1994 3236
634 226 640 230 „
689 169 1141 215 PROLEGOMENA

243 289 403 332 Pmm
451 285 676 330 Naturali
713 284 927 329 Historia
967 284 1132 342 passim
1177 298 1283 327 usus
1322 287 1400 328 est.
1458 283 1527 327 De
1566 297 1649 326 usu

183 357 391 402 breuiarii
430 355 602 399 saeculo
640 357 799 412 quarto
837 353 1029 405 conflati,
1069 353 1140 396 cui
1185 367 1345 396 nomen
1384 356 1452 396 est
1490 353 1650 396 Plinii

181 425 425 476 Medicina,
456 424 672 467 incertum
693 426 772 466 est.
831 422 887 466 In
917 421 1085 465 Polior.
1107 422 1164 464 vi.
1190 434 1242 466 12
1271 422 1396 465 uelut
1421 437 1478 465 ex
1506 422 1650 464 Plinio

181 494 320 539 refert
353 507 465 551 quae
496 507 598 536 uere
631 492 773 535 Gellio
812 491 1054 542 debentur;
1105 495 1150 534 et
1189 506 1302 547 quae
1343 491 1390 533 in
1430 492 1458 536 i.
1499 505 1550 548 13
1593 507 1648 534 ex

182 563 332 608 eodem
357 563 468 606 citat
497 561 551 605 de
579 561 726 604 omine
755 575 844 604 non
874 560 1074 603 infausto
1103 575 1130 603 a
1148 560 1336 617 femina
1363 574 1478 616 quae
1504 562 1649 616 capite

180 633 448 690 discooperto
467 631 648 683 incedit,
668 630 798 673 modo
819 630 856 673 si
877 630 937 673 sit
956 629 1183 680 mereti-iit,
1200 633 1390 686 accepto,
1405 643 1486 686 ego
1506 644 1648 685 neque

180 702 298 760 apud
318 701 511 744 Plinium
535 715 676 757 neque
697 699 804 742 alibi
824 699 1025 742 inuenire
1051 698 1190 756 potui.
1251 698 1306 741 In
1330 698 1419 741 viii.
1447 708 1470 753 7
1503 698 1646 741 locum

181 771 314 815 Plinii
329 785 386 814 ex
405 769 628 814 Macrobio
646 769 770 812 citat.

238 841 470 884 FRONTINI
491 840 846 895 Strateye‘maton
864 838 1029 881 librum
1049 838 1302 895 saepissime
1321 836 1488 888 laudat,
1515 851 1646 893 quem

179 911 554 966 Strateyemmata
592 910 732 951 uocat.
802 907 858 951 In
897 907 1064 952 Polior.
1107 907 1163 950 vi.
1209 920 1275 959 11,
1319 906 1397 949 ubi
1437 906 1491 949 de
1530 906 1646 949 libro

180 981 338 1038 quarto
373 978 524 1036 agitur
562 978 638 1035 qui
678 977 733 1020 de
776 977 1039 1033 Strateyicis
1077 980 1157 1028 est,
1197 977 1260 1020 sic
1298 976 1390 1019 ait:
1440 976 1647 1030 Quartus

178 1047 292 1093 liber
329 1045 845 1104 Strateyemmaticorum
880 1046 1002 1090 Iulii
1043 1046 1276 1091 Frontini.
1338 1045 1456 1088 Nam
1490 1049 1644 1088 strate-

177 1116 444 1175 9emmatica
465 1116 586 1174 legit,
599 1116 675 1159 ubi
696 1116 854 1159 melius
880 1116 1118 1172 strateyica
1139 1116 1357 1174 posuisset
1376 1115 1536 1159 codicis
1558 1130 1645 1172 quo

178 1201 284 1230 usus
314 1190 382 1230 est
408 1186 619 1243 script0r;
647 1185 750 1228 uide
780 1185 1175 1229 Gundermannum
1207 1186 1254 1228 in
1283 1185 1559 1243 praefatione
1587 1186 1644 1227 ad

110 1296 115 1304 .
178 1256 415 1300 editionem
445 1255 795 1299 Teubnerianam
825 1270 868 1313 p.
899 1256 993 1307 xiii,
1021 1256 1097 1312 qui
1126 1256 1273 1307 etiam,
1301 1270 1343 1313 p.
1373 1255 1420 1297 xi
1448 1255 1643 1298 eiusdem

179 1325 479 1384 praefationis,
509 1325 564 1369 de
597 1324 780 1368 Ioannis
811 1325 952 1368 nostri
986 1340 1086 1368 cum
1126 1325 1272 1369 codice
1309 1325 1508 1368 Parisino
1542 1340 1643 1367 con-

177 1395 404 1439 uenientia
432 1398 478 1439 et
506 1394 753 1438 uariatione
787 1409 815 1437 a
843 1395 1002 1438 ceteris
1038 1395 1241 1438 Frontini
1277 1394 1499 1437 codicibus
1534 1396 1644 1437 satis

176 1463 432 1521 disputauit.
493 1463 757 1520 Quanquam
777 1463 842 1506 ait
862 1463 1050 1506 Ioannes
1070 1464 1117 1506 in
1133 1463 1300 1506 Polior.
1317 1463 1376 1508 vi.
1402 1476 1453 1506 12
1472 1464 1546 1519 <60
1548 1476 1574 1518 5
1590 1467 1642 1511 A,

178 1535 355 1577 nostrae
387 1532 594 1577 editionis
626 1533 669 1576 ii.
702 1546 770 1590 30.
808 1534 908 1589 29):
950 1532 1004 1575 Vt
1040 1534 1222 1576 redeam
1248 1531 1311 1576 ad
1345 1532 1643 1583 Frontinum,

177 1605 327 1646 tamen
347 1617 459 1660 quae
487 1605 734 1660 sequuntur
763 1617 819 1645 ex
846 1602 988 1646 Gellio
1014 1604 1261 1660 prodeunt3
1291 1617 1421 1660 quem
1449 1617 1641 1645 errorem

178 1686 234 1716 ex
260 1672 342 1716 hoe
364 1675 511 1716 ortum
539 1687 632 1715 esse
659 1673 866 1730 suspicor,
888 1672 1006 1729 quod
1027 1673 1233 1716 Frontini
1254 1673 1312 1715 iv.
1340 1686 1354 1714 1
1384 1673 1407 1728 ξ
1429 1673 1478 1714 18
1506 1687 1643 1729 supra

177 1741 392 1786 citauerat
412 1745 458 1785 et
479 1742 595 1798 quod
616 1756 644 1784 a
662 1742 840 1785 nomine
867 1741 1015 1786 Crassi
1044 1742 1264 1799 incipiunt
1287 1745 1333 1785 et
1360 1741 1480 1785 locus
1508 1742 1640 1784 Gellii

179 1825 309 1869 quem
328 1812 475 1869 pergit
494 1811 660 1855 referre
680 1815 725 1855 et
744 1811 942 1855 clausula
964 1812 1168 1855 Frontini
1189 1812 1246 1854 iv.
1274 1826 1289 1854 1
1317 1813 1340 1868 ᾧ
1365 1825 1429 1866 19.

234 1879 399 1924 TAOI'H
430 1895 564 1938 opera
593 1895 810 1938 nusquam
839 1881 962 1932 citat,
994 1896 1154 1924 nomen
1184 1884 1346 1931 autem,
1376 1881 1493 1938 quod
1521 1882 1641 1937 apud

177 1949 380 1993 Orosium
405 1949 636 1993 laudatum
663 1950 863 1994 inuenire
890 1951 1051 2008 potuit,
1071 1952 1191 1995 inter
1216 1951 1306 1994 alia
1324 1950 1641 1994 historicorum

107 2079 110 2082 Α
177 2017 224 2061 111
243 2018 405 2063 Polior.
426 2019 518 2062 viii.
543 2021 594 2063 18
614 2024 935 2063 commemorat.

235 2087 547 2141 QVINTILIANI
568 2089 866 2133 Institutione
890 2089 1120 2144 Oratoria,
1140 2104 1271 2147 quem
1301 2090 1348 2132 in
1376 2089 1542 2133 Polior.
1565 2090 1639 2131 vii.

179 2169 218 2211 9,
241 2169 296 2208 14
314 2157 475 2200 librum
491 2158 545 2201 de
564 2157 861 2202 Institutione
877 2158 1082 2202 Oratoris
1100 2162 1243 2211 uocat,
1258 2159 1422 2217 passim
1437 2174 1543 2202 usus
1561 2164 1637 2201 est.

235 2225 506 2271 Manrnms
559 2227 912 2284 Epiyrammata
966 2229 1220 2286 saepissime
1282 2229 1403 2272 citat.
1503 2229 1638 2270 Illum

178 2293 440 2339 Martialem
459 2298 591 2340 semel
607 2300 796 2350 tantum,
813 2298 1017 2354 Coquum
1033 2299 1128 2341 siue
1144 2299 1308 2342 Cocum
1324 2303 1395 2342 ter
1414 2298 1615 2341 nominat
1629 2314 1637 2348 ;

179 2363 233 2407 de
258 2363 338 2407 hoc
366 2365 622 2422 cognomine
650 2366 760 2409 uide·
779 2367 1143 2410 commentarium
1171 2370 1373 2411 nostrum
1393 2367 1451 2410 ad
1470 2366 1637 2410 Polior.

179 2432 252 2476 vii.
277 2446 342 2486 12,
363 2435 448 2490 665
470 2435 520 2487 B,
541 2438 716 2479 nostrae
737 2435 943 2479 editionis
963 2437 1072 2480 tomi
1093 2437 1138 2480 ii.
1165 2450 1260 2489 142.
1289 2438 1353 2480 18.

236 2501 487 2556 Ivvmmm
522 2505 756 2561 Aquinate
787 2510 950 2558 nostro,
985 2520 1128 2562 quem,
1165 2510 1218 2549 ut
1249 2506 1383 2550 etiam
1424 2505 1637 2558 Persium,

178 2570 414 2628 aliquando
431 2573 686 2627 satiricum,
707 2575 945 2632 aliquando
969 2575 1164 2619 ethicum
1184 2578 1326 2627 uocat,
1347 2575 1511 2633 passim
1531 2590 1638 2618 usus

180 2638 259 2688 est,
278 2651 418 2694 neque
438 2643 506 2682 est
531 2639 648 2684 ullus
675 2641 864 2699 scriptor
889 2641 1104 2699 profanus
1129 2643 1255 2686 cuius
1281 2643 1385 2686 stilo
1414 2646 1460 2686 et
1488 2643 1638 2685 uerbis

180 2704 321 2762 magis
339 2706 398 2750 sit
419 2707 626 2752 imbutus.

238 2773 399 2837 Pmuu
434 2776 646 2822 Ivmoxus
689 2778 1006 2836 Epistolarum
1049 2780 1222 2824 nullum
1272 2783 1442 2825 certum
1480 2784 1549 2824 est
1589 2782 1635 2823 in

245 2865 328 2886 vm
349 2865 364 2887 1
890 2863 915 2893 θ
1372 2850 1521 2893 xxxni
