<?xml version="1.0" encoding="UTF-8"?>
<!DOCTYPE html PUBLIC "-//W3C//DTD XHTML 1.0 Transitional//EN"
    "http://www.w3.org/TR/xhtml1/DTD/xhtml1-transitional.dtd">
<html xmlns="http://www.w3.org/1999/xhtml" xml:lang="en" lang="en">
 <head>
  <title>
</title>
<meta http-equiv="Content-Type" content="text/html;charset=utf-8" />
  <meta name='ocr-system' content='tesseract 3.04.00' />
  <meta name='ocr-capabilities' content='ocr_page ocr_carea ocr_par ocr_line ocrx_word'/>
</head>
<body>
  <div class='ocr_page' id='page_1' title='image "./policraticisived01john_0025.png"; bbox 0 0 1994 3236; ppageno 0'>
   <div class='ocr_carea' id='block_1_1' title="bbox 709 191 1164 238">
    <p class='ocr_par' dir='ltr' id='par_1_1' title="bbox 709 191 1164 238">
     <span class='ocr_line' id='line_1_1' title="bbox 709 191 1164 238; baseline -0.007 -1"><span class='ocrx_word' id='word_1_1' title='bbox 709 191 1164 238; x_wconf 85' lang='lat' dir='ltr'><strong>PROLEGOMENA</strong></span> 
     </span>
    </p>
   </div>
   <div class='ocr_carea' id='block_1_2' title="bbox 203 306 1669 770">
    <p class='ocr_par' dir='ltr' id='par_1_2' title="bbox 203 306 1669 770">
     <span class='ocr_line' id='line_1_2' title="bbox 206 306 1669 367; baseline -0.005 -11"><span class='ocrx_word' id='word_1_2' title='bbox 206 310 470 356; x_wconf 73' lang='lat' dir='ltr'>Policratici</span> <span class='ocrx_word' id='word_1_3' title='bbox 500 310 566 354; x_wconf 91' lang='lat' dir='ltr'>ed.</span> <span class='ocrx_word' id='word_1_4' title='bbox 602 309 743 367; x_wconf 87' lang='lat' dir='ltr'>Lugd.</span> <span class='ocrx_word' id='word_1_5' title='bbox 779 309 937 352; x_wconf 88' lang='lat' dir='ltr'>Batau.</span> <span class='ocrx_word' id='word_1_6' title='bbox 975 317 1100 364; x_wconf 86' lang='lat'>1595,</span> <span class='ocrx_word' id='word_1_7' title='bbox 1131 307 1250 350; x_wconf 89' lang='lat' dir='ltr'>notis</span> <span class='ocrx_word' id='word_1_8' title='bbox 1285 321 1420 350; x_wconf 90' lang='lat' dir='ltr'>manu</span> <span class='ocrx_word' id='word_1_9' title='bbox 1454 306 1669 350; x_wconf 88' lang='lat' dir='ltr'>Ieremiae</span> 
     </span>
     <span class='ocr_line' id='line_1_3' title="bbox 206 375 1668 436; baseline -0.004 -12"><span class='ocrx_word' id='word_1_10' title='bbox 206 380 443 424; x_wconf 82' lang='lat' dir='ltr'><strong>Markland</strong></span> <span class='ocrx_word' id='word_1_11' title='bbox 491 379 539 422; x_wconf 91' lang='lat' dir='ltr'>in</span> <span class='ocrx_word' id='word_1_12' title='bbox 587 378 787 436; x_wconf 82' lang='lat' dir='ltr'>margine</span> <span class='ocrx_word' id='word_1_13' title='bbox 838 377 1014 434; x_wconf 88' lang='lat' dir='ltr'>scriptis</span> <span class='ocrx_word' id='word_1_14' title='bbox 1065 377 1348 429; x_wconf 89' lang='lat' dir='ltr'>instructum,</span> <span class='ocrx_word' id='word_1_15' title='bbox 1397 391 1508 433; x_wconf 89' lang='lat' dir='ltr'>quae</span> <span class='ocrx_word' id='word_1_16' title='bbox 1557 375 1668 418; x_wconf 92' lang='lat' dir='ltr'>mihi</span> 
     </span>
     <span class='ocr_line' id='line_1_4' title="bbox 206 445 1666 502; baseline -0.005 -9"><span class='ocrx_word' id='word_1_17' title='bbox 206 449 386 494; x_wconf 87' lang='lat' dir='ltr'>Ioannis</span> <span class='ocrx_word' id='word_1_18' title='bbox 422 447 762 492; x_wconf 87' lang='lat' dir='ltr'>Saresberiensis</span> <span class='ocrx_word' id='word_1_19' title='bbox 794 446 1056 490; x_wconf 90' lang='lat' dir='ltr'>eruditionis</span> <span class='ocrx_word' id='word_1_20' title='bbox 1091 445 1238 488; x_wconf 84' lang='lat' dir='ltr'>fontes</span> <span class='ocrx_word' id='word_1_21' title='bbox 1273 445 1478 501; x_wconf 89' lang='lat' dir='ltr'>antiquos</span> <span class='ocrx_word' id='word_1_22' title='bbox 1513 445 1666 502; x_wconf 83' lang='lat' dir='ltr'>exqui-</span> 
     </span>
     <span class='ocr_line' id='line_1_5' title="bbox 205 514 1666 572; baseline -0.004 -10"><span class='ocrx_word' id='word_1_23' title='bbox 205 519 320 562; x_wconf 89' lang='lat' dir='ltr'>renti</span> <span class='ocrx_word' id='word_1_24' title='bbox 368 517 715 562; x_wconf 89' lang='lat' dir='ltr'>commodissime</span> <span class='ocrx_word' id='word_1_25' title='bbox 754 518 860 559; x_wconf 90' lang='lat' dir='ltr'>sunt</span> <span class='ocrx_word' id='word_1_26' title='bbox 897 515 1155 572; x_wconf 87' lang='lat' dir='ltr'>opitulatae.</span> <span class='ocrx_word' id='word_1_27' title='bbox 1235 514 1579 557; x_wconf 87' lang='lat' dir='ltr'>Dissertationes</span> <span class='ocrx_word' id='word_1_28' title='bbox 1618 514 1666 556; x_wconf 92' lang='lat' dir='ltr'>B.</span> 
     </span>
     <span class='ocr_line' id='line_1_6' title="bbox 204 583 1669 644; baseline -0.003 -13"><span class='ocrx_word' id='word_1_29' title='bbox 204 587 423 631; x_wconf 83' lang='lat' dir='ltr'>Thorlacii</span> <span class='ocrx_word' id='word_1_30' title='bbox 461 586 684 644; x_wconf 89' lang='lat' dir='ltr'>(Hauniae</span> <span class='ocrx_word' id='word_1_31' title='bbox 727 584 867 642; x_wconf 90' lang='lat'>1819),</span> <span class='ocrx_word' id='word_1_32' title='bbox 908 584 964 626; x_wconf 92' lang='lat' dir='ltr'>H.</span> <span class='ocrx_word' id='word_1_33' title='bbox 1007 584 1055 626; x_wconf 87' lang='lat' dir='ltr'>F.</span> <span class='ocrx_word' id='word_1_34' title='bbox 1097 583 1278 626; x_wconf 86' lang='lat' dir='ltr'>Reuteri</span> <span class='ocrx_word' id='word_1_35' title='bbox 1319 583 1478 637; x_wconf 91' lang='lat' dir='ltr'>(Berol.</span> <span class='ocrx_word' id='word_1_36' title='bbox 1527 583 1669 638; x_wconf 87' lang='lat'>1842),</span> 
     </span>
     <span class='ocr_line' id='line_1_7' title="bbox 203 652 1666 714; baseline -0.004 -14"><span class='ocrx_word' id='word_1_37' title='bbox 203 658 263 701; x_wconf 89' lang='lat' dir='ltr'>M.</span> <span class='ocrx_word' id='word_1_38' title='bbox 289 655 542 700; x_wconf 90' lang='lat' dir='ltr'>Demimuid</span> <span class='ocrx_word' id='word_1_39' title='bbox 566 654 681 714; x_wconf 89' lang='lat' dir='ltr'>(Par.</span> <span class='ocrx_word' id='word_1_40' title='bbox 712 654 853 711; x_wconf 85' lang='lat'>1873),</span> <span class='ocrx_word' id='word_1_41' title='bbox 879 667 1132 711; x_wconf 82' lang='lat' dir='ltr'><strong>quanquam</strong></span> <span class='ocrx_word' id='word_1_42' title='bbox 1159 652 1345 710; x_wconf 83' lang='lat' dir='ltr'>inspexi,</span> <span class='ocrx_word' id='word_1_43' title='bbox 1365 666 1421 695; x_wconf 85' lang='lat' dir='ltr'>ex</span> <span class='ocrx_word' id='word_1_44' title='bbox 1445 666 1527 695; x_wconf 91' lang='lat' dir='ltr'>usu</span> <span class='ocrx_word' id='word_1_45' title='bbox 1556 652 1666 694; x_wconf 90' lang='lat' dir='ltr'>mihi</span> 
     </span>
     <span class='ocr_line' id='line_1_8' title="bbox 203 725 505 770; baseline -0.007 0"><span class='ocrx_word' id='word_1_46' title='bbox 203 741 291 770; x_wconf 91' lang='lat' dir='ltr'>non</span> <span class='ocrx_word' id='word_1_47' title='bbox 312 725 505 769; x_wconf 79' lang='lat' dir='ltr'>fuerunt.</span> 
     </span>
    </p>
   </div>
   <div class='ocr_carea' id='block_1_3' title="bbox 890 880 974 937">
    <p class='ocr_par' dir='ltr' id='par_1_3' title="bbox 890 880 974 937">
     <span class='ocr_line' id='line_1_9' title="bbox 890 880 974 937; baseline -0.06 0"><span class='ocrx_word' id='word_1_48' title='bbox 890 880 974 937; x_wconf 69' lang='lat'>§4</span> 
     </span>
    </p>
   </div>
   <div class='ocr_carea' id='block_1_4' title="bbox 199 978 1667 1250">
    <p class='ocr_par' dir='ltr' id='par_1_4' title="bbox 199 978 1667 1250">
     <span class='ocr_line' id='line_1_10' title="bbox 260 978 1667 1039; baseline -0.006 -11"><span class='ocrx_word' id='word_1_49' title='bbox 260 983 326 1028; x_wconf 90' lang='lat' dir='ltr'>De</span> <span class='ocrx_word' id='word_1_50' title='bbox 345 998 467 1028; x_wconf 86' lang='lat' dir='ltr'>meae</span> <span class='ocrx_word' id='word_1_51' title='bbox 491 983 698 1027; x_wconf 72' lang='lat' dir='ltr'>editionis</span> <span class='ocrx_word' id='word_1_52' title='bbox 718 982 888 1026; x_wconf 87' lang='lat' dir='ltr'>ratione</span> <span class='ocrx_word' id='word_1_53' title='bbox 912 996 1053 1039; x_wconf 88' lang='lat' dir='ltr'>pauca</span> <span class='ocrx_word' id='word_1_54' title='bbox 1076 981 1231 1024; x_wconf 86' lang='lat' dir='ltr'>dicam.</span> <span class='ocrx_word' id='word_1_55' title='bbox 1292 980 1484 1023; x_wconf 84' lang='lat' dir='ltr'>Textum</span> <span class='ocrx_word' id='word_1_56' title='bbox 1505 978 1667 1022; x_wconf 88' lang='lat' dir='ltr'>codicis</span> 
     </span>
     <span class='ocr_line' id='line_1_11' title="bbox 204 1049 1665 1110; baseline -0.004 -13"><span class='ocrx_word' id='word_1_57' title='bbox 204 1053 547 1104; x_wconf 84' lang='lat' dir='ltr'>Cantuariensis,</span> <span class='ocrx_word' id='word_1_58' title='bbox 578 1053 741 1110; x_wconf 86' lang='lat' dir='ltr'>quippe</span> <span class='ocrx_word' id='word_1_59' title='bbox 771 1052 847 1109; x_wconf 91' lang='lat' dir='ltr'>qui</span> <span class='ocrx_word' id='word_1_60' title='bbox 877 1051 924 1095; x_wconf 88' lang='lat' dir='ltr'>S.</span> <span class='ocrx_word' id='word_1_61' title='bbox 954 1051 1148 1095; x_wconf 86' lang='lat' dir='ltr'>Thomae</span> <span class='ocrx_word' id='word_1_62' title='bbox 1178 1051 1330 1109; x_wconf 89' lang='lat' dir='ltr'>ipsius,</span> <span class='ocrx_word' id='word_1_63' title='bbox 1359 1050 1430 1094; x_wconf 89' lang='lat' dir='ltr'>cui</span> <span class='ocrx_word' id='word_1_64' title='bbox 1461 1049 1665 1093; x_wconf 75' lang='lat' dir='ltr'>Policra-</span> 
     </span>
     <span class='ocr_line' id='line_1_12' title="bbox 201 1117 1665 1174; baseline -0.005 -7"><span class='ocrx_word' id='word_1_65' title='bbox 201 1122 345 1167; x_wconf 67' lang='lat' dir='ltr'>tv‘aewm</span> <span class='ocrx_word' id='word_1_66' title='bbox 384 1137 511 1166; x_wconf 91' lang='lat' dir='ltr'>suum</span> <span class='ocrx_word' id='word_1_67' title='bbox 553 1122 776 1171; x_wconf 88' lang='lat' dir='ltr'>dedicauit</span> <span class='ocrx_word' id='word_1_68' title='bbox 814 1124 979 1174; x_wconf 89' lang='lat' dir='ltr'>auctor,</span> <span class='ocrx_word' id='word_1_69' title='bbox 1020 1121 1125 1164; x_wconf 90' lang='lat' dir='ltr'>olim</span> <span class='ocrx_word' id='word_1_70' title='bbox 1166 1120 1304 1164; x_wconf 82' lang='lat' dir='ltr'>fuerit</span> <span class='ocrx_word' id='word_1_71' title='bbox 1345 1120 1469 1171; x_wconf 89' lang='lat' dir='ltr'>liber,</span> <span class='ocrx_word' id='word_1_72' title='bbox 1508 1117 1665 1162; x_wconf 87' lang='lat' dir='ltr'>ceteris</span> 
     </span>
     <span class='ocr_line' id='line_1_13' title="bbox 199 1188 1664 1250; baseline -0.005 -14"><span class='ocrx_word' id='word_1_73' title='bbox 199 1192 380 1249; x_wconf 87' lang='lat' dir='ltr'>paribus</span> <span class='ocrx_word' id='word_1_74' title='bbox 399 1192 523 1250; x_wconf 87' lang='lat' dir='ltr'>sequi</span> <span class='ocrx_word' id='word_1_75' title='bbox 544 1192 690 1245; x_wconf 91' lang='lat' dir='ltr'>uolui;</span> <span class='ocrx_word' id='word_1_76' title='bbox 723 1192 794 1235; x_wconf 92' lang='lat' dir='ltr'>cui</span> <span class='ocrx_word' id='word_1_77' title='bbox 814 1195 964 1235; x_wconf 88' lang='lat' dir='ltr'>tamen</span> <span class='ocrx_word' id='word_1_78' title='bbox 991 1190 1178 1234; x_wconf 87' lang='lat' dir='ltr'>aliorum</span> <span class='ocrx_word' id='word_1_79' title='bbox 1206 1190 1405 1233; x_wconf 87' lang='lat' dir='ltr'>codicum</span> <span class='ocrx_word' id='word_1_80' title='bbox 1433 1188 1664 1231; x_wconf 86' lang='lat' dir='ltr'>lectionem</span> 
     </span>
    </p>
   </div>
   <div class='ocr_carea' id='block_1_5' title="bbox 35 1256 1665 1325">
    <p class='ocr_par' dir='ltr' id='par_1_5' title="bbox 35 1256 1665 1325">
     <span class='ocr_line' id='line_1_14' title="bbox 35 1256 1665 1325; baseline -0.004 -20"><span class='ocrx_word' id='word_1_81' title='bbox 35 1263 45 1325; x_wconf 39' lang='grc' dir='ltr'><em>ᾗ</em></span> <span class='ocrx_word' id='word_1_82' title='bbox 126 1278 131 1282; x_wconf 83' lang='grc'><em>·</em></span> <span class='ocrx_word' id='word_1_83' title='bbox 202 1260 425 1305; x_wconf 89' lang='lat' dir='ltr'>interdum</span> <span class='ocrx_word' id='word_1_84' title='bbox 445 1261 667 1319; x_wconf 88' lang='lat' dir='ltr'>praeferre</span> <span class='ocrx_word' id='word_1_85' title='bbox 692 1276 781 1304; x_wconf 92' lang='lat' dir='ltr'>non</span> <span class='ocrx_word' id='word_1_86' title='bbox 803 1261 955 1312; x_wconf 86' lang='lat' dir='ltr'>metui,</span> <span class='ocrx_word' id='word_1_87' title='bbox 975 1260 1235 1318; x_wconf 85' lang='lat' dir='ltr'>praesertim</span> <span class='ocrx_word' id='word_1_88' title='bbox 1256 1273 1356 1302; x_wconf 91' lang='lat' dir='ltr'>cum</span> <span class='ocrx_word' id='word_1_89' title='bbox 1382 1273 1409 1301; x_wconf 91' lang='lat' dir='ltr'>a</span> <span class='ocrx_word' id='word_1_90' title='bbox 1433 1256 1665 1301; x_wconf 84' lang='lat' dir='ltr'>mediocris</span> 
     </span>
    </p>
   </div>
   <div class='ocr_carea' id='block_1_6' title="bbox 196 1326 1665 2293">
    <p class='ocr_par' dir='ltr' id='par_1_6' title="bbox 198 1326 1665 1806">
     <span class='ocr_line' id='line_1_15' title="bbox 199 1326 1663 1389; baseline -0.004 -15"><span class='ocrx_word' id='word_1_91' title='bbox 199 1333 375 1375; x_wconf 88' lang='lat' dir='ltr'>tantum</span> <span class='ocrx_word' id='word_1_92' title='bbox 396 1331 563 1389; x_wconf 86' lang='lat' dir='ltr'>ingenii</span> <span class='ocrx_word' id='word_1_93' title='bbox 583 1331 727 1374; x_wconf 89' lang='lat' dir='ltr'>scriba</span> <span class='ocrx_word' id='word_1_94' title='bbox 747 1330 903 1374; x_wconf 88' lang='lat' dir='ltr'>saltem</span> <span class='ocrx_word' id='word_1_95' title='bbox 925 1344 980 1373; x_wconf 82' lang='lat' dir='ltr'>ex</span> <span class='ocrx_word' id='word_1_96' title='bbox 1001 1332 1127 1387; x_wconf 85' lang='lat' dir='ltr'>parte</span> <span class='ocrx_word' id='word_1_97' title='bbox 1147 1329 1338 1386; x_wconf 88' lang='lat' dir='ltr'>scriptus</span> <span class='ocrx_word' id='word_1_98' title='bbox 1359 1342 1451 1371; x_wconf 87' lang='lat' dir='ltr'>esse</span> <span class='ocrx_word' id='word_1_99' title='bbox 1472 1326 1663 1370; x_wconf 88' lang='lat' dir='ltr'>uidetur.</span> 
     </span>
     <span class='ocr_line' id='line_1_16' title="bbox 201 1396 1664 1456; baseline -0.004 -12"><span class='ocrx_word' id='word_1_100' title='bbox 201 1399 298 1454; x_wconf 87' lang='lat' dir='ltr'>Quo</span> <span class='ocrx_word' id='word_1_101' title='bbox 313 1400 361 1443; x_wconf 89' lang='lat' dir='ltr'>in</span> <span class='ocrx_word' id='word_1_102' title='bbox 375 1400 521 1444; x_wconf 86' lang='lat' dir='ltr'>codice</span> <span class='ocrx_word' id='word_1_103' title='bbox 541 1415 640 1444; x_wconf 90' lang='lat' dir='ltr'>cum</span> <span class='ocrx_word' id='word_1_104' title='bbox 657 1413 975 1456; x_wconf 86' lang='lat' dir='ltr'>nonnunquam</span> <span class='ocrx_word' id='word_1_105' title='bbox 992 1413 1012 1454; x_wconf 68' lang='lat' dir='ltr'><em>q</em></span> <span class='ocrx_word' id='word_1_106' title='bbox 1027 1399 1120 1443; x_wconf 92' lang='lat' dir='ltr'>loco</span> <span class='ocrx_word' id='word_1_107' title='bbox 1141 1398 1407 1455; x_wconf 78' lang='lat' dir='ltr'>diphthongi</span> <span class='ocrx_word' id='word_1_108' title='bbox 1421 1412 1472 1440; x_wconf 81' lang='lat' dir='ltr'>ae</span> <span class='ocrx_word' id='word_1_109' title='bbox 1488 1396 1664 1454; x_wconf 86' lang='lat' dir='ltr'>legitur,</span> 
     </span>
     <span class='ocr_line' id='line_1_17' title="bbox 198 1466 1665 1528; baseline -0.005 -14"><span class='ocrx_word' id='word_1_110' title='bbox 198 1483 279 1528; x_wconf 85' lang='lat' dir='ltr'>ego</span> <span class='ocrx_word' id='word_1_111' title='bbox 306 1484 358 1514; x_wconf 78' lang='lat' dir='ltr'>ae</span> <span class='ocrx_word' id='word_1_112' title='bbox 377 1472 631 1515; x_wconf 69' lang='lat' dir='ltr'><strong>constanter</strong></span> <span class='ocrx_word' id='word_1_113' title='bbox 657 1469 811 1527; x_wconf 80' lang='lat' dir='ltr'>scripsi</span> <span class='ocrx_word' id='word_1_114' title='bbox 838 1469 926 1520; x_wconf 90' lang='lat' dir='ltr'>ubi,</span> <span class='ocrx_word' id='word_1_115' title='bbox 949 1469 986 1512; x_wconf 87' lang='lat' dir='ltr'>si</span> <span class='ocrx_word' id='word_1_116' title='bbox 1010 1483 1031 1512; x_wconf 81' lang='lat' dir='ltr'>e</span> <span class='ocrx_word' id='word_1_117' title='bbox 1051 1468 1336 1526; x_wconf 82' lang='lat' dir='ltr'>scripsissem,</span> <span class='ocrx_word' id='word_1_118' title='bbox 1357 1466 1463 1510; x_wconf 87' lang='lat' dir='ltr'>oriri</span> <span class='ocrx_word' id='word_1_119' title='bbox 1488 1468 1665 1523; x_wconf 88' lang='lat' dir='ltr'>poterat</span> 
     </span>
     <span class='ocr_line' id='line_1_18' title="bbox 198 1537 1664 1597; baseline -0.004 -14"><span class='ocrx_word' id='word_1_120' title='bbox 198 1539 477 1597; x_wconf 75' lang='lat' dir='ltr'>ambiguitas.</span> <span class='ocrx_word' id='word_1_121' title='bbox 536 1539 657 1583; x_wconf 77' lang='lat' dir='ltr'>Prae</span> <span class='ocrx_word' id='word_1_122' title='bbox 695 1539 860 1596; x_wconf 88' lang='lat' dir='ltr'>ubique</span> <span class='ocrx_word' id='word_1_123' title='bbox 899 1538 1066 1596; x_wconf 85' lang='lat' dir='ltr'>scripsi.</span> <span class='ocrx_word' id='word_1_124' title='bbox 1128 1537 1323 1580; x_wconf 75' lang='lat' dir='ltr'>Litteras</span> <span class='ocrx_word' id='word_1_125' title='bbox 1358 1551 1379 1579; x_wconf 87' lang='lat' dir='ltr'>c</span> <span class='ocrx_word' id='word_1_126' title='bbox 1412 1540 1458 1579; x_wconf 86' lang='lat' dir='ltr'>et</span> <span class='ocrx_word' id='word_1_127' title='bbox 1490 1540 1517 1586; x_wconf 84' lang='lat' dir='ltr'>t,</span> <span class='ocrx_word' id='word_1_128' title='bbox 1554 1549 1664 1592; x_wconf 93' lang='lat' dir='ltr'>quas</span> 
     </span>
     <span class='ocr_line' id='line_1_19' title="bbox 199 1607 1662 1665; baseline -0.003 -13"><span class='ocrx_word' id='word_1_129' title='bbox 199 1608 279 1652; x_wconf 84' lang='lat' dir='ltr'>uix</span> <span class='ocrx_word' id='word_1_130' title='bbox 309 1609 565 1652; x_wconf 89' lang='lat' dir='ltr'>discernunt</span> <span class='ocrx_word' id='word_1_131' title='bbox 594 1609 697 1652; x_wconf 90' lang='lat' dir='ltr'>libri</span> <span class='ocrx_word' id='word_1_132' title='bbox 726 1608 1030 1665; x_wconf 89' lang='lat' dir='ltr'>manuscripti,</span> <span class='ocrx_word' id='word_1_133' title='bbox 1053 1622 1142 1651; x_wconf 91' lang='lat' dir='ltr'>non</span> <span class='ocrx_word' id='word_1_134' title='bbox 1170 1607 1227 1650; x_wconf 90' lang='lat' dir='ltr'>ad</span> <span class='ocrx_word' id='word_1_135' title='bbox 1247 1607 1435 1650; x_wconf 90' lang='lat' dir='ltr'>istorum</span> <span class='ocrx_word' id='word_1_136' title='bbox 1462 1620 1662 1648; x_wconf 86' lang='lat' dir='ltr'>normam</span> 
     </span>
     <span class='ocr_line' id='line_1_20' title="bbox 198 1675 1662 1726; baseline -0.003 -4"><span class='ocrx_word' id='word_1_137' title='bbox 198 1678 274 1721; x_wconf 84' lang='lat' dir='ltr'>sed</span> <span class='ocrx_word' id='word_1_138' title='bbox 293 1678 533 1722; x_wconf 83' lang='lat' dir='ltr'>secundum</span> <span class='ocrx_word' id='word_1_139' title='bbox 554 1678 702 1722; x_wconf 88' lang='lat' dir='ltr'>Latini</span> <span class='ocrx_word' id='word_1_140' title='bbox 723 1678 936 1722; x_wconf 89' lang='lat' dir='ltr'>sermonis</span> <span class='ocrx_word' id='word_1_141' title='bbox 955 1692 1122 1721; x_wconf 87' lang='lat' dir='ltr'>morem</span> <span class='ocrx_word' id='word_1_142' title='bbox 1143 1677 1342 1726; x_wconf 77' lang='lat' dir='ltr'>distinxi,</span> <span class='ocrx_word' id='word_1_143' title='bbox 1363 1690 1443 1719; x_wconf 89' lang='lat' dir='ltr'>nec</span> <span class='ocrx_word' id='word_1_144' title='bbox 1462 1675 1662 1719; x_wconf 89' lang='lat' dir='ltr'>codicum</span> 
     </span>
     <span class='ocr_line' id='line_1_21' title="bbox 200 1747 893 1806; baseline 0.003 -16"><span class='ocrx_word' id='word_1_145' title='bbox 200 1747 255 1791; x_wconf 88' lang='lat' dir='ltr'>de</span> <span class='ocrx_word' id='word_1_146' title='bbox 274 1747 343 1792; x_wconf 90' lang='lat' dir='ltr'>his</span> <span class='ocrx_word' id='word_1_147' title='bbox 363 1747 704 1806; x_wconf 79' lang='lat' dir='ltr'>discrepantiam</span> <span class='ocrx_word' id='word_1_148' title='bbox 726 1748 893 1792; x_wconf 88' lang='lat' dir='ltr'>rettuli.</span> 
     </span>
    </p>

    <p class='ocr_par' dir='ltr' id='par_1_7' title="bbox 196 1814 1663 2293">
     <span class='ocr_line' id='line_1_22' title="bbox 254 1814 1663 1875; baseline -0.003 -15"><span class='ocrx_word' id='word_1_149' title='bbox 254 1817 310 1860; x_wconf 93' lang='lat' dir='ltr'>In</span> <span class='ocrx_word' id='word_1_150' title='bbox 344 1821 562 1875; x_wconf 85' lang='lat' dir='ltr'>apparatu</span> <span class='ocrx_word' id='word_1_151' title='bbox 602 1818 755 1862; x_wconf 88' lang='lat' dir='ltr'>critico</span> <span class='ocrx_word' id='word_1_152' title='bbox 788 1817 1082 1861; x_wconf 89' lang='lat' dir='ltr'>uariationem</span> <span class='ocrx_word' id='word_1_153' title='bbox 1126 1831 1153 1859; x_wconf 91' lang='lat' dir='ltr'>a</span> <span class='ocrx_word' id='word_1_154' title='bbox 1188 1819 1318 1859; x_wconf 87' lang='lat' dir='ltr'>textu</span> <span class='ocrx_word' id='word_1_155' title='bbox 1353 1815 1400 1858; x_wconf 92' lang='lat' dir='ltr'>in</span> <span class='ocrx_word' id='word_1_156' title='bbox 1440 1814 1663 1858; x_wconf 89' lang='lat' dir='ltr'>codicibus</span> 
     </span>
     <span class='ocr_line' id='line_1_23' title="bbox 198 1883 1663 1944; baseline -0.003 -14"><span class='ocrx_word' id='word_1_157' title='bbox 198 1884 234 1931; x_wconf 86' lang='lat' dir='ltr'>O</span> <span class='ocrx_word' id='word_1_158' title='bbox 248 1886 285 1929; x_wconf 95' lang='lat' dir='ltr'>B</span> <span class='ocrx_word' id='word_1_159' title='bbox 298 1886 339 1930; x_wconf 89' lang='lat' dir='ltr'>A</span> <span class='ocrx_word' id='word_1_160' title='bbox 352 1886 384 1930; x_wconf 90' lang='lat' dir='ltr'>S</span> <span class='ocrx_word' id='word_1_161' title='bbox 398 1887 444 1930; x_wconf 87' lang='lat' dir='ltr'>M</span> <span class='ocrx_word' id='word_1_162' title='bbox 465 1890 684 1944; x_wconf 81' lang='lat' dir='ltr'>repertam</span> <span class='ocrx_word' id='word_1_163' title='bbox 706 1887 913 1939; x_wconf 87' lang='lat' dir='ltr'>indicaui,</span> <span class='ocrx_word' id='word_1_164' title='bbox 934 1885 1173 1943; x_wconf 89' lang='lat' dir='ltr'>aliquando</span> <span class='ocrx_word' id='word_1_165' title='bbox 1194 1886 1329 1928; x_wconf 86' lang='lat' dir='ltr'>etiam</span> <span class='ocrx_word' id='word_1_166' title='bbox 1350 1884 1473 1929; x_wconf 90' lang='lat' dir='ltr'>codd.</span> <span class='ocrx_word' id='word_1_167' title='bbox 1493 1883 1663 1940; x_wconf 86' lang='lat' dir='ltr'>Cyren-</span> 
     </span>
     <span class='ocr_line' id='line_1_24' title="bbox 196 1953 1659 2000; baseline -0.003 0"><span class='ocrx_word' id='word_1_168' title='bbox 196 1956 426 2000; x_wconf 82' lang='lat' dir='ltr'>ccstrensis</span> <span class='ocrx_word' id='word_1_169' title='bbox 461 1959 506 2000; x_wconf 91' lang='lat' dir='ltr'>et</span> <span class='ocrx_word' id='word_1_170' title='bbox 542 1957 790 2000; x_wconf 89' lang='lat' dir='ltr'>Pontiniaci</span> <span class='ocrx_word' id='word_1_171' title='bbox 825 1956 1129 2000; x_wconf 87' lang='lat' dir='ltr'>testimonium</span> <span class='ocrx_word' id='word_1_172' title='bbox 1163 1954 1360 1997; x_wconf 82' lang='lat' dir='ltr'>adhibui.</span> <span class='ocrx_word' id='word_1_173' title='bbox 1433 1953 1487 1997; x_wconf 74' lang='lat'>(3²</span> <span class='ocrx_word' id='word_1_174' title='bbox 1504 1953 1559 1995; x_wconf 85' lang='lat' dir='ltr'>B²</span> <span class='ocrx_word' id='word_1_175' title='bbox 1579 1956 1659 1996; x_wconf 90' lang='lat' dir='ltr'>etc.</span> 
     </span>
     <span class='ocr_line' id='line_1_25' title="bbox 196 2023 1662 2084; baseline -0.003 -15"><span class='ocrx_word' id='word_1_176' title='bbox 196 2026 507 2070; x_wconf 83' lang='lat' dir='ltr'>correctionem</span> <span class='ocrx_word' id='word_1_177' title='bbox 547 2026 784 2084; x_wconf 87' lang='lat' dir='ltr'>designant</span> <span class='ocrx_word' id='word_1_178' title='bbox 823 2026 870 2068; x_wconf 92' lang='lat' dir='ltr'>in</span> <span class='ocrx_word' id='word_1_179' title='bbox 916 2026 1062 2069; x_wconf 90' lang='lat' dir='ltr'>codice</span> <span class='ocrx_word' id='word_1_180' title='bbox 1113 2025 1262 2082; x_wconf 90' lang='lat' dir='ltr'>aliquo</span> <span class='ocrx_word' id='word_1_181' title='bbox 1310 2038 1445 2066; x_wconf 87' lang='lat' dir='ltr'>manu</span> <span class='ocrx_word' id='word_1_182' title='bbox 1493 2023 1662 2066; x_wconf 85' lang='lat' dir='ltr'>scribae</span> 
     </span>
     <span class='ocr_line' id='line_1_26' title="bbox 197 2086 1661 2152; baseline -0.002 -15"><span class='ocrx_word' id='word_1_183' title='bbox 197 2094 336 2152; x_wconf 91' lang='lat' dir='ltr'>ipsius</span> <span class='ocrx_word' id='word_1_184' title='bbox 371 2098 451 2139; x_wconf 87' lang='lat' dir='ltr'>aut</span> <span class='ocrx_word' id='word_1_185' title='bbox 480 2096 706 2152; x_wconf 86' lang='lat' dir='ltr'>coaequali</span> <span class='ocrx_word' id='word_1_186' title='bbox 739 2098 819 2139; x_wconf 88' lang='lat' dir='ltr'>aut</span> <span class='ocrx_word' id='word_1_187' title='bbox 859 2095 1015 2139; x_wconf 89' lang='lat' dir='ltr'>saltem</span> <span class='ocrx_word' id='word_1_188' title='bbox 1052 2097 1232 2138; x_wconf 87' lang='lat' dir='ltr'>uetusta</span> <span class='ocrx_word' id='word_1_189' title='bbox 1271 2093 1436 2137; x_wconf 71' lang='lat' dir='ltr'>factam</span> <span class='ocrx_word' id='word_1_190' title='bbox 1454 2086 1481 2145; x_wconf 69' lang='grc'>;’</span> <span class='ocrx_word' id='word_1_191' title='bbox 1509 2092 1661 2149; x_wconf 91' lang='lat' dir='ltr'>quales</span> 
     </span>
     <span class='ocr_line' id='line_1_27' title="bbox 198 2162 1660 2222; baseline -0.003 -14"><span class='ocrx_word' id='word_1_192' title='bbox 198 2164 486 2208; x_wconf 83' lang='lat' dir='ltr'>correctiones</span> <span class='ocrx_word' id='word_1_193' title='bbox 507 2166 546 2208; x_wconf 92' lang='lat' dir='ltr'>si</span> <span class='ocrx_word' id='word_1_194' title='bbox 566 2165 744 2222; x_wconf 89' lang='lat' dir='ltr'>quando</span> <span class='ocrx_word' id='word_1_195' title='bbox 764 2166 812 2209; x_wconf 90' lang='lat' dir='ltr'>in</span> <span class='ocrx_word' id='word_1_196' title='bbox 839 2169 1015 2209; x_wconf 81' lang='lat' dir='ltr'>textum</span> <span class='ocrx_word' id='word_1_197' title='bbox 1036 2165 1191 2222; x_wconf 85' lang='lat' dir='ltr'>recepi,</span> <span class='ocrx_word' id='word_1_198' title='bbox 1212 2164 1444 2207; x_wconf 88' lang='lat' dir='ltr'>lectionem</span> <span class='ocrx_word' id='word_1_199' title='bbox 1465 2162 1660 2206; x_wconf 88' lang='lat' dir='ltr'>eiusdem</span> 
     </span>
     <span class='ocr_line' id='line_1_28' title="bbox 197 2233 1366 2293; baseline -0.001 -16"><span class='ocrx_word' id='word_1_200' title='bbox 197 2233 358 2278; x_wconf 89' lang='lat' dir='ltr'>codicis</span> <span class='ocrx_word' id='word_1_201' title='bbox 375 2234 651 2293; x_wconf 89' lang='lat' dir='ltr'>primitiuam</span> <span class='ocrx_word' id='word_1_202' title='bbox 672 2249 752 2292; x_wconf 87' lang='lat' dir='ltr'>per</span> <span class='ocrx_word' id='word_1_203' title='bbox 771 2235 884 2293; x_wconf 84' lang='lat' dir='ltr'>sigla</span> <span class='ocrx_word' id='word_1_204' title='bbox 908 2234 962 2279; x_wconf 84' lang='grc' dir='ltr'>Ο1</span> <span class='ocrx_word' id='word_1_205' title='bbox 980 2234 1035 2278; x_wconf 78' lang='grc' dir='ltr'>Β1</span> <span class='ocrx_word' id='word_1_206' title='bbox 1057 2238 1138 2278; x_wconf 85' lang='lat' dir='ltr'>etc.</span> <span class='ocrx_word' id='word_1_207' title='bbox 1159 2234 1366 2278; x_wconf 87' lang='lat' dir='ltr'>indicaui.</span> 
     </span>
    </p>
   </div>
   <div class='ocr_carea' id='block_1_7' title="bbox 884 2423 967 2480">
    <p class='ocr_par' dir='ltr' id='par_1_8' title="bbox 884 2423 967 2480">
     <span class='ocr_line' id='line_1_29' title="bbox 884 2423 967 2480; baseline -0.024 0"><span class='ocrx_word' id='word_1_208' title='bbox 884 2423 967 2480; x_wconf 68' lang='lat'>§5-</span> 
     </span>
    </p>
   </div>
   <div class='ocr_carea' id='block_1_8' title="bbox 201 2524 1661 2653">
    <p class='ocr_par' dir='ltr' id='par_1_9' title="bbox 201 2524 1661 2653">
     <span class='ocr_line' id='line_1_30' title="bbox 257 2524 1661 2584; baseline -0.002 -15"><span class='ocrx_word' id='word_1_209' title='bbox 257 2525 413 2570; x_wconf 87' lang='lat' dir='ltr'>Restat</span> <span class='ocrx_word' id='word_1_210' title='bbox 435 2529 488 2570; x_wconf 92' lang='lat' dir='ltr'>ut</span> <span class='ocrx_word' id='word_1_211' title='bbox 507 2529 707 2570; x_wconf 83' lang='lat' dir='ltr'>auctores</span> <span class='ocrx_word' id='word_1_212' title='bbox 727 2526 887 2584; x_wconf 91' lang='lat' dir='ltr'>quibus</span> <span class='ocrx_word' id='word_1_213' title='bbox 907 2527 954 2569; x_wconf 91' lang='lat' dir='ltr'>in</span> <span class='ocrx_word' id='word_1_214' title='bbox 974 2525 1244 2569; x_wconf 55' lang='lat' dir='ltr'>Folia-ratim</span> <span class='ocrx_word' id='word_1_215' title='bbox 1263 2539 1370 2568; x_wconf 90' lang='lat' dir='ltr'>usus</span> <span class='ocrx_word' id='word_1_216' title='bbox 1390 2524 1450 2567; x_wconf 91' lang='lat' dir='ltr'>sit</span> <span class='ocrx_word' id='word_1_217' title='bbox 1470 2524 1661 2568; x_wconf 90' lang='lat' dir='ltr'>Ioannes</span> 
     </span>
     <span class='ocr_line' id='line_1_31' title="bbox 201 2593 1661 2653; baseline -0.001 -15"><span class='ocrx_word' id='word_1_218' title='bbox 201 2593 542 2639; x_wconf 82' lang='lat' dir='ltr'>Saresberiensis</span> <span class='ocrx_word' id='word_1_219' title='bbox 566 2610 621 2639; x_wconf 84' lang='lat' dir='ltr'>ex</span> <span class='ocrx_word' id='word_1_220' title='bbox 642 2596 795 2639; x_wconf 84' lang='lat' dir='ltr'>ordine</span> <span class='ocrx_word' id='word_1_221' title='bbox 822 2599 1070 2653; x_wconf 89' lang='lat' dir='ltr'>temporum</span> <span class='ocrx_word' id='word_1_222' title='bbox 1095 2609 1358 2638; x_wconf 87' lang='lat' dir='ltr'>enumerem.</span> <span class='ocrx_word' id='word_1_223' title='bbox 1420 2595 1461 2636; x_wconf 93' lang='lat' dir='ltr'>A</span> <span class='ocrx_word' id='word_1_224' title='bbox 1482 2594 1661 2637; x_wconf 85' lang='lat' dir='ltr'>Graecis</span> 
     </span>
    </p>
   </div>
   <div class='ocr_carea' id='block_1_9' title="bbox 198 2663 1659 2787">
    <p class='ocr_par' dir='ltr' id='par_1_10' title="bbox 198 2663 1659 2787">
     <span class='ocr_line' id='line_1_32' title="bbox 198 2663 1659 2722; baseline -0.001 -16"><span class='ocrx_word' id='word_1_225' title='bbox 198 2663 372 2721; x_wconf 88' lang='lat' dir='ltr'>incipio.</span> <span class='ocrx_word' id='word_1_226' title='bbox 440 2663 627 2708; x_wconf 86' lang='lat' dir='ltr'>Constat</span> <span class='ocrx_word' id='word_1_227' title='bbox 646 2665 858 2708; x_wconf 90' lang='lat' dir='ltr'>Ioannem</span> <span class='ocrx_word' id='word_1_228' title='bbox 878 2666 1023 2722; x_wconf 89' lang='lat' dir='ltr'>ipsum</span> <span class='ocrx_word' id='word_1_229' title='bbox 1043 2665 1222 2722; x_wconf 80' lang='lat' dir='ltr'>linguae</span> <span class='ocrx_word' id='word_1_230' title='bbox 1243 2664 1435 2707; x_wconf 88' lang='lat' dir='ltr'>Graecae</span> <span class='ocrx_word' id='word_1_231' title='bbox 1454 2664 1659 2720; x_wconf 88' lang='lat' dir='ltr'>ignarum</span> 
     </span>
     <span class='ocr_line' id='line_1_33' title="bbox 200 2728 1658 2787; baseline -0.001 -15"><span class='ocrx_word' id='word_1_232' title='bbox 200 2728 336 2773; x_wconf 84' lang='lat' dir='ltr'>fuisse</span> <span class='ocrx_word' id='word_1_233' title='bbox 353 2744 364 2782; x_wconf 92' lang='lat'>;</span> <span class='ocrx_word' id='word_1_234' title='bbox 393 2730 496 2773; x_wconf 91' lang='lat' dir='ltr'>uide</span> <span class='ocrx_word' id='word_1_235' title='bbox 516 2731 601 2787; x_wconf 82' lang='lat' dir='ltr'>Ep.</span> <span class='ocrx_word' id='word_1_236' title='bbox 627 2733 710 2787; x_wconf 93' lang='lat'>169</span> <span class='ocrx_word' id='word_1_237' title='bbox 731 2731 797 2775; x_wconf 88' lang='lat' dir='ltr'>ed.</span> <span class='ocrx_word' id='word_1_238' title='bbox 818 2731 938 2775; x_wconf 86' lang='lat' dir='ltr'>Giles</span> <span class='ocrx_word' id='word_1_239' title='bbox 958 2733 1004 2774; x_wconf 86' lang='lat' dir='ltr'>et</span> <span class='ocrx_word' id='word_1_240' title='bbox 1023 2731 1200 2774; x_wconf 88' lang='lat' dir='ltr'>consule</span> <span class='ocrx_word' id='word_1_241' title='bbox 1219 2730 1274 2773; x_wconf 91' lang='lat' dir='ltr'>de</span> <span class='ocrx_word' id='word_1_242' title='bbox 1301 2731 1382 2773; x_wconf 87' lang='lat' dir='ltr'>hac</span> <span class='ocrx_word' id='word_1_243' title='bbox 1403 2745 1450 2772; x_wconf 89' lang='lat' dir='ltr'>re</span> <span class='ocrx_word' id='word_1_244' title='bbox 1471 2730 1658 2773; x_wconf 88' lang='lat' dir='ltr'>Schaar-</span> 
     </span>
    </p>
   </div>
   <div class='ocr_carea' id='block_1_10' title="bbox 202 2798 1660 2858">
    <p class='ocr_par' dir='ltr' id='par_1_11' title="bbox 202 2798 1660 2858">
     <span class='ocr_line' id='line_1_34' title="bbox 202 2798 1660 2858; baseline -0.001 -16"><span class='ocrx_word' id='word_1_245' title='bbox 202 2798 484 2843; x_wconf 85' lang='lat' dir='ltr'>schmidtium</span> <span class='ocrx_word' id='word_1_246' title='bbox 514 2799 608 2843; x_wconf 85' lang='grc' dir='ltr'><strong><em>ΙοῘι.</em></strong></span> <span class='ocrx_word' id='word_1_247' title='bbox 639 2801 740 2844; x_wconf 80' lang='lat' dir='ltr'>Sar.</span> <span class='ocrx_word' id='word_1_248' title='bbox 770 2815 842 2858; x_wconf 91' lang='lat' dir='ltr'>pp.</span> <span class='ocrx_word' id='word_1_249' title='bbox 877 2801 958 2844; x_wconf 90' lang='lat'>108</span> <span class='ocrx_word' id='word_1_250' title='bbox 980 2815 1126 2857; x_wconf 89' lang='lat' dir='ltr'>seqq.;</span> <span class='ocrx_word' id='word_1_251' title='bbox 1157 2803 1326 2857; x_wconf 87' lang='lat' dir='ltr'>quanta</span> <span class='ocrx_word' id='word_1_252' title='bbox 1354 2803 1503 2843; x_wconf 86' lang='lat' dir='ltr'>tamen</span> <span class='ocrx_word' id='word_1_253' title='bbox 1534 2800 1582 2841; x_wconf 92' lang='lat' dir='ltr'>in</span> <span class='ocrx_word' id='word_1_254' title='bbox 1610 2814 1660 2842; x_wconf 93' lang='lat' dir='ltr'>eo</span> 
     </span>
    </p>
   </div>
   <div class='ocr_carea' id='block_1_11' title="bbox 1462 2868 1543 2910">
    <p class='ocr_par' dir='ltr' id='par_1_12' title="bbox 1462 2868 1543 2910">
     <span class='ocr_line' id='line_1_35' title="bbox 1462 2868 1543 2910; baseline -0.012 0"><span class='ocrx_word' id='word_1_255' title='bbox 1462 2868 1543 2910; x_wconf 83' lang='lat' dir='ltr'>xxi</span> 
     </span>
    </p>
   </div>
  </div>
 </body>
</html>
