1994 3190
206 216 304 250 οΑΡ.
320 203 390 264 v1]
726 201 1162 250 POLICRATICVS
1687 217 1766 256 401
1785 216 1816 246 a

327 330 433 388 Cap.
466 332 505 374 6.
554 329 618 373 De
647 331 825 374 musica
855 334 892 374 et
925 330 1246 375 instrumentis
1277 336 1315 375 et
1346 332 1493 375 modis
1522 335 1561 376 et
1691 349 1720 378 a

755 399 920 455 fructu
950 413 1117 442 eorum.

265 491 368 534 Non
383 494 534 534 tamen
550 491 782 535 curialium
798 491 930 548 nugis
945 491 1157 534 musicam
1174 491 1499 549 calumpniatur
1514 493 1675 550 aliquis

207 561 429 612 sociatam,
441 561 544 604 licet
564 575 610 603 se
630 560 840 604 beneficio
861 561 955 603 eius
975 565 1191 604 conentur
1210 565 1478 618 nugatorum
1494 563 1675 619 plurimi

171 648 190 682 5
207 630 523 674 commendare.
594 630 841 687 Disciplina
880 629 1097 686 siquidem
1139 630 1334 673 liberalis
1378 634 1457 683 est,
1489 635 1535 674 et
1581 632 1675 674 siue

209 699 498 757 Pictagoram,
519 699 614 742 siue
642 699 840 756 Moysen,
867 699 962 742 siue
983 699 1124 742 Tubal
1151 703 1324 756 patrem
1349 700 1603 742 canentium
1628 700 1675 742 in

207 769 406 826 cythara,
435 769 642 812 editionis
673 784 778 812 suae
814 768 969 811 laudat
1001 772 1239 821 auctorem,
1268 769 1510 826 ingenuum
1542 769 1677 812 habet

210 842 370 890 ortum,
391 842 436 882 et
465 839 648 882 uirtutis
674 853 778 882 suae
805 839 1006 896 potentia
1036 839 1366 895 specierumque
1394 838 1611 881 uarietate
1632 843 1677 882 et

208 908 293 951 sibi
323 907 647 951 famulantibus
671 908 868 950 numeris
897 908 1108 950 uniuersa
1137 908 1456 965 complectitur,
1477 908 1675 950 omnium

152 996 192 1020 10
210 992 322 1034 quae
342 980 447 1020 sunt
468 980 513 1020 et
534 992 645 1034 quae
666 977 888 1030 dicuntur,
909 977 1196 1031 dissidentem
1217 981 1262 1020 et
1282 977 1505 1020 dissonam
1527 977 1676 1020 multi-

209 1046 410 1090 tudinem
444 1047 778 1104 proportionum
811 1062 1004 1099 suarum,
1036 1047 1082 1090 id
1114 1051 1194 1099 est,
1226 1047 1448 1104 inaequali
1485 1046 1676 1104 quadam

210 1116 448 1173 aequitatis
474 1116 570 1174 lege
595 1116 844 1160 concilians.
905 1116 1002 1159 Hac
1033 1116 1196 1159 etenim
1224 1117 1403 1160 celestia
1430 1120 1677 1174 temperan-

210 1189 297 1238 tur,
337 1185 562 1228 mundana
602 1186 696 1228 siue
739 1186 935 1228 humana
974 1189 1213 1244 reguntur:
1258 1186 1341 1229 hac
1381 1187 1678 1229 instrumenta

210 1269 354 1298 mores
382 1255 613 1298 instruunt
643 1258 688 1298 et
717 1254 974 1307 informant,
1006 1256 1231 1312 ipsiusque
1262 1256 1382 1298 uocis
1416 1256 1678 1298 articulatae
1698 1258 1726 1295 b

154 1341 194 1375 15
211 1324 282 1367 uel
303 1324 612 1367 inarticulatae
632 1324 928 1367 substantiam
950 1325 1063 1367 miro
1083 1325 1273 1382 quodam
1295 1329 1482 1368 naturae
1502 1325 1678 1383 opificio

211 1394 376 1436 melicis
400 1394 586 1450 picturis
606 1393 871 1436 rithmorum
893 1398 1221 1451 metrorumque
1242 1395 1460 1438 coloribus
1480 1395 1681 1438 uestiunt

212 1466 258 1506 et
277 1463 467 1520 quadam
488 1463 634 1506 cultus
654 1466 889 1506 uenustate
917 1467 1170 1520 perornant.
1231 1463 1372 1517 Hanc,
1393 1468 1445 1507 ut
1469 1465 1682 1521 suffragio

213 1532 604 1576 commendationis
644 1535 821 1575 nostrae
860 1547 950 1576 non
990 1535 1129 1591 egeat,
1161 1534 1303 1577 sancti
1344 1538 1493 1592 patres
1529 1534 1682 1577 multis

212 1601 394 1645 laudum
434 1601 678 1658 praeconiis
718 1602 988 1646 extulerunt.
1059 1603 1261 1660 Denique
1301 1604 1347 1645 in
1383 1604 1477 1646 eius
1511 1604 1682 1646 uirtute

156 1687 200 1713 πο
215 1671 399 1729 maligni
439 1671 623 1728 spiritus
662 1670 878 1714 uiolentia
917 1672 1161 1724 cohibetur,
1202 1676 1247 1715 et
1289 1673 1410 1715 illius
1454 1673 1589 1715 etiam
1635 1674 1680 1714 in

215 1741 404 1785 subditis
424 1741 515 1783 suis
535 1740 699 1784 minuit
719 1741 910 1784 musicae
930 1742 1078 1799 gratia
1097 1746 1373 1800 potestatem.
1434 1741 1547 1786 Cum
1564 1742 1682 1785 enim

215 1857 236 1893 3
262 1845 517 1883 calumnietur
533 1845 558 1882 S
671 1855 689 1892 5
716 1845 748 1881 si
765 1857 831 1882 om.
851 1844 891 1880 M
1002 1846 1026 1883 6
1050 1846 1266 1893 pitagoram
1284 1846 1380 1882 BM:
1405 1848 1631 1893 pytagoram
1648 1846 1681 1882 A

215 1903 236 1939 7
262 1893 410 1931 cithara
425 1893 483 1930 AS
627 1903 673 1929 20
697 1894 896 1930 choibetur
913 1892 1021 1929 CBA¹

261 1989 285 2025 6
308 1988 554 2032 Pictaqoram:
583 1987 608 2022 i.
620 1998 651 2023 e.
678 1985 955 2032 Pythagoram3
983 1998 1014 2021 v.
1041 1985 1210 2022 chaleid.
1240 1988 1372 2022 Comm.
1399 1988 1439 2022 in
1464 1988 1559 2022 Plat.
1589 1988 1680 2022 Tim.

215 2044 272 2080 44.
436 2036 551 2070 Tubal
566 2047 573 2070 :
615 2046 647 2070 v.
674 2033 768 2071 Gen.
795 2033 842 2069 iv.
869 2044 926 2069 21.
986 2033 1127 2070 ‘Tubal
1153 2046 1229 2070 war
1257 2034 1318 2070 die
1348 2033 1679 2070 mittelalterliche

216 2081 480 2119 Schreibweise
510 2082 571 2118 fiir
599 2081 736 2117 Jubal!
810 2081 852 2116 R.
880 2080 1072 2128 Strassing
1101 2081 1210 2127 (Jbrg
1240 2081 1338 2118 Breu
1367 2094 1440 2118 von
1468 2082 1677 2128 Augsburg,

216 2131 469 2175 Zeitschr.fur
483 2130 685 2165 christliche
701 2130 835 2169 Kunst,
852 2128 914 2164 vii.
937 2139 995 2164 101
1014 2141 1115 2174 seqq.
1139 2130 1257 2174 1894),
1271 2129 1336 2175 qui
1358 2131 1472 2165 Tubal
1489 2132 1528 2164 et
1547 2129 1682 2175 Pytha-

217 2188 330 2223 gome
354 2176 548 2223 imagines,
571 2175 712 2212 litteris
743 2177 787 2211 Ut
811 2178 863 2212 Re
887 2177 945 2212 Mi
973 2177 1029 2212 Fa
1055 2178 1117 2212 Sol
1145 2178 1201 2212 La
1227 2176 1376 2222 utrique
1401 2177 1612 2223 adscriptis,
1638 2173 1679 2212 in

219 2223 364 2270 capella
401 2224 657 2270 Fuggerorum
697 2224 799 2270 apud
831 2223 1039 2269 Augustam
1071 2223 1357 2260 Vindelicorum
1393 2224 1563 2270 depictas
1602 2236 1680 2260 esse

219 2274 362 2308 narrat.
413 2271 457 2307 In
483 2270 632 2318 capella
657 2270 864 2317 Hispanica
889 2269 998 2307 iuxta
1027 2271 1227 2308 ecclesiam
1261 2271 1294 2308 S.
1331 2272 1475 2308 Mariae
1502 2271 1680 2308 Novellae

219 2319 320 2365 apud
345 2317 580 2354 Florentinos
609 2318 758 2354 fabrum
784 2318 853 2355 sub
880 2318 1047 2365 imagine
1078 2319 1243 2355 Musicae
1272 2331 1295 2356 a
1323 2319 1524 2356 Thaddaeo
1558 2319 1681 2355 Gaddi

220 2365 367 2412 pictum
395 2367 593 2402 Tubalcain
618 2365 791 2412 plerique
821 2368 968 2406 vocant.
1000 2366 1117 2411 quasi,
1143 2369 1187 2402 ut
1215 2367 1262 2402 ab
1291 2367 1499 2402 Iamblicho
1526 2366 1567 2401 in
1599 2368 1682 2401 Vita

221 2413 407 2458 Pythayor.
442 2413 538 2448 xxvi.
573 2415 614 2457 §§
641 2422 703 2459 ¹¹5
729 2424 830 2459 seqq.
863 2413 910 2450 de
940 2413 1157 2459 Pythagora
1186 2418 1374 2457 narratur,
1408 2426 1431 2450 a
1464 2426 1555 2458 sono
1585 2413 1681 2449 mal-

221 2458 362 2496 leorum
381 2459 563 2506 diapason
581 2461 619 2496 et
635 2459 817 2506 diapente
835 2462 874 2496 et
892 2461 1125 2498 diatessaron
1144 2464 1372 2497 concentum
1395 2461 1599 2498 invenisset
1617 2461 1681 2496 ille

271 2509 285 2541 i
297 2508 378 2552 fuit
401 2508 590 2543 malleator
608 2512 641 2542 et
650 2509 762 2552 faber
781 2509 822 2543 in
843 2513 972 2544 cuncta
994 2520 1102 2554 opera
1124 2511 1219 2544 aeris
1242 2515 1274 2544 et
1288 2510 1388 2554 ferri
1409 2508 1517 2547 (Gen.
1539 2508 1588 2544 iv.
1610 2510 1682 2549 22).

255 2554 434 2590 otandum
452 2556 584 2590 tamen
600 2556 656 2590 est
677 2554 720 2590 in
747 2555 954 2591 Franchini
978 2555 1129 2609 Gai-'urii
1157 2557 1329 2592 Theorv'ca
1353 2558 1495 2591 Musica
1515 2555 1683 2601 (Mediol.

226 2601 1682 2702 3fgssgpss'gagggss„‚F’sssshgl-gfffffussfflg}ffffiagssvgssssffssggsseaffi{ffl‘gffi0333

226 2693 348 2747 Iubah
375 2696 464 2731 ante
494 2694 678 2731 diluvium
706 2695 901 2742 ascripsit!
951 2697 1101 2743 Iosephi
1130 2697 1254 2734 locum
1284 2699 1463 2744 Antiquit.
1493 2700 1577 2734 Iud.
1603 2710 1634 2733 v.
1662 2708 1681 2732 2

225 2742 330 2782 citat,
364 2741 427 2786 qui
463 2744 593 2778 tamen
626 2754 695 2779 nec
731 2743 777 2779 de
814 2743 1060 2788 inquisitione
1096 2744 1336 2790 Pythagorea
1367 2756 1437 2780 nec
1470 2745 1516 2781 de
1552 2744 1682 2780 Iubale

225 2787 431 2868 qfflidquam
447 2789 589 2824 asserit.
615 2834 623 2842 ι
757 2792 798 2826 18
820 2796 966 2836 patres:
993 2803 1024 2828 e.
1037 2803 1073 2836 g.
1092 2792 1186 2837 Aug.
1205 2794 1248 2826 de
1267 2794 1361 2837 Ort'y.
1379 2793 1452 2826 An.
1469 2793 1581 2826 Hum.
1601 2794 1619 2835 ξ
1643 2802 1684 2836 13

231 2837 243 2881 (
288 2845 374 2881 igne
389 2836 430 2872 P.
447 2837 490 2872 L.
507 2835 637 2871 xxxiii.
655 2837 751 2882 726).
857 2847 898 2872 21
922 2839 1012 2874 Cum
1030 2841 1125 2873 enim
1143 2842 1236 2875 etc.:
1267 2851 1299 2874 v.
1323 2849 1335 2874 1
1357 2838 1448 2885 Reg.
1463 2838 1536 2875 xvi.
1555 2838 1604 2874 ad
1620 2838 1684 2873 fin.

1536 2918 1577 2952 39
