1994 3190
238 175 322 216 479
341 166 371 205 b
721 162 982 207 IOANNIS
1022 161 1535 207 SARESBERIENSIS
1669 161 1779 224 [ΗΒ.
1794 174 1857 206 111

391 277 576 336 Agnitio
597 277 775 334 quidem
795 277 1107 321 certitudinem
1127 277 1263 321 habet
1289 280 1335 321 et
1354 277 1427 321 uel
1447 278 1494 320 in
1514 277 1699 320 scientia
1717 277 1789 320 uel
1809 277 1858 321 in

389 348 478 390 fide
492 347 707 391 consistit.
765 347 853 390 Sed
867 347 971 390 fidei
987 347 1141 405 regula
1155 347 1379 404 paulisper
1394 347 1635 398 differatur,
1648 347 1859 404 quoniam

349 433 375 463 e
392 431 488 459 eam
515 419 691 473 tempus
715 419 761 459 et
786 416 907 459 locus
933 430 1039 460 suus
1066 419 1284 473 expectat.
1346 415 1555 460 Ceterum
1579 416 1765 459 scientia
1788 416 1858 459 sui

389 486 598 529 notitiam
627 486 785 539 habet3
824 485 942 543 quod
971 486 1148 529 euenire
1171 500 1261 529 non
1285 488 1443 543 potest,
1463 486 1502 529 si
1527 500 1617 529 non
1646 485 1859 528 metiatur

388 555 508 599 uires
529 570 643 607 suas,
662 555 701 599 si
721 555 899 614 ignorat
918 555 1095 598 alienas.
1878 585 1897 620 5

391 711 498 769 Cap.
532 724 570 756 2.
621 709 743 764 Quae
762 711 822 755 sit
835 711 999 768 prima
1023 710 1336 768 contemplatio
1362 710 1564 755 hominis
1583 710 1860 767 sapientiam

503 780 766 838 affectantis,
788 785 827 825 et
846 781 952 838 quis
971 781 1030 824 sit
1046 782 1232 838 fructus
1253 781 1574 838 speculationis
1594 780 1747 824 huius,

446 883 527 927 Est
559 899 664 942 ergo
698 884 893 940 primum
927 883 1120 926 hominis
1160 884 1424 941 sapientiam
1460 883 1722 934 affectantis,
1752 879 1861 939 quid

388 953 482 1011 ipse
512 954 584 1006 sit,
615 954 723 1010 quid
747 954 869 996 intra
892 968 950 1005 se,
981 953 1089 1010 quid
1115 956 1256 1006 extra,
1282 953 1390 1010 quid
1418 953 1550 1005 infra,
1579 952 1687 1009 quid
1714 966 1861 1009 supra,

389 1023 496 1079 quid
529 1026 694 1072 contra,
723 1022 830 1079 quid
862 1025 966 1065 ante
998 1022 1073 1065 uel>
1102 1026 1256 1079 postea
1287 1023 1358 1074 sit,
1388 1021 1689 1079 contemplari.
1749 1021 1860 1065 Inde
1880 1039 1921 1063 10

390 1095 458 1135 est
482 1091 598 1134 forte
626 1092 743 1148 quod
771 1092 850 1143 illi,
870 1091 946 1148 qui
973 1092 1118 1148 prima
1147 1091 1286 1134 totius
1315 1091 1619 1148 philosophiae
1643 1091 1862 1134 elementa

390 1161 578 1218 posteris
602 1161 777 1203 tradere
801 1164 1083 1211 curauerunt,
1111 1161 1408 1204 substantiam
1437 1160 1714 1218 singulorum
1744 1160 1861 1202 arbi·

389 1230 499 1273 trati
531 1233 638 1273 sunt
669 1230 940 1281 intuendam,
965 1230 1274 1287 quantitatem,
1294 1230 1351 1273 ad
1383 1230 1564 1287 aliquid,
1585 1229 1860 1287 qualitatem,

344 1308 373 1348 d
390 1299 526 1343 situm
560 1314 664 1351 esse,
685 1299 774 1352 ubi,
795 1299 983 1356 quando,
1004 1300 1180 1352 habere,
1201 1299 1358 1351 facere,
1385 1302 1431 1343 et
1462 1300 1570 1357 pati,
1596 1302 1642 1342 et
1675 1314 1779 1343 suas
1812 1299 1861 1342 in
1946 1329 1951 1334 ·

390 1369 595 1412 omnibus
634 1369 704 1411 his
743 1369 1048 1426 proprietates,
1088 1384 1147 1411 an
1186 1369 1480 1413 intensionem
1520 1369 1775 1420 admittant,
1815 1371 1862 1412 et
1880 1385 1919 1420 15

389 1438 692 1495 susceptibilia
711 1438 803 1481 sint
822 1438 1158 1491 contrariorum,
1179 1441 1224 1481 et
1244 1453 1303 1481 an
1323 1438 1386 1482 eis
1406 1438 1514 1495 ipsis
1541 1438 1710 1495 aliquid
1737 1439 1860 1481 inue-

389 1508 543 1550 niatur
569 1508 817 1552 aduersum.
877 1508 1066 1551 Prouide
1091 1508 1270 1565 quidem
1297 1508 1404 1552 haec
1429 1511 1475 1551 et
1501 1507 1749 1565 diligenter,
1777 1507 1862 1551 etsi

389 1578 437 1619 in
465 1592 515 1620 eo
540 1577 883 1635 negligentiores
908 1578 1153 1629 extiterint,
1174 1577 1292 1635 quod
1319 1578 1388 1621 sui
1415 1578 1555 1635 ipsius
1578 1578 1785 1620 notitiam
1813 1577 1861 1620 in

389 1650 518 1691 tanta
548 1662 695 1690 rerum
726 1647 821 1690 luce
851 1662 941 1690 non
971 1648 1160 1691 assecuti
1191 1651 1308 1699 sunt,
1329 1650 1375 1691 et
1403 1647 1514 1691 lucis
1548 1647 1861 1691 inaccessibilis

389 1717 596 1759 notitiam
629 1716 930 1774 perdiderunt,
964 1717 1071 1760 dum
1111 1720 1391 1760 euanuerunt
1429 1717 1477 1759 in
1516 1717 1861 1775 cogitationibus
1880 1734 1923 1760 ao

389 1786 493 1837 suis,
514 1790 560 1829 et
579 1786 776 1829 dicentes
796 1801 842 1829 se
863 1801 955 1829 esse
976 1787 1199 1844 sapientes
1218 1787 1347 1830 stulti
1370 1786 1478 1830 facti
1498 1790 1616 1837 sunt,
1636 1789 1682 1830 et
1708 1786 1861 1829 obscu-

389 1858 539 1898 ratum
571 1858 640 1898 est
671 1855 884 1913 insipiens
915 1870 991 1899 cor
1020 1871 1183 1899 eorum.
1244 1856 1373 1909 Quod
1404 1871 1460 1899 ex
1490 1870 1540 1899 eo
1570 1855 1862 1909 conuincitur,

390 1924 508 1981 quod
541 1924 697 1967 traditi
738 1925 785 1967 in
825 1925 1050 1982 passiones
1084 1925 1354 1983 ignominiae
1384 1924 1609 1969 faciebant
1640 1939 1752 1982 quae
1781 1939 1862 1968 nec

390 1994 518 2037 sexui
554 2008 634 2037 nec
668 1994 778 2037 etati
811 2009 891 2038 nec
927 1994 1135 2038 fortunae
1165 1994 1434 2038 conueniant
1467 2009 1547 2038 nec
1581 1997 1782 2049 naturae,
1816 1996 1863 2037 et

390 2077 600 2121 personas
640 2063 838 2106 omnium
883 2064 1029 2121 operis
1075 2064 1329 2107 testimonio
1372 2063 1678 2107 deuenustent.
1752 2063 1861 2107 Dati
1881 2081 1922 2118 25

391 2132 608 2189 siquidem
639 2136 746 2175 sunt
775 2132 822 2175 in
853 2147 1030 2176 sensum
1057 2133 1305 2190 reprobum,
1333 2133 1450 2190 quod
1479 2132 1662 2190 planum
1689 2139 1757 2175 est
1791 2133 1862 2176 his

238 2208 324 2257 480
344 2219 374 2249 a
392 2202 467 2260 qui
490 2201 754 2259 Apostolum
781 2202 956 2259 plenius
983 2206 1219 2246 nouerant.
1279 2203 1606 2260 Argumentum
1634 2204 1783 2244 tamen
1804 2201 1862 2245 ad

390 2271 540 2315 omnia
559 2271 881 2314 ualidissimum
903 2275 983 2324 est,
998 2275 1050 2314 ut
1070 2271 1125 2314 de
1145 2271 1231 2314 fide
1252 2274 1297 2314 et
1317 2271 1570 2315 sinceritate
1585 2271 1862 2329 singulorum

388 2333 597 2385 credatur
635 2340 841 2397 operibus
880 2340 983 2383 suis.
1059 2340 1206 2398 Opera
1238 2340 1355 2383 enim
1389 2355 1501 2397 quae
1541 2339 1650 2384 facit
1689 2340 1861 2398 aliquis,

390 2409 694 2454 testimonium
716 2409 952 2467 perhibent
971 2409 1026 2453 de
1047 2423 1110 2454 eo.
1171 2409 1335 2453 Verum
1357 2409 1433 2467 qui
1457 2409 1650 2467 seipsum
1671 2410 1860 2468 ignorat,
1881 2427 1923 2462 30

395 2552 433 2580 n
463 2541 736 2589 phylosophiae
753 2541 781 2578 C
797 2554 806 2579 ε
830 2540 1078 2589 phylosophia
1097 2540 1126 2577 B
1273 2541 1316 2579 16
1341 2540 1619 2578 contrariorum
1636 2540 1714 2578 sint
1731 2539 1756 2577 S

443 2673 484 2700 ια
510 2664 748 2699 substantiam
780 2664 877 2699 ete:
914 2663 1113 2698 enumerat
1141 2659 1358 2698 Aristotelis
1385 2661 1513 2697 decem
1543 2660 1862 2708 praedicamenta.

396 2719 440 2757 19
464 2711 554 2747 lucis
572 2710 848 2746 inaccmibitie:
875 2721 905 2745 v.
923 2719 934 2745 1
949 2707 1044 2745 Tim.
1057 2708 1101 2744 vi.
1121 2710 1172 2745 16.
1316 2718 1362 2745 20
1386 2714 1612 2745 amnuerunt
1629 2711 1699 2745 eto.
1716 2719 1725 2745 :
1753 2708 1860 2746 Rom.

393 2756 419 2795 i.
438 2767 476 2794 21
493 2769 557 2803 aeq
587 2785 594 2793 .
740 2767 782 2803 27
810 2759 1072 2803 Ammentum
1097 2758 1191 2792 eta:
1227 2768 1259 2792 v.
1278 2756 1388 2792 Matt.
1410 2754 1471 2792 vii.
1494 2757 1545 2799 16,
1566 2766 1632 2800 203
1667 2756 1795 2793 Ioann.
1822 2767 1858 2793 x.

392 2814 462 2852 373
490 2804 575 2842 laco
604 2832 612 2841 .
630 2803 668 2841 ii.
693 2806 746 2842 18.
888 2813 934 2851 29
962 2806 1079 2850 Opera
1097 2806 1195 2841 eta:
1223 2815 1255 2841 v.
1275 2803 1405 2841 Ioann.
1423 2815 1453 2840 v.
1473 2804 1530 2850 36.

505 2885 566 2920 ¹7⁴
