1994 3190
217 215 297 266 387
315 213 346 255 d
516 176 543 230 x&
686 213 948 258 IOANNIS
989 213 1504 258 SARESBERIENSIS
1678 211 1789 273 [ΗΒ.
1810 224 1830 256 1

314 339 343 379 d
360 335 538 379 testudo
577 335 726 379 locuta
764 338 843 386 est,
885 338 965 378 aut
1004 334 1122 391 quod
1162 334 1354 377 rusticus
1395 334 1618 378 urbanum
1656 348 1829 378 murem

360 419 460 448 mus
494 419 688 462 paupere
722 407 840 448 tecto
875 404 1103 461 acceperit,
1136 406 1181 447 et
1221 404 1407 456 similia3
1456 404 1533 446 sed
1572 404 1680 461 quin
1720 399 1838 448 haec'

359 475 574 531 figmenta
615 477 794 518 nostrae
843 473 1118 516 famulentur
1166 473 1463 526 instructioni,
1502 488 1591 516 non
1640 473 1830 531 ambigo.

361 543 484 587 Haec
525 558 698 601 quoque
737 544 845 600 ipsa,
881 543 1042 600 quibus
1081 543 1341 600 plerumque
1381 546 1495 594 utor,
1531 543 1676 586 aliena
1709 545 1829 595 sunt,

358 613 446 656 nisi
478 613 584 670 quia
618 612 828 670 quicquid
862 613 1027 669 ubique
1058 613 1170 655 bene
1204 612 1374 655 dictum
1409 615 1488 664 est,
1520 611 1635 655 facio
1668 626 1829 663 meum,
1849 624 1868 658 5

359 686 405 725 et
443 682 555 725 illud
594 697 712 726 nunc
751 683 860 725 meis
899 682 957 725 ad
998 682 1318 739 compendium,
1358 696 1477 725 nunc
1515 682 1573 724 ad
1611 681 1745 724 fidem
1784 683 1831 725 et

359 752 670 795 auctoritatem
697 752 853 795 alienis
882 752 1083 809 exprimo
1112 752 1271 795 uerbis.
1332 751 1391 794 Et
1418 751 1524 808 quia
1547 751 1681 794 semel
1706 750 1830 808 coepi

360 821 557 864 reuelare
588 821 751 864 mentis
782 822 987 871 archana,
1023 821 1325 878 arrogantiam
1358 836 1502 864 meam
1541 820 1716 878 plenius
1754 819 1829 863 de-

359 891 549 934 nudabo.
599 891 765 934 Omnes
785 906 890 948 ergo
910 891 987 947 qui
1007 891 1141 934 michi
1162 891 1210 933 in
1229 891 1367 934 uerbo
1387 894 1467 934 aut
1483 905 1617 948 opere
1637 890 1829 948 philoso-

359 962 549 1018 phantes
588 965 837 1011 occurrunt,
871 975 991 1003 meos
1030 961 1212 1004 clientes
1251 975 1344 1004 esse
1385 961 1589 1012 arbitror,
1625 963 1670 1004 et
1709 960 1828 1017 quod
1850 971 1892 998 10

359 1030 504 1073 maius
535 1032 614 1080 est,
645 1029 780 1072 michi
809 1029 996 1072 uendieo
1025 1029 1073 1071 in
1103 1029 1392 1082 seruitutem3
1428 1029 1537 1073 adeo
1567 1030 1746 1086 quidem
1774 1032 1829 1073 ut

360 1100 408 1142 in
438 1098 755 1142 traditionibus
790 1098 882 1141 suis
913 1098 1078 1155 seipsos
1115 1113 1196 1156 pro
1230 1113 1300 1141 me
1334 1098 1500 1156 linguis
1529 1099 1725 1142 obiciant
1754 1099 1828 1142 de-

212 1169 293 1218 388
313 1182 343 1211 a
360 1171 617 1212 tractorum.
691 1167 810 1210 Nam
846 1170 892 1210 et
931 1167 1030 1210 illos
1063 1168 1197 1211 laudo
1232 1171 1444 1212 auctores.
1518 1168 1674 1225 Neque
1710 1169 1829 1211 enim

359 1238 666 1281 Alexandrum
690 1237 784 1280 uidi
812 1237 884 1280 uel
915 1236 1141 1281 Cesarem:
1174 1252 1253 1281 nec
1284 1237 1510 1281 Socratem
1539 1238 1828 1294 Zenonemue,

360 1308 589 1351 Platonem
610 1310 690 1350 aut
709 1306 987 1350 Aristotilem
1008 1307 1286 1364 disputantes
1306 1307 1483 1360 audiui;
1512 1308 1566 1351 de
1587 1308 1657 1351 his
1677 1311 1828 1351 tamen
1847 1323 1889 1358 15

361 1381 408 1421 et
457 1377 556 1420 aliis
606 1391 744 1433 aeque
793 1376 959 1434 ignotis
1008 1376 1066 1419 ad
1107 1376 1352 1420 utilitatem
1401 1377 1644 1434 legentium
1694 1377 1828 1420 retuli

360 1448 563 1505 plurima.
644 1446 764 1490 Cedo
804 1449 954 1489 tamen
998 1461 1054 1489 ne
1093 1446 1249 1489 uidear
1293 1447 1574 1490 contentione
1622 1447 1828 1504 gaudere,

361 1521 407 1561 et
440 1532 510 1560 me
545 1516 747 1560 officiosis
783 1515 928 1559 fateor
962 1531 1092 1559 usum
1127 1531 1220 1559 esse
1254 1516 1506 1567 mendaciis,
1541 1519 1586 1559 et
1619 1516 1657 1559 si
1697 1517 1830 1560 aliter

358 1587 559 1631 aemulus
589 1602 678 1629 non
709 1587 906 1643 quiescit,
937 1586 1146 1643 quoniam
1177 1588 1222 1629 et
1251 1601 1333 1644 ego
1363 1601 1510 1629 meum
1541 1585 1827 1630 Cornificium

358 1657 499 1700 habeo
544 1659 590 1699 et
629 1655 894 1706 Lanuinum,
933 1671 1003 1699 me
1043 1655 1259 1698 mendacii
1299 1670 1423 1698 reum
1463 1670 1555 1698 esse
1589 1656 1826 1707 consentio,
1847 1669 1892 1695 πο

360 1727 437 1783 qui
458 1726 673 1783 scriptum
693 1726 811 1776 noui,
825 1725 930 1782 quia
949 1725 1092 1768 omnis
1112 1726 1244 1767 homo
1264 1725 1478 1778 mendax;
1508 1724 1618 1767 adeo
1633 1725 1825 1781 quidem,

361 1800 414 1839 ut
449 1811 529 1839 nec
563 1799 742 1838 uastum
777 1798 941 1852 pectus,
973 1795 1181 1851 turgidus
1213 1798 1382 1847 uenter,
1413 1793 1588 1837 tumida
1617 1793 1752 1838 facies
1783 1798 1829 1838 et

361 1866 620 1918 rubicunda,
653 1865 808 1922 lingua
847 1879 1011 1921 procax
1045 1864 1213 1907 insulsa
1252 1868 1298 1907 et
1332 1864 1529 1922 paratior
1562 1878 1706 1908 mores
1735 1879 1828 1908 cor-

359 1936 512 1979 rodere
552 1935 718 1978 alienos
764 1949 896 1990 quam
936 1934 1153 1990 corrigere
1203 1949 1316 1984 suos,
1355 1937 1554 1977 nostrum
1605 1934 1828 1991 exceperit

363 2006 627 2049 Lanuinum,
687 2004 797 2056 Quis
819 2004 911 2060 ipse
932 2004 1001 2055 sit,
1023 2004 1107 2045 nisi
1136 2003 1193 2046 ab
1220 2003 1395 2046 iniuriis
1421 2006 1648 2061 temperet,
1669 2004 1825 2057 dicam,
1846 2021 1888 2058 ²⁵

313 2077 343 2115 b
362 2079 408 2118 et
455 2075 586 2131 plane
629 2076 860 2130 cognoscet
901 2073 1006 2129 quia
1045 2073 1343 2116 inueteratum
1384 2087 1476 2116 esse
1522 2073 1697 2130 plenam
1738 2088 1827 2115 non

360 2144 533 2188 confert
553 2158 632 2186 nec
653 2144 872 2200 integram
893 2146 1044 2186 seruat
1064 2142 1386 2186 auctoritatem.
1447 2142 1659 2186 Procedat
1678 2145 1829 2186 tamen

361 2217 407 2257 ct
436 2213 644 2270 publicet,
674 2215 836 2269 arguat
866 2227 1012 2254 meum
1045 2212 1215 2255 ratione
1247 2212 1317 2254 uel
1353 2212 1617 2255 auctoritate
1650 2212 1828 2255 menda-

360 2283 489 2332 cium,
510 2286 555 2324 et
576 2298 656 2338 ego
677 2282 747 2324 nel
770 2282 825 2323 ad
851 2281 1017 2324 inimici
1039 2296 1190 2324 uocem
1216 2296 1304 2323 non
1334 2281 1552 2338 refugiam
1581 2281 1829 2334 emendari3

360 2357 376 2419 ἰ
393 2356 593 2437 'loquuta-S
619 2356 622 2357 γ
697 2392 716 2417 2
744 2380 952 2427 susceperit
969 2380 1009 2416 M
1127 2389 1151 2426 9
1175 2378 1495 2426 phylosophantes
1513 2378 1553 2414 Μ
1673 2389 1716 2425 19
1741 2379 1829 2416 Cor·

362 2430 533 2466 mflcmm
554 2441 678 2465 meum
697 2430 729 2463 A

414 2529 424 2555 1
456 2520 611 2553 rueto'cun
628 2521 699 2554 cte.
718 2530 725 2554 :
756 2518 846 2554 Hor.
860 2518 933 2552 Sat.
949 2515 988 2552 ii.
1003 2516 1037 2551 6.
1051 2517 1106 2551 80.
1228 2525 1270 2559 19
1298 2515 1531 2559 Cornificium
1550 2513 1653 2550 inter
1669 2514 1829 2562 Vergilii

361 2566 635 2603 obtrectatum-‚n
665 2567 850 2601 memorat
874 2564 1045 2599 Donatus
1071 2562 1110 2598 in
1130 2562 1221 2598 Vita
1244 2561 1415 2606 Vergilii.
1466 2561 1527 2597 Sic
1555 2561 1594 2597 in
1620 2563 1830 2608 Metaloyico

364 2613 386 2649 i.
415 2624 443 2656 ι,
467 2624 485 2649 2
509 2613 601 2648 alibi
629 2614 818 2658 quondam
843 2611 1085 2657 eloquentiae
1114 2610 1228 2645 immo
1254 2609 1372 2646 totius
1398 2607 1661 2655 philosophiae
1684 2609 1831 2657 impug-

361 2664 543 2702 natorum,
573 2661 722 2695 nomime
750 2672 833 2694 voro
859 2671 1066 2705 suppresso,
1094 2658 1267 2740 dci-«ignat
1294 2657 1451 2693 Ioannes
1476 2658 1612 2693 noster.
1783 2668 1831 2694 20

363 2711 596 2745 Jasnuinmn:
639 2707 809 2743 Loncium
846 2706 1040 2742 Lavinium
1075 2717 1138 2741 acu
1193 2704 1382 2740 ,anvinum
1417 2715 1483 2741 fleu
1520 2703 1752 2740 Lanuvinum
1787 2704 1828 2741 in

362 2755 526 2802 prologis
556 2754 794 2790 'l'orvntianis
821 2757 982 2790 veterum
1015 2756 1165 2799 pontum
1192 2753 1453 2798 nuncupatum
1486 2751 1637 2797 respicit
1668 2752 1829 2790 Ioannes

360 2804 406 2839 iul
427 2803 638 2848 «exemplum
662 2802 812 2838 Hieron.
833 2803 938 2847 Apol.
956 2803 1033 2837 mlv.
1054 2802 1178 2846 Rustn.
1196 2812 1229 2838 c.
1245 2810 1299 2846 30.
1350 2799 1404 2835 Cf.
1423 2798 1517 2836 (loll.
1536 2810 1591 2836 xv,
1611 2810 1667 2844 24.
1781 2809 1824 2837 21

360 2853 477 2888 omnin
492 2852 595 2886 homo
615 2852 794 2886 mendax:
830 2850 886 2886 Ρη.
906 2860 984 2885 cxv.
1007 2859 1058 2885 ιι.

473 2922 512 2957 ι6
