1994 3190
181 203 335 264 raon]
694 198 1135 245 PomoRA'rIovs
1662 199 1742 249 388
1760 200 1790 240 u

183 325 318 367 immo
357 324 403 365 et
440 321 630 364 amicum
669 319 840 374 ducam,
873 319 950 380 (1111
988 333 1136 361 11ιο11111
1171 319 1410 377 castigabit
1444 333 1648 363 errorem.

183 393 234 436 Si
265 395 415 435 tamen
449 389 611 432 alicubi
642 391 873 432 auctorum
907 388 1039 430 aliter
1072 402 1206 444 quam
1238 389 1486 445 scripserim
1526 389 1649 431 inue-

183 461 346 516 niatur,
384 474 473 502 non
513 458 612 501 ideo
650 457 872 501 constabit
911 472 981 499 me
1021 471 1114 499 esse
1159 458 1408 510 mentitum,
1452 472 1552 501 cum
1601 458 1649 500 in

183 528 597 586 strategemmaticis
646 526 889 582 historicos,
930 527 1006 583 qui
1057 525 1314 582 frequenter
1351 527 1408 568 ab
1457 527 1647 570 inuicem

146 599 411 661 §dissident
446 597 530 641 sim
564 599 752 651 secutus,
785 599 831 639 et
864 596 911 638 in
941 595 1256 653 philosophicis
1286 595 1530 638 academice
1560 596 1647 638 dis-

182 671 347 726 putans
384 681 465 725 pro
504 666 691 709 rationis
729 665 908 708 modulo
943 679 1055 722 quae
1085 664 1374 708 occurrebant
1403 664 1650 721 probabilia

183 740 376 781 sectatus
407 737 503 780 sim.
563 735 656 778 Nec
691 735 1053 778 Academicorum
1083 734 1291 777 erubesco
1320 732 1650 790 professionem,

185 807 262 865 qui
281 806 328 848 in
349 806 418 848 his
439 820 551 862 quae
572 807 678 847 sunt
697 805 962 847 dubitabilia
982 804 1184 862 sapienti,
1200 804 1256 846 ab
1276 818 1427 846 eorum
1448 803 1651 859 uestigiis

185 891 275 920 11011
294 875 459 918 recedo.
518 875 641 917 Licet
661 875 779 917 enim
799 878 919 918 secta
938 875 1045 917 haec
1072 874 1277 917 tenebras
1296 873 1428 916 rebus
1447 872 1652 915 omnibus

129 965 170 998 10
187 945 393 989 111ᾶο81111·
427 944 645 999 inducere,
676 944 799 987 nulla
829 944 1011 986 ueritati
1042 942 1362 986 examinandae
1392 942 1564 984 fidelior
1594 944 1651 994 et,

187 1017 364 1058 auctore
395 1012 604 1057 Cicerone
635 1013 711 1069 (1111
741 1013 798 1056 8(1
828 1028 924 1056 08111
960 1013 1007 1055 111
1042 1015 1267 1055 senectute
1302 1011 1499 1061 diuertit‚
1529 1010 1652 1053 nulla
1670 1019 1695 1048 c

186 1082 404 1142 profectui
434 1082 697 1125 familiarior
725 1085 804 1127 est.
864 1082 919 1125 In
949 1082 1019 1126 his
1049 1097 1152 1138 ergo
1182 1095 1294 1138 quae
1324 1080 1573 1123 incidenter
1599 1079 1653 1122 de

187 1152 468 1211 prouidentia
493 1155 539 1195 et
568 1152 664 1195 fato
694 1155 740 1196 et
769 1152 975 1195 libertate
1006 1151 1181 1194 arbitrii
1211 1154 1256 1193 et
1286 1150 1504 1193 similibus
1534 1149 1654 1192 dicta

188 1225 305 1274 sunt,
339 1237 409 1265 me
448 1221 761 1265 Academicum
796 1222 945 1279 potius
980 1236 1072 1264 esse
1108 1220 1297 1275 noueris,
1333 1234 1466 1276 quam
1502 1233 1654 1261 eorum

132 1309 173 1343 15
189 1306 301 1350 quae
335 1291 472 1334 dubia
511 1294 616 1334 sunt
656 1291 940 1334 temerarium
976 1294 1249 1334 assertorem.
1322 1289 1655 1346 Scripturarum

189 1375 362 1419 quoque
401 1361 666 1405 testimoniis
702 1361 1029 1404 accommodum
1070 1359 1375 1417 explanandae
1410 1357 1656 1401 sententiae

190 1431 452 1489 quandoque
501 1445 609 1474 usus
654 1445 776 1483 sum;
832 1430 898 1473 ita
944 1433 1094 1473 tamen
1143 1432 1196 1472 ut
1244 1428 1381 1472 nichil
1430 1428 1533 1470 fidei
1578 1430 1658 1469 aut

190 1500 316 1544 bonis
347 1501 543 1543 moribus
575 1500 831 1543 inueniatur
865 1500 1112 1549 aduersum,
1142 1513 1192 1542 ac
1222 1498 1260 1540 si
1290 1497 1534 1540 sententias
1563 1500 1658 1539 tam

192 1570 423 1614 modernas
470 1585 603 1627 quam
652 1573 825 1613 ueteres
871 1570 1023 1612 eadem
1068 1567 1442 1612 incommutabilis
1491 1566 1659 1610 ueritas

135 1661 179 1686 πο
194 1639 428 1698 genuisset.
488 1639 716 1696 Siquidem

740 1731 876 1774 facies
905 1745 994 1773 non
1023 1730 1227 1774 omnibus
1257 1744 1358 1779 una,

307 1805 398 1834 non
427 1790 603 1833 diuersa
632 1792 795 1841 tamen,
825 1789 999 1846 qualem
1030 1789 1155 1831 decet
1185 1802 1278 1830 esse
1308 1802 1520 1830 sororum.

253 1893 414 1937 Omnia
444 1908 551 1936 uero
580 1895 660 1936 tuo
691 1895 977 1935 reseruantur
1012 1891 1218 1946 examini,
1248 1894 1300 1934 ut
1329 1891 1413 1934 tibi
1443 1890 1584 1933 maior
1614 1892 1659 1932 et
1674 1888 1704 1928 d

196 1963 354 2006 iustior
384 1962 630 2020 corrigendi
663 1977 796 2019 quam
835 1962 970 2004 michi
1005 1961 1225 2004 scribendi
1259 1961 1401 2018 gloria
1435 1960 1661 2003 debeatur.

139 2049 181 2085 ²5
199 2032 498 2089 Inaequalitas
532 2035 681 2074 autem
720 2031 996 2074 uoluminum
1027 2031 1165 2073 uariis
1199 2034 1267 2073 est
1301 2029 1663 2087 occupationibus

199 2101 465 2156 ascribenda,
505 2101 665 2158 quibus
711 2101 759 2143 in
804 2101 927 2144 curia
967 2101 1029 2143 sic
1070 2100 1310 2142 distractus
1349 2114 1447 2142 sum
1486 2103 1539 2141 ut
1582 2099 1662 2141 uix

199 2170 366 2228 aliquid
393 2171 580 2214 scribere
605 2171 868 2227 quandoque
893 2170 1078 2214 licuerit.
1138 2169 1258 2212 Dum
1286 2173 1436 2212 tamen
1460 2168 1662 2211 Tolosam

198 2239 386 2297 cingitis,
407 2240 493 2282 ista
522 2255 754 2297 aggressus
781 2255 879 2283 sum
904 2243 949 2282 et
975 2254 1046 2282 me
1073 2239 1313 2282 curialibus
1340 2238 1472 2295 nugis
1499 2238 1662 2295 paulis-

196 2322 278 2366 per
297 2309 452 2363 ademi,
473 2308 583 2351 illud
610 2309 795 2352 uoluens
822 2309 869 2351 in
897 2309 1056 2363 animo,
1079 2308 1184 2365 quia
1212 2308 1354 2351 otium
1379 2308 1473 2350 sine
1501 2307 1664 2350 litteris

143 2397 186 2431 30
201 2390 317 2420 mors
366 2380 432 2420 est
477 2381 522 2420 et
567 2378 662 2420 uiui
709 2378 900 2421 hominis
943 2378 1182 2435 sepultura.
1261 2377 1310 2420 Si
1351 2378 1450 2434 quis
1490 2377 1666 2433 ignotos

203 2449 401 2489 auctores
429 2461 529 2490 cum
560 2446 761 2490 Lanuino
790 2447 1118 2504 calumpniatur
1146 2450 1226 2490 aut
1254 2447 1393 2499 fictos,
1414 2446 1666 2489 rediuiuum

203 2586 228 2620 4
249 2576 458 2623 hystoricos
476 2577 548 2612 ΒΜ
692 2586 710 2624 5
737 2580 915 2624 sequutus
932 2577 972 2613 M
1108 2576 1390 2624 phylosophicis
1406 2576 1477 2613 cM
1624 2586 1667 2621 14

204 2623 487 2660 achademicum
503 2623 598 2660 CBA
742 2627 785 2662 16
809 2626 857 2661 ad.
874 2625 1113 2662 commodum
1131 2624 1197 2661 SM

257 2754 297 2781 11
328 2745 512 2782 cicmnez
540 2745 586 2782 cf.
612 2744 689 2781 Cic.
711 2746 824 2781 Acad.
844 2746 961 2780 Prior.
987 2744 1036 2779 ΙΙ.
1062 2754 1096 2789 3,
1116 2745 1230 2780 Acad.
1254 2745 1348 2780 Post.
1373 2742 1402 2778 Ι.
1430 2753 1494 2788 13;
1520 2742 1672 2778 Hieron.

208 2793 278 2838 Ep.
298 2791 425 2828 xxxiii.
533 2803 573 2828 21
594 2794 715 2837 facies
731 2794 823 2828 etc.:
846 2791 950 2828 Ovid.
968 2793 1114 2827 Metam.
1133 2791 1173 2826 ii.
1196 2801 1250 2836 13,
1271 2801 1325 2835 14.
1436 2799 1480 2834 27
1510 2791 1674 2826 Tolosam

208 2838 354 2877 obsedit
371 2838 556 2876 Hem-icus
572 2839 623 2876 II.
639 2851 671 2875 a.
692 2848 794 2886 1159.
936 2848 982 2885 29
1007 2840 1120 2875 otium
1137 2840 1207 2875 etc.
1223 2850 1232 2875 ι
1260 2837 1345 2874 Sen.
1362 2838 1435 2883 Ep.
1454 2839 1498 2874 82
1518 2839 1536 2882 §
1557 2847 1591 2882 3.

262 2910 343 2930 wau
840 2907 870 2935 1>
1522 2908 1537 2931 ¹
1545 2907 1562 2943 7
