1994 3190
224 201 309 248 408
328 212 359 242 a
704 197 964 243 IOANNIS
1004 195 1517 241 SARESBERIENSIS
1695 194 1806 256 [ΜΒ.
1822 209 1842 241 1

378 320 426 362 in
455 318 645 362 molliori
676 318 874 369 materia,
904 333 1004 362 cera
1033 317 1150 361 forte
1179 317 1252 361 uel
1281 317 1399 370 limo,
1425 331 1578 361 eorum
1609 331 1718 374 quos
1744 331 1842 374 per-

331 390 361 428 b
379 390 553 432 uertere
592 388 801 431 nituntur
839 387 1004 444 effigies
1046 387 1328 444 exprimunt;
1369 386 1495 430 cuius
1533 386 1752 429 illusionis
1794 386 1843 429 in

378 457 711 501 Farmaceutria
740 457 956 514 Virgilius
986 456 1212 500 meminit:

493 543 646 586 Limus
674 546 728 586 ut
755 543 827 586 hic
856 543 1060 593 durescit,
1091 546 1137 585 et
1166 543 1273 585 haec
1302 545 1355 584 ut
1384 557 1484 585 cera
1513 542 1727 598 liquescit,

494 616 584 644 uno
614 601 852 658 eodemque
882 601 990 658 igni,
1020 601 1082 644 sic
1112 603 1264 643 nostro
1294 600 1498 657 Daphnis
1527 615 1690 644 amore.
1861 621 1881 656 5

380 683 504 726 Naso
524 697 697 740 quoque
717 682 764 724 in
784 682 898 725 libro
924 681 1194 725 Heroidum:

494 763 698 806 Deuouet
726 763 941 815 absentes,
971 762 1325 818 simulachraque
1353 776 1478 805 cerea
1506 762 1650 819 fingit,

553 824 598 864 et
626 821 836 863 miserum
866 824 1021 863 tenues
1051 821 1098 862 in
1128 820 1249 863 iecur
1277 823 1408 878 urget
1437 835 1552 863 acus.

380 901 555 944 Horum
579 915 686 944 uero
709 901 893 951 malitia,
914 901 1049 944 etiam
1069 915 1169 944 cum
1196 901 1438 958 plurimum
1466 903 1638 953 nocent,
1659 900 1848 944 artificio

380 971 470 1014 leui
500 970 772 1021 dissoluitur,
800 970 838 1013 si
867 970 1075 1013 uidelicet
1102 971 1178 1027 qui
1205 971 1397 1028 suspecti
1424 973 1531 1014 sunt
1557 970 1765 1014 conuenti
1791 970 1849 1013 ab
1869 984 1914 1010 ιο

380 1041 529 1097 aliquo
562 1040 727 1082 crimen
767 1054 897 1082 suum
938 1039 1213 1083 inficientur:
1255 1043 1336 1083 aut
1370 1040 1407 1083 si
1443 1039 1632 1084 confessi
1666 1039 1848 1092 fuerint,

380 1110 597 1164 cogantur
616 1105 879 1149 maleficium
901 1120 1118 1149 reuocare.

440 1175 701 1232 Imaginarii
742 1178 859 1226 sunt,
900 1175 976 1232 qui
1016 1175 1233 1233 imagines
1273 1190 1381 1232 quas
1422 1175 1595 1219 faciunt
1640 1176 1767 1233 quasi
1802 1175 1851 1218 in

381 1245 698 1303 possessionem
731 1244 1080 1301 praesidentium
1111 1245 1350 1302 spirituum
1379 1245 1580 1296 mittunt,
1617 1248 1667 1288 ut
1699 1245 1756 1288 ab
1787 1244 1852 1288 eis

341 1333 366 1362 c
383 1315 438 1357 de
487 1314 618 1356 rebus
668 1313 816 1356 dubiis
865 1313 1118 1358 doceantur.
1178 1314 1274 1357 Hos
1322 1314 1534 1358 idolatras
1583 1329 1676 1358 esse
1725 1329 1851 1357 sacra
1872 1333 1912 1368 15

383 1384 603 1440 scriptura
652 1383 876 1426 conuincit
925 1386 972 1426 et
1017 1383 1196 1426 diuinae
1247 1384 1493 1428 maiestatis
1541 1384 1703 1427 iudicio
1748 1398 1851 1427 con-

384 1453 656 1510 dempnatos.

444 1521 725 1566 Coniectores
764 1524 871 1565 sunt
909 1522 986 1579 qui
1027 1522 1215 1566 artificio
1255 1522 1446 1580 quodam
1487 1522 1571 1566 sibi
1612 1522 1854 1566 uendicant
1913 1553 1916 1556 ⁴

387 1591 688 1648 sompniorum
719 1591 1142 1649 interpretationem.

447 1660 825 1704 Chironomantici
855 1664 962 1704 sunt
993 1661 1069 1718 qui
1100 1677 1128 1705 a
1156 1676 1368 1705 manuum
1399 1661 1669 1719 inspectione
1703 1676 1851 1705 rerum
1874 1679 1918 1704 πο

387 1730 692 1773 uaticinantur
721 1730 993 1774 abscondita.

447 1799 724 1856 Specularios
751 1804 924 1853 uocant,
950 1801 1026 1857 qui
1053 1801 1099 1844 in
1123 1801 1378 1859 corporibus
1404 1800 1611 1858 leuigatis
1641 1804 1686 1845 et
1712 1801 1855 1853 tersis,

388 1872 441 1912 ut
467 1872 573 1911 sunt
597 1868 731 1912 lucidi
762 1884 898 1920 enses,
925 1870 1086 1927 palues,
1113 1870 1262 1921 ciathi,
1289 1870 1651 1927 speculorumque
1679 1870 1857 1914 diuersa

388 1953 551 1996 genera
590 1937 855 1989 diuinantes,
895 1940 1078 1983 curiosis
1121 1939 1519 1983 consultationibus
1562 1939 1856 1993 satisfaciunt,

389 2022 522 2064 quam
543 2010 588 2050 et
609 2007 768 2064 Ioseph
790 2009 1035 2052 exercuisse
1057 2012 1137 2052 aut
1163 2009 1311 2067 potius
1331 2009 1560 2052 simulasse
1580 2009 1856 2063 describitur,
1876 2025 1918 2060 ²5

389 2091 489 2120 cum
507 2076 670 2119 fratres
690 2080 895 2134 argueret
915 2078 1179 2135 surripuisse
1195 2079 1385 2136 ciphum,
1401 2078 1448 2121 in
1464 2093 1551 2135 quo
1567 2082 1857 2123 consueuerat

390 2160 613 2203 auguran.

450 2211 753 2255 Mathematici
802 2215 919 2263 sunt,
962 2213 1066 2256 licet
1111 2214 1351 2271 appellatio
1397 2214 1664 2271 generaliter
1709 2214 1860 2257 omnia

391 2281 720 2339 complectatur,
740 2281 815 2338 qui
838 2297 865 2324 a
885 2282 1101 2339 positione
1121 2283 1350 2326 stellarum
1373 2283 1550 2340 situque
1576 2284 1860 2335 firmamenti,

393 2407 414 2443 7
440 2396 639 2434 simulacra
656 2396 714 2433 AS
796 2407 835 2442 13
860 2396 1055 2443 ymagines
1073 2397 1111 2434 M
1194 2407 1234 2445 15
1260 2397 1490 2445 ydololatras
1508 2398 1548 2434 M
1623 2400 1666 2435 16
1691 2399 1862 2436 condem-

394 2447 505 2481 natos
522 2444 567 2480 S:
593 2444 928 2491 condempnandos
947 2444 1007 2481 uel
1025 2445 1319 2492 condempnatos
1338 2445 1366 2481 P
1521 2456 1563 2492 19
1588 2445 1816 2483 somniorum
1836 2446 1861 2483 S

394 2537 443 2564 20
467 2525 740 2563 Chiromantici
759 2525 784 2562 S
928 2535 972 2571 27
997 2492 1190 2574 “23:133
1206 2526 1239 2562 A

443 2642 465 2675 4
490 2631 619 2666 Limus
641 2633 738 2668 cte.:
764 2630 875 2675 Verg.
894 2631 973 2667 Ecl.
991 2629 1067 2665 viii.
1087 2632 1143 2666 80.
1339 2640 1359 2676 7
1388 2632 1547 2667 Deuouet
1572 2633 1666 2668 etc.:
1692 2631 1756 2667 Ov.
1773 2632 1863 2670 Her.

396 2691 427 2714 v.
448 2688 505 2724 91,
525 2689 556 2714 2.
733 2679 774 2715 16
797 2679 999 2732 scriptum:
1026 2690 1055 2714 v.
1086 2676 1218 2715 Ezech.
1238 2677 1312 2713 xxi.
1332 2688 1390 2714 21.
1545 2681 1593 2715 ⁶18
1624 2680 1863 2716 Coniectom:

397 2738 428 2763 v.
447 2724 605 2770 Quintil.
634 2726 721 2761 Inet.
750 2724 949 2762 ‹›mae.1ii.6
976 2724 994 2771 ξ
1023 2736 1079 2771 30.
1223 2736 1270 2761 20
1297 2727 1623 2762 C'hironomanto'ci:
1649 2739 1684 2763 v.
1703 2726 1863 2765 Foroell.

397 2773 453 2810 ed.
473 2773 519 2810 de
539 2772 613 2809 vit.
631 2772 669 2808 in
687 2774 916 2816 chironomon,
931 2774 1197 2809 chironomanta
1215 2784 1310 2819 quae
1329 2773 1509 2810 vocabula
1525 2785 1611 2810 cum
1628 2776 1864 2822 χαρομαντεία

398 2821 556 2858 consum
580 2832 659 2858 eune
683 2820 867 2858 videntur.
1012 2829 1053 2867 25
1081 2822 1208 2868 Joneph
1225 2823 1321 2859 eto.:
1348 2832 1378 2858 v.
1398 2820 1492 2859 Gen.
1511 2821 1599 2858 xliv.
1620 2830 1652 2869 5.
