<?xml version="1.0" encoding="UTF-8"?>
<!DOCTYPE html PUBLIC "-//W3C//DTD XHTML 1.0 Transitional//EN"
    "http://www.w3.org/TR/xhtml1/DTD/xhtml1-transitional.dtd">
<html xmlns="http://www.w3.org/1999/xhtml" xml:lang="en" lang="en">
 <head>
  <title>
</title>
<meta http-equiv="Content-Type" content="text/html;charset=utf-8" />
  <meta name='ocr-system' content='tesseract 3.04.00' />
  <meta name='ocr-capabilities' content='ocr_page ocr_carea ocr_par ocr_line ocrx_word'/>
</head>
<body>
  <div class='ocr_page' id='page_1' title='image "./policraticisived01john_0153.png"; bbox 0 0 1994 3190; ppageno 0'>
   <div class='ocr_carea' id='block_1_1' title="bbox 116 197 1058 260">
    <p class='ocr_par' dir='ltr' id='par_1_1' title="bbox 116 197 1058 260">
     <span class='ocr_line' id='line_1_1' title="bbox 116 197 1058 260; baseline -0.004 -15"><span class='ocrx_word' id='word_1_1' title='bbox 116 212 214 246; x_wconf 78' lang='lat' dir='ltr'><strong>cAP.</strong></span> <span class='ocrx_word' id='word_1_2' title='bbox 228 199 351 260; x_wconf 84' lang='lat' dir='ltr'><strong>xvn]</strong></span> <span class='ocrx_word' id='word_1_3' title='bbox 620 197 1058 242; x_wconf 82' lang='lat' dir='ltr'><strong>POLICRATICVS</strong></span> 
     </span>
    </p>
   </div>
   <div class='ocr_carea' id='block_1_2' title="bbox 114 315 1580 513">
    <p class='ocr_par' dir='ltr' id='par_1_2' title="bbox 114 315 1580 513">
     <span class='ocr_line' id='line_1_2' title="bbox 115 315 1578 364; baseline -0.002 0"><span class='ocrx_word' id='word_1_4' title='bbox 115 320 194 364; x_wconf 89' lang='lat' dir='ltr'><strong>bat</strong></span> <span class='ocrx_word' id='word_1_5' title='bbox 226 319 388 362; x_wconf 89' lang='lat' dir='ltr'><strong>habere</strong></span> <span class='ocrx_word' id='word_1_6' title='bbox 421 319 654 361; x_wconf 75' lang='lat' dir='ltr'>consortes.</span> <span class='ocrx_word' id='word_1_7' title='bbox 726 315 871 359; x_wconf 89' lang='lat' dir='ltr'><strong>Simul</strong></span> <span class='ocrx_word' id='word_1_8' title='bbox 910 315 1074 358; x_wconf 88' lang='lat' dir='ltr'><strong>etenim</strong></span> <span class='ocrx_word' id='word_1_9' title='bbox 1115 316 1344 360; x_wconf 73' lang='lat' dir='ltr'>discebant</span> <span class='ocrx_word' id='word_1_10' title='bbox 1378 317 1578 362; x_wconf 80' lang='lat' dir='ltr'><strong>Ananias</strong></span> 
     </span>
     <span class='ocr_line' id='line_1_3' title="bbox 114 384 1580 443; baseline -0.001 -11"><span class='ocrx_word' id='word_1_11' title='bbox 114 389 297 432; x_wconf 87' lang='lat' dir='ltr'><strong>Azarias</strong></span> <span class='ocrx_word' id='word_1_12' title='bbox 326 386 482 430; x_wconf 89' lang='lat' dir='ltr'><strong>Misael</strong></span> <span class='ocrx_word' id='word_1_13' title='bbox 512 384 721 443; x_wconf 87' lang='lat' dir='ltr'><strong>quicquid</strong></span> <span class='ocrx_word' id='word_1_14' title='bbox 750 386 927 441; x_wconf 85' lang='lat' dir='ltr'><strong>poterat</strong></span> <span class='ocrx_word' id='word_1_15' title='bbox 955 384 1109 428; x_wconf 92' lang='lat' dir='ltr'><strong>docere</strong></span> <span class='ocrx_word' id='word_1_16' title='bbox 1140 385 1357 440; x_wconf 86' lang='lat' dir='ltr'><strong>Caldeus;</strong></span> <span class='ocrx_word' id='word_1_17' title='bbox 1391 387 1524 430; x_wconf 90' lang='lat' dir='ltr'><strong>simul</strong></span> <span class='ocrx_word' id='word_1_18' title='bbox 1552 402 1580 430; x_wconf 89' lang='lat' dir='ltr'><strong>a</strong></span> 
     </span>
     <span class='ocr_line' id='line_1_4' title="bbox 114 453 1580 513; baseline -0.001 -12"><span class='ocrx_word' id='word_1_19' title='bbox 114 472 265 500; x_wconf 90' lang='lat' dir='ltr'><strong>mensa</strong></span> <span class='ocrx_word' id='word_1_20' title='bbox 294 458 340 500; x_wconf 91' lang='lat' dir='ltr'><strong>et</strong></span> <span class='ocrx_word' id='word_1_21' title='bbox 373 471 401 499; x_wconf 91' lang='lat' dir='ltr'><strong>a</strong></span> <span class='ocrx_word' id='word_1_22' title='bbox 431 454 653 513; x_wconf 89' lang='lat' dir='ltr'><strong>regalibus</strong></span> <span class='ocrx_word' id='word_1_23' title='bbox 687 453 830 510; x_wconf 89' lang='lat' dir='ltr'><strong>epulis</strong></span> <span class='ocrx_word' id='word_1_24' title='bbox 859 453 1155 504; x_wconf 69' lang='lat' dir='ltr'><strong>abstinebant,</strong></span> <span class='ocrx_word' id='word_1_25' title='bbox 1185 455 1302 510; x_wconf 93' lang='lat' dir='ltr'><strong>quod</strong></span> <span class='ocrx_word' id='word_1_26' title='bbox 1331 456 1580 512; x_wconf 73' lang='lat' dir='ltr'><strong>inspirabat</strong></span> 
     </span>
    </p>
   </div>
   <div class='ocr_carea' id='block_1_3' title="bbox 1592 197 1723 249">
    <p class='ocr_par' dir='ltr' id='par_1_3' title="bbox 1592 197 1723 249">
     <span class='ocr_line' id='line_1_5' title="bbox 1592 197 1723 249; baseline 0.015 -1"><span class='ocrx_word' id='word_1_27' title='bbox 1592 197 1723 249; x_wconf 82' lang='lat' dir='ltr'><strong>434d</strong></span> 
     </span>
    </p>
   </div>
   <div class='ocr_carea' id='block_1_4' title="bbox 113 522 1728 582">
    <p class='ocr_par' dir='ltr' id='par_1_4' title="bbox 113 522 1728 582">
     <span class='ocr_line' id='line_1_6' title="bbox 113 522 1728 582; baseline -0.001 -12"><span class='ocrx_word' id='word_1_28' title='bbox 113 526 244 570; x_wconf 88' lang='lat' dir='ltr'><strong>Deus.</strong></span> <span class='ocrx_word' id='word_1_29' title='bbox 302 524 507 582; x_wconf 90' lang='lat' dir='ltr'><strong>Acceptis</strong></span> <span class='ocrx_word' id='word_1_30' title='bbox 533 523 831 581; x_wconf 87' lang='lat' dir='ltr'><strong>leguminibus</strong></span> <span class='ocrx_word' id='word_1_31' title='bbox 859 522 1029 579; x_wconf 89' lang='lat' dir='ltr'><strong>pariter</strong></span> <span class='ocrx_word' id='word_1_32' title='bbox 1060 523 1383 575; x_wconf 87' lang='lat' dir='ltr'><strong>reficiebantur,</strong></span> <span class='ocrx_word' id='word_1_33' title='bbox 1414 525 1577 571; x_wconf 85' lang='lat' dir='ltr'><strong>eisdem</strong></span> <span class='ocrx_word' id='word_1_34' title='bbox 1593 538 1675 580; x_wconf 85' lang='lat'><strong>435</strong></span> <span class='ocrx_word' id='word_1_35' title='bbox 1698 539 1728 568; x_wconf 83' lang='lat' dir='ltr'><strong>a</strong></span> 
     </span>
    </p>
   </div>
   <div class='ocr_carea' id='block_1_5' title="bbox 51 591 1623 2595">
    <p class='ocr_par' dir='ltr' id='par_1_5' title="bbox 75 591 1581 929">
     <span class='ocr_line' id='line_1_7' title="bbox 75 591 1578 649; baseline -0.001 -11"><span class='ocrx_word' id='word_1_36' title='bbox 75 612 95 647; x_wconf 75' lang='lat'><em>5</em></span> <span class='ocrx_word' id='word_1_37' title='bbox 112 594 308 638; x_wconf 87' lang='lat' dir='ltr'><strong>contenti</strong></span> <span class='ocrx_word' id='word_1_38' title='bbox 343 596 471 637; x_wconf 89' lang='lat' dir='ltr'><strong>erant</strong></span> <span class='ocrx_word' id='word_1_39' title='bbox 505 592 691 635; x_wconf 91' lang='lat' dir='ltr'><strong>militiae</strong></span> <span class='ocrx_word' id='word_1_40' title='bbox 725 605 831 635; x_wconf 87' lang='lat' dir='ltr'><strong>suae</strong></span> <span class='ocrx_word' id='word_1_41' title='bbox 859 591 1104 648; x_wconf 88' lang='lat' dir='ltr'><strong>stipendiis,</strong></span> <span class='ocrx_word' id='word_1_42' title='bbox 1134 592 1228 649; x_wconf 89' lang='lat' dir='ltr'><strong>regi</strong></span> <span class='ocrx_word' id='word_1_43' title='bbox 1265 607 1356 636; x_wconf 92' lang='lat' dir='ltr'><strong>una</strong></span> <span class='ocrx_word' id='word_1_44' title='bbox 1390 593 1578 637; x_wconf 87' lang='lat' dir='ltr'><strong>famula-</strong></span> 
     </span>
     <span class='ocr_line' id='line_1_8' title="bbox 112 661 1579 719; baseline -0.001 -11"><span class='ocrx_word' id='word_1_45' title='bbox 112 663 288 708; x_wconf 85' lang='lat' dir='ltr'><strong>bantur.</strong></span> <span class='ocrx_word' id='word_1_46' title='bbox 359 663 448 706; x_wconf 88' lang='lat' dir='ltr'><strong>Sed</strong></span> <span class='ocrx_word' id='word_1_47' title='bbox 479 677 575 706; x_wconf 89' lang='lat' dir='ltr'><strong>ecce</strong></span> <span class='ocrx_word' id='word_1_48' title='bbox 610 661 905 719; x_wconf 85' lang='lat' dir='ltr'><strong>priuilegium,</strong></span> <span class='ocrx_word' id='word_1_49' title='bbox 939 661 1057 717; x_wconf 91' lang='lat' dir='ltr'><strong>quod</strong></span> <span class='ocrx_word' id='word_1_50' title='bbox 1089 661 1221 704; x_wconf 92' lang='lat' dir='ltr'><strong>homo</strong></span> <span class='ocrx_word' id='word_1_51' title='bbox 1255 661 1456 705; x_wconf 83' lang='lat' dir='ltr'><strong>conferre</strong></span> <span class='ocrx_word' id='word_1_52' title='bbox 1490 678 1579 706; x_wconf 91' lang='lat' dir='ltr'><strong>non</strong></span> 
     </span>
     <span class='ocr_line' id='line_1_9' title="bbox 111 730 1581 791; baseline -0.001 -15"><span class='ocrx_word' id='word_1_53' title='bbox 111 733 269 791; x_wconf 90' lang='lat' dir='ltr'><strong>potuit,</strong></span> <span class='ocrx_word' id='word_1_54' title='bbox 289 732 549 790; x_wconf 73' lang='lat' dir='ltr'><strong>singillatim</strong></span> <span class='ocrx_word' id='word_1_55' title='bbox 570 731 726 774; x_wconf 91' lang='lat' dir='ltr'><strong>datum</strong></span> <span class='ocrx_word' id='word_1_56' title='bbox 746 734 814 773; x_wconf 88' lang='lat' dir='ltr'><strong>est</strong></span> <span class='ocrx_word' id='word_1_57' title='bbox 841 730 1029 780; x_wconf 88' lang='lat' dir='ltr'><strong>Danieli,</strong></span> <span class='ocrx_word' id='word_1_58' title='bbox 1050 734 1103 774; x_wconf 94' lang='lat' dir='ltr'><strong>ut</strong></span> <span class='ocrx_word' id='word_1_59' title='bbox 1130 731 1178 772; x_wconf 93' lang='lat' dir='ltr'><strong>in</strong></span> <span class='ocrx_word' id='word_1_60' title='bbox 1205 730 1347 774; x_wconf 90' lang='lat' dir='ltr'><strong>lucem</strong></span> <span class='ocrx_word' id='word_1_61' title='bbox 1374 732 1581 788; x_wconf 86' lang='lat' dir='ltr'><strong>proderet</strong></span> 
     </span>
     <span class='ocr_line' id='line_1_10' title="bbox 112 800 1579 860; baseline -0.001 -14"><span class='ocrx_word' id='word_1_62' title='bbox 112 803 336 860; x_wconf 88' lang='lat' dir='ltr'><strong>enigmata</strong></span> <span class='ocrx_word' id='word_1_63' title='bbox 377 801 647 845; x_wconf 90' lang='lat' dir='ltr'><strong>somniorum</strong></span> <span class='ocrx_word' id='word_1_64' title='bbox 692 803 738 843; x_wconf 88' lang='lat' dir='ltr'><strong>et</strong></span> <span class='ocrx_word' id='word_1_65' title='bbox 786 800 978 843; x_wconf 91' lang='lat' dir='ltr'><strong>Domino</strong></span> <span class='ocrx_word' id='word_1_66' title='bbox 1017 800 1214 843; x_wconf 84' lang='lat' dir='ltr'><strong>dictante</strong></span> <span class='ocrx_word' id='word_1_67' title='bbox 1263 801 1443 844; x_wconf 90' lang='lat' dir='ltr'><strong>umbras</strong></span> <span class='ocrx_word' id='word_1_68' title='bbox 1493 802 1579 845; x_wconf 91' lang='lat' dir='ltr'><strong>dis-</strong></span> 
     </span>
     <span class='ocr_line' id='line_1_11' title="bbox 112 869 1580 929; baseline -0.001 -14"><span class='ocrx_word' id='word_1_69' title='bbox 112 874 282 916; x_wconf 87' lang='lat' dir='ltr'><strong>cuteret</strong></span> <span class='ocrx_word' id='word_1_70' title='bbox 314 872 568 929; x_wconf 89' lang='lat' dir='ltr'><strong>figurarum.</strong></span> <span class='ocrx_word' id='word_1_71' title='bbox 637 870 700 913; x_wconf 93' lang='lat' dir='ltr'><strong>Vt</strong></span> <span class='ocrx_word' id='word_1_72' title='bbox 734 884 840 912; x_wconf 89' lang='lat' dir='ltr'><strong>uero</strong></span> <span class='ocrx_word' id='word_1_73' title='bbox 875 869 1160 913; x_wconf 82' lang='lat' dir='ltr'><strong>familiaritas</strong></span> <span class='ocrx_word' id='word_1_74' title='bbox 1194 870 1374 913; x_wconf 90' lang='lat' dir='ltr'><strong>diuinae</strong></span> <span class='ocrx_word' id='word_1_75' title='bbox 1408 872 1580 928; x_wconf 85' lang='lat' dir='ltr'><strong>gratiae</strong></span> 
     </span>
    </p>

    <p class='ocr_par' dir='ltr' id='par_1_6' title="bbox 53 939 1581 1276">
     <span class='ocr_line' id='line_1_12' title="bbox 53 939 1581 998; baseline -0.002 -12"><span class='ocrx_word' id='word_1_76' title='bbox 53 960 96 987; x_wconf 85' lang='lat'><strong>10</strong></span> <span class='ocrx_word' id='word_1_77' title='bbox 113 941 360 985; x_wconf 86' lang='lat' dir='ltr'><strong>euidentius</strong></span> <span class='ocrx_word' id='word_1_78' title='bbox 379 940 614 990; x_wconf 85' lang='lat' dir='ltr'><strong>illucescat,</strong></span> <span class='ocrx_word' id='word_1_79' title='bbox 626 939 732 997; x_wconf 91' lang='lat' dir='ltr'><strong>quid</strong></span> <span class='ocrx_word' id='word_1_80' title='bbox 753 954 832 982; x_wconf 89' lang='lat' dir='ltr'><strong>rex</strong></span> <span class='ocrx_word' id='word_1_81' title='bbox 852 939 900 981; x_wconf 91' lang='lat' dir='ltr'><strong>in</strong></span> <span class='ocrx_word' id='word_1_82' title='bbox 915 942 1058 983; x_wconf 89' lang='lat' dir='ltr'><strong>strato</strong></span> <span class='ocrx_word' id='word_1_83' title='bbox 1071 939 1238 983; x_wconf 83' lang='lat' dir='ltr'><strong>cubans</strong></span> <span class='ocrx_word' id='word_1_84' title='bbox 1257 940 1581 998; x_wconf 84' lang='lat' dir='ltr'><strong>praecogitaret</strong></span> 
     </span>
     <span class='ocr_line' id='line_1_13' title="bbox 111 1009 1579 1069; baseline -0.001 -15"><span class='ocrx_word' id='word_1_85' title='bbox 111 1010 306 1069; x_wconf 91' lang='lat' dir='ltr'><strong>agnouit,</strong></span> <span class='ocrx_word' id='word_1_86' title='bbox 326 1011 372 1053; x_wconf 89' lang='lat' dir='ltr'><strong>et</strong></span> <span class='ocrx_word' id='word_1_87' title='bbox 394 1009 674 1053; x_wconf 90' lang='lat' dir='ltr'><strong>meditationi</strong></span> <span class='ocrx_word' id='word_1_88' title='bbox 700 1009 799 1052; x_wconf 89' lang='lat' dir='ltr'><strong>uisa</strong></span> <span class='ocrx_word' id='word_1_89' title='bbox 825 1011 1088 1052; x_wconf 86' lang='lat' dir='ltr'><strong>connectens</strong></span> <span class='ocrx_word' id='word_1_90' title='bbox 1118 1010 1382 1066; x_wconf 87' lang='lat' dir='ltr'><strong>mysterium</strong></span> <span class='ocrx_word' id='word_1_91' title='bbox 1410 1009 1579 1060; x_wconf 87' lang='lat' dir='ltr'><strong>salutis,</strong></span> 
     </span>
     <span class='ocr_line' id='line_1_14' title="bbox 111 1078 1578 1138; baseline -0.001 -15"><span class='ocrx_word' id='word_1_92' title='bbox 111 1080 228 1138; x_wconf 91' lang='lat' dir='ltr'><strong>quod</strong></span> <span class='ocrx_word' id='word_1_93' title='bbox 262 1080 419 1123; x_wconf 90' lang='lat' dir='ltr'><strong>umbra</strong></span> <span class='ocrx_word' id='word_1_94' title='bbox 457 1079 699 1129; x_wconf 88' lang='lat' dir='ltr'><strong>obnubilat,</strong></span> <span class='ocrx_word' id='word_1_95' title='bbox 731 1081 777 1122; x_wconf 90' lang='lat' dir='ltr'><strong>et</strong></span> <span class='ocrx_word' id='word_1_96' title='bbox 816 1079 864 1121; x_wconf 93' lang='lat' dir='ltr'><strong>in</strong></span> <span class='ocrx_word' id='word_1_97' title='bbox 898 1078 986 1121; x_wconf 90' lang='lat' dir='ltr'><strong>fine</strong></span> <span class='ocrx_word' id='word_1_98' title='bbox 1025 1078 1272 1122; x_wconf 89' lang='lat' dir='ltr'><strong>seculorum</strong></span> <span class='ocrx_word' id='word_1_99' title='bbox 1310 1079 1578 1136; x_wconf 91' lang='lat' dir='ltr'><strong>completum</strong></span> 
     </span>
     <span class='ocr_line' id='line_1_15' title="bbox 109 1147 1580 1206; baseline -0.001 -13"><span class='ocrx_word' id='word_1_100' title='bbox 109 1153 177 1194; x_wconf 90' lang='lat' dir='ltr'><strong>est</strong></span> <span class='ocrx_word' id='word_1_101' title='bbox 211 1151 291 1192; x_wconf 89' lang='lat' dir='ltr'><strong>aut</strong></span> <span class='ocrx_word' id='word_1_102' title='bbox 321 1148 640 1206; x_wconf 91' lang='lat' dir='ltr'><strong>complendum,</strong></span> <span class='ocrx_word' id='word_1_103' title='bbox 675 1147 918 1206; x_wconf 85' lang='lat' dir='ltr'><strong>prudenter</strong></span> <span class='ocrx_word' id='word_1_104' title='bbox 952 1148 1169 1205; x_wconf 82' lang='lat' dir='ltr'><strong>exposuit.</strong></span> <span class='ocrx_word' id='word_1_105' title='bbox 1230 1148 1401 1191; x_wconf 89' lang='lat' dir='ltr'><strong>Siccine</strong></span> <span class='ocrx_word' id='word_1_106' title='bbox 1435 1148 1580 1191; x_wconf 88' lang='lat' dir='ltr'><strong>solent</strong></span> 
     </span>
     <span class='ocr_line' id='line_1_16' title="bbox 109 1217 1577 1276; baseline -0.002 -13"><span class='ocrx_word' id='word_1_107' title='bbox 109 1219 374 1263; x_wconf 88' lang='lat' dir='ltr'><strong>coniectores</strong></span> <span class='ocrx_word' id='word_1_108' title='bbox 397 1218 532 1261; x_wconf 90' lang='lat' dir='ltr'><strong>etiam</strong></span> <span class='ocrx_word' id='word_1_109' title='bbox 553 1217 844 1276; x_wconf 89' lang='lat' dir='ltr'><strong>cogitationes</strong></span> <span class='ocrx_word' id='word_1_110' title='bbox 875 1220 1082 1260; x_wconf 84' lang='lat' dir='ltr'><strong>excutere</strong></span> <span class='ocrx_word' id='word_1_111' title='bbox 1109 1220 1155 1260; x_wconf 92' lang='lat' dir='ltr'><strong>et</strong></span> <span class='ocrx_word' id='word_1_112' title='bbox 1184 1218 1365 1260; x_wconf 91' lang='lat' dir='ltr'><strong>umbras</strong></span> <span class='ocrx_word' id='word_1_113' title='bbox 1395 1218 1577 1260; x_wconf 89' lang='lat' dir='ltr'><strong>exinan-</strong></span> 
     </span>
    </p>

    <p class='ocr_par' dir='ltr' id='par_1_7' title="bbox 52 1287 1623 1616">
     <span class='ocr_line' id='line_1_17' title="bbox 52 1287 1578 1346; baseline 0.001 -16"><span class='ocrx_word' id='word_1_114' title='bbox 52 1304 92 1338; x_wconf 85' lang='lat'><strong>15</strong></span> <span class='ocrx_word' id='word_1_115' title='bbox 109 1289 185 1340; x_wconf 89' lang='lat' dir='ltr'><strong>ire,</strong></span> <span class='ocrx_word' id='word_1_116' title='bbox 215 1287 434 1346; x_wconf 85' lang='lat' dir='ltr'><strong>explicare</strong></span> <span class='ocrx_word' id='word_1_117' title='bbox 464 1287 692 1331; x_wconf 88' lang='lat' dir='ltr'><strong>inuolucra</strong></span> <span class='ocrx_word' id='word_1_118' title='bbox 727 1290 773 1330; x_wconf 90' lang='lat' dir='ltr'><strong>et</strong></span> <span class='ocrx_word' id='word_1_119' title='bbox 808 1287 1033 1330; x_wconf 89' lang='lat' dir='ltr'><strong>illustrare</strong></span> <span class='ocrx_word' id='word_1_120' title='bbox 1063 1287 1269 1330; x_wconf 78' lang='lat' dir='ltr'><strong>tenebras</strong></span> <span class='ocrx_word' id='word_1_121' title='bbox 1299 1288 1578 1345; x_wconf 69' lang='lat' dir='ltr'><strong>figurarum?</strong></span> 
     </span>
     <span class='ocr_line' id='line_1_18' title="bbox 111 1356 1623 1415; baseline -0.003 -15"><span class='ocrx_word' id='word_1_122' title='bbox 111 1357 159 1401; x_wconf 87' lang='lat' dir='ltr'><strong>Si</strong></span> <span class='ocrx_word' id='word_1_123' title='bbox 187 1357 285 1414; x_wconf 90' lang='lat' dir='ltr'><strong>quis</strong></span> <span class='ocrx_word' id='word_1_124' title='bbox 313 1360 380 1400; x_wconf 89' lang='lat' dir='ltr'><strong>est</strong></span> <span class='ocrx_word' id='word_1_125' title='bbox 406 1357 482 1414; x_wconf 91' lang='lat' dir='ltr'><strong>qui</strong></span> <span class='ocrx_word' id='word_1_126' title='bbox 509 1357 607 1414; x_wconf 89' lang='lat' dir='ltr'><strong>pari</strong></span> <span class='ocrx_word' id='word_1_127' title='bbox 636 1357 807 1415; x_wconf 89' lang='lat' dir='ltr'><strong>gratiae</strong></span> <span class='ocrx_word' id='word_1_128' title='bbox 836 1356 1071 1414; x_wconf 83' lang='lat' dir='ltr'><strong>priuilegio</strong></span> <span class='ocrx_word' id='word_1_129' title='bbox 1097 1357 1302 1414; x_wconf 86' lang='lat' dir='ltr'><strong>gaudeat,</strong></span> <span class='ocrx_word' id='word_1_130' title='bbox 1323 1357 1501 1400; x_wconf 88' lang='lat' dir='ltr'><strong>accedat</strong></span> <span class='ocrx_word' id='word_1_131' title='bbox 1521 1357 1577 1400; x_wconf 91' lang='lat' dir='ltr'><strong>ad</strong></span> <span class='ocrx_word' id='word_1_132' title='bbox 1595 1358 1623 1396; x_wconf 93' lang='lat' dir='ltr'><strong>b</strong></span> 
     </span>
     <span class='ocr_line' id='line_1_19' title="bbox 111 1426 1578 1484; baseline 0.001 -14"><span class='ocrx_word' id='word_1_133' title='bbox 111 1426 342 1470; x_wconf 87' lang='lat' dir='ltr'><strong>Danielem</strong></span> <span class='ocrx_word' id='word_1_134' title='bbox 381 1430 427 1470; x_wconf 89' lang='lat' dir='ltr'><strong>et</strong></span> <span class='ocrx_word' id='word_1_135' title='bbox 461 1426 632 1484; x_wconf 91' lang='lat' dir='ltr'><strong>Ioseph,</strong></span> <span class='ocrx_word' id='word_1_136' title='bbox 664 1429 710 1469; x_wconf 89' lang='lat' dir='ltr'><strong>et</strong></span> <span class='ocrx_word' id='word_1_137' title='bbox 744 1426 949 1469; x_wconf 90' lang='lat' dir='ltr'><strong>similiter</strong></span> <span class='ocrx_word' id='word_1_138' title='bbox 984 1426 1047 1469; x_wconf 89' lang='lat' dir='ltr'><strong>eis</strong></span> <span class='ocrx_word' id='word_1_139' title='bbox 1082 1426 1274 1469; x_wconf 91' lang='lat' dir='ltr'><strong>Domino</strong></span> <span class='ocrx_word' id='word_1_140' title='bbox 1314 1426 1578 1483; x_wconf 87' lang='lat' dir='ltr'><strong>gratuletur.</strong></span> 
     </span>
     <span class='ocr_line' id='line_1_20' title="bbox 113 1495 1578 1554; baseline -0.001 -15"><span class='ocrx_word' id='word_1_141' title='bbox 113 1495 254 1550; x_wconf 80' lang='lat' dir='ltr'><strong>Quem</strong></span> <span class='ocrx_word' id='word_1_142' title='bbox 283 1511 389 1540; x_wconf 88' lang='lat' dir='ltr'><strong>uero</strong></span> <span class='ocrx_word' id='word_1_143' title='bbox 418 1496 623 1539; x_wconf 88' lang='lat' dir='ltr'><strong>ueritatis</strong></span> <span class='ocrx_word' id='word_1_144' title='bbox 652 1496 836 1554; x_wconf 87' lang='lat' dir='ltr'><strong>spiritus</strong></span> <span class='ocrx_word' id='word_1_145' title='bbox 866 1510 956 1538; x_wconf 92' lang='lat' dir='ltr'><strong>non</strong></span> <span class='ocrx_word' id='word_1_146' title='bbox 985 1496 1192 1546; x_wconf 85' lang='lat' dir='ltr'><strong>illustrat,</strong></span> <span class='ocrx_word' id='word_1_147' title='bbox 1222 1496 1278 1538; x_wconf 89' lang='lat' dir='ltr'><strong>de</strong></span> <span class='ocrx_word' id='word_1_148' title='bbox 1307 1499 1403 1539; x_wconf 90' lang='lat' dir='ltr'><strong>arte</strong></span> <span class='ocrx_word' id='word_1_149' title='bbox 1434 1511 1578 1553; x_wconf 89' lang='lat' dir='ltr'><strong>somp-</strong></span> 
     </span>
     <span class='ocr_line' id='line_1_21' title="bbox 112 1565 1579 1616; baseline 0 -7"><span class='ocrx_word' id='word_1_150' title='bbox 112 1565 291 1610; x_wconf 88' lang='lat' dir='ltr'><strong>nolenta</strong></span> <span class='ocrx_word' id='word_1_151' title='bbox 319 1565 489 1609; x_wconf 77' lang='lat' dir='ltr'><strong>frustra</strong></span> <span class='ocrx_word' id='word_1_152' title='bbox 522 1566 716 1616; x_wconf 87' lang='lat' dir='ltr'><strong>confidit,</strong></span> <span class='ocrx_word' id='word_1_153' title='bbox 750 1580 851 1610; x_wconf 90' lang='lat' dir='ltr'><strong>cum</strong></span> <span class='ocrx_word' id='word_1_154' title='bbox 886 1580 959 1609; x_wconf 91' lang='lat' dir='ltr'><strong>ars</strong></span> <span class='ocrx_word' id='word_1_155' title='bbox 993 1566 1136 1610; x_wconf 89' lang='lat' dir='ltr'><strong>omnis</strong></span> <span class='ocrx_word' id='word_1_156' title='bbox 1166 1566 1329 1608; x_wconf 89' lang='lat' dir='ltr'><strong>habeat</strong></span> <span class='ocrx_word' id='word_1_157' title='bbox 1358 1581 1386 1608; x_wconf 88' lang='lat' dir='ltr'><strong>a</strong></span> <span class='ocrx_word' id='word_1_158' title='bbox 1415 1570 1579 1609; x_wconf 86' lang='lat' dir='ltr'><strong>natura</strong></span> 
     </span>
    </p>

    <p class='ocr_par' dir='ltr' id='par_1_8' title="bbox 51 1634 1578 1971">
     <span class='ocr_line' id='line_1_22' title="bbox 51 1634 1576 1693; baseline 0 -15"><span class='ocrx_word' id='word_1_159' title='bbox 51 1646 96 1671; x_wconf 79' lang='lat'><strong>²0</strong></span> <span class='ocrx_word' id='word_1_160' title='bbox 111 1634 336 1692; x_wconf 89' lang='lat' dir='ltr'><strong>originem,</strong></span> <span class='ocrx_word' id='word_1_161' title='bbox 370 1635 428 1678; x_wconf 90' lang='lat' dir='ltr'><strong>ab</strong></span> <span class='ocrx_word' id='word_1_162' title='bbox 466 1650 550 1679; x_wconf 88' lang='lat' dir='ltr'><strong>usu</strong></span> <span class='ocrx_word' id='word_1_163' title='bbox 590 1638 636 1678; x_wconf 92' lang='lat' dir='ltr'><strong>et</strong></span> <span class='ocrx_word' id='word_1_164' title='bbox 675 1636 846 1679; x_wconf 88' lang='lat' dir='ltr'><strong>ratione</strong></span> <span class='ocrx_word' id='word_1_165' title='bbox 885 1650 1147 1693; x_wconf 90' lang='lat' dir='ltr'><strong>processum.</strong></span> <span class='ocrx_word' id='word_1_166' title='bbox 1222 1635 1354 1678; x_wconf 86' lang='lat' dir='ltr'><strong>Ratio</strong></span> <span class='ocrx_word' id='word_1_167' title='bbox 1389 1650 1496 1678; x_wconf 87' lang='lat' dir='ltr'><strong>uero</strong></span> <span class='ocrx_word' id='word_1_168' title='bbox 1530 1636 1576 1678; x_wconf 90' lang='lat' dir='ltr'><strong>in</strong></span> 
     </span>
     <span class='ocr_line' id='line_1_23' title="bbox 110 1703 1577 1762; baseline 0 -15"><span class='ocrx_word' id='word_1_169' title='bbox 110 1703 180 1747; x_wconf 90' lang='lat' dir='ltr'><strong>his</strong></span> <span class='ocrx_word' id='word_1_170' title='bbox 199 1706 376 1748; x_wconf 88' lang='lat' dir='ltr'><strong>tantum</strong></span> <span class='ocrx_word' id='word_1_171' title='bbox 395 1703 618 1748; x_wconf 87' lang='lat' dir='ltr'><strong>defectum</strong></span> <span class='ocrx_word' id='word_1_172' title='bbox 638 1705 821 1762; x_wconf 86' lang='lat' dir='ltr'><strong>patitur,</strong></span> <span class='ocrx_word' id='word_1_173' title='bbox 842 1707 894 1748; x_wconf 91' lang='lat' dir='ltr'><strong>ut</strong></span> <span class='ocrx_word' id='word_1_174' title='bbox 914 1719 1002 1762; x_wconf 89' lang='lat' dir='ltr'><strong>quo</strong></span> <span class='ocrx_word' id='word_1_175' title='bbox 1022 1719 1068 1748; x_wconf 91' lang='lat' dir='ltr'><strong>se</strong></span> <span class='ocrx_word' id='word_1_176' title='bbox 1088 1707 1249 1754; x_wconf 90' lang='lat' dir='ltr'><strong>uertat,</strong></span> <span class='ocrx_word' id='word_1_177' title='bbox 1271 1704 1379 1761; x_wconf 90' lang='lat' dir='ltr'><strong>quid</strong></span> <span class='ocrx_word' id='word_1_178' title='bbox 1399 1705 1577 1755; x_wconf 87' lang='lat' dir='ltr'><strong>iudicet,</strong></span> 
     </span>
     <span class='ocr_line' id='line_1_24' title="bbox 108 1772 1577 1831; baseline 0.001 -16"><span class='ocrx_word' id='word_1_179' title='bbox 108 1772 366 1831; x_wconf 88' lang='lat' dir='ltr'><strong>plerumque</strong></span> <span class='ocrx_word' id='word_1_180' title='bbox 399 1774 579 1818; x_wconf 91' lang='lat' dir='ltr'><strong>omnino</strong></span> <span class='ocrx_word' id='word_1_181' title='bbox 610 1789 699 1817; x_wconf 89' lang='lat' dir='ltr'><strong>non</strong></span> <span class='ocrx_word' id='word_1_182' title='bbox 731 1774 903 1817; x_wconf 90' lang='lat' dir='ltr'><strong>habeat.</strong></span> <span class='ocrx_word' id='word_1_183' title='bbox 975 1774 1104 1828; x_wconf 82' lang='lat' dir='ltr'><strong>Quod</strong></span> <span class='ocrx_word' id='word_1_184' title='bbox 1140 1774 1318 1831; x_wconf 86' lang='lat' dir='ltr'><strong>quidem</strong></span> <span class='ocrx_word' id='word_1_185' title='bbox 1354 1789 1454 1817; x_wconf 89' lang='lat' dir='ltr'><strong>cum</strong></span> <span class='ocrx_word' id='word_1_186' title='bbox 1490 1774 1577 1817; x_wconf 84' lang='lat' dir='ltr'><strong>fre-</strong></span> 
     </span>
     <span class='ocr_line' id='line_1_25' title="bbox 109 1843 1578 1901; baseline 0.001 -16"><span class='ocrx_word' id='word_1_187' title='bbox 109 1845 295 1899; x_wconf 89' lang='lat' dir='ltr'><strong>quenter</strong></span> <span class='ocrx_word' id='word_1_188' title='bbox 323 1843 511 1894; x_wconf 89' lang='lat' dir='ltr'><strong>eueniat,</strong></span> <span class='ocrx_word' id='word_1_189' title='bbox 542 1843 751 1887; x_wconf 85' lang='lat' dir='ltr'><strong>facillime</strong></span> <span class='ocrx_word' id='word_1_190' title='bbox 781 1858 838 1887; x_wconf 89' lang='lat' dir='ltr'><strong>ex</strong></span> <span class='ocrx_word' id='word_1_191' title='bbox 866 1844 1019 1901; x_wconf 90' lang='lat' dir='ltr'><strong>paucis</strong></span> <span class='ocrx_word' id='word_1_192' title='bbox 1053 1843 1289 1901; x_wconf 89' lang='lat' dir='ltr'><strong>colligitur.</strong></span> <span class='ocrx_word' id='word_1_193' title='bbox 1350 1843 1578 1886; x_wconf 88' lang='lat' dir='ltr'><strong>Sollicitus</strong></span> 
     </span>
     <span class='ocr_line' id='line_1_26' title="bbox 111 1911 1577 1971; baseline 0 -15"><span class='ocrx_word' id='word_1_194' title='bbox 111 1911 289 1968; x_wconf 88' lang='lat' dir='ltr'><strong>quidam</strong></span> <span class='ocrx_word' id='word_1_195' title='bbox 316 1912 493 1971; x_wconf 91' lang='lat' dir='ltr'><strong>(nomen</strong></span> <span class='ocrx_word' id='word_1_196' title='bbox 513 1914 677 1956; x_wconf 86' lang='lat' dir='ltr'><strong>etenim</strong></span> <span class='ocrx_word' id='word_1_197' title='bbox 705 1928 732 1956; x_wconf 91' lang='lat' dir='ltr'><strong>a</strong></span> <span class='ocrx_word' id='word_1_198' title='bbox 758 1914 970 1956; x_wconf 91' lang='lat' dir='ltr'><strong>memoria</strong></span> <span class='ocrx_word' id='word_1_199' title='bbox 997 1913 1174 1964; x_wconf 82' lang='lat' dir='ltr'><strong>excidit,</strong></span> <span class='ocrx_word' id='word_1_200' title='bbox 1194 1914 1278 1956; x_wconf 91' lang='lat' dir='ltr'><strong>etsi</strong></span> <span class='ocrx_word' id='word_1_201' title='bbox 1308 1913 1577 1956; x_wconf 86' lang='lat' dir='ltr'><strong>narrationis</strong></span> 
     </span>
    </p>

    <p class='ocr_par' dir='ltr' id='par_1_9' title="bbox 51 1982 1616 2319">
     <span class='ocr_line' id='line_1_27' title="bbox 51 1982 1576 2041; baseline -0.001 -15"><span class='ocrx_word' id='word_1_202' title='bbox 51 2000 92 2035; x_wconf 75' lang='lat'><strong>²⁵</strong></span> <span class='ocrx_word' id='word_1_203' title='bbox 111 1983 333 2024; x_wconf 87' lang='lat' dir='ltr'><strong>auctorem</strong></span> <span class='ocrx_word' id='word_1_204' title='bbox 348 1997 559 2040; x_wconf 89' lang='lat' dir='ltr'><strong>magnum</strong></span> <span class='ocrx_word' id='word_1_205' title='bbox 579 1986 754 2026; x_wconf 89' lang='lat' dir='ltr'><strong>teneam</strong></span> <span class='ocrx_word' id='word_1_206' title='bbox 770 1982 1091 2041; x_wconf 83' lang='lat' dir='ltr'><strong>Augustinum)</strong></span> <span class='ocrx_word' id='word_1_207' title='bbox 1107 1983 1154 2025; x_wconf 91' lang='lat' dir='ltr'><strong>in</strong></span> <span class='ocrx_word' id='word_1_208' title='bbox 1175 1998 1222 2026; x_wconf 92' lang='lat' dir='ltr'><strong>re</strong></span> <span class='ocrx_word' id='word_1_209' title='bbox 1243 1983 1380 2026; x_wconf 91' lang='lat' dir='ltr'><strong>dubia</strong></span> <span class='ocrx_word' id='word_1_210' title='bbox 1398 1997 1576 2025; x_wconf 87' lang='lat' dir='ltr'><strong>sensum</strong></span> 
     </span>
     <span class='ocr_line' id='line_1_28' title="bbox 110 2050 1575 2110; baseline 0.001 -17"><span class='ocrx_word' id='word_1_211' title='bbox 110 2050 302 2102; x_wconf 89' lang='lat' dir='ltr'><strong>alterius,</strong></span> <span class='ocrx_word' id='word_1_212' title='bbox 322 2051 393 2095; x_wconf 90' lang='lat' dir='ltr'><strong>cui</strong></span> <span class='ocrx_word' id='word_1_213' title='bbox 419 2066 513 2095; x_wconf 91' lang='lat' dir='ltr'><strong>rem</strong></span> <span class='ocrx_word' id='word_1_214' title='bbox 539 2055 726 2096; x_wconf 90' lang='lat' dir='ltr'><strong>nouerat</strong></span> <span class='ocrx_word' id='word_1_215' title='bbox 752 2067 845 2095; x_wconf 91' lang='lat' dir='ltr'><strong>esse</strong></span> <span class='ocrx_word' id='word_1_216' title='bbox 871 2055 1036 2102; x_wconf 87' lang='lat' dir='ltr'><strong>notam,</strong></span> <span class='ocrx_word' id='word_1_217' title='bbox 1060 2067 1223 2110; x_wconf 90' lang='lat' dir='ltr'><strong>magna</strong></span> <span class='ocrx_word' id='word_1_218' title='bbox 1248 2052 1464 2095; x_wconf 86' lang='lat' dir='ltr'><strong>instantia</strong></span> <span class='ocrx_word' id='word_1_219' title='bbox 1491 2052 1575 2094; x_wconf 88' lang='lat' dir='ltr'><strong>sibi</strong></span> 
     </span>
     <span class='ocr_line' id='line_1_29' title="bbox 108 2120 1575 2179; baseline 0 -15"><span class='ocrx_word' id='word_1_220' title='bbox 108 2120 364 2177; x_wconf 88' lang='lat' dir='ltr'><strong>postulabat</strong></span> <span class='ocrx_word' id='word_1_221' title='bbox 397 2122 570 2179; x_wconf 87' lang='lat' dir='ltr'><strong>exponi.</strong></span> <span class='ocrx_word' id='word_1_222' title='bbox 641 2121 755 2166; x_wconf 86' lang='lat' dir='ltr'><strong>Cum</strong></span> <span class='ocrx_word' id='word_1_223' title='bbox 789 2136 896 2165; x_wconf 88' lang='lat' dir='ltr'><strong>uero</strong></span> <span class='ocrx_word' id='word_1_224' title='bbox 930 2122 1045 2165; x_wconf 89' lang='lat' dir='ltr'><strong>alter</strong></span> <span class='ocrx_word' id='word_1_225' title='bbox 1079 2123 1273 2179; x_wconf 88' lang='lat' dir='ltr'><strong>petentis</strong></span> <span class='ocrx_word' id='word_1_226' title='bbox 1307 2122 1575 2164; x_wconf 89' lang='lat' dir='ltr'><strong>desiderium</strong></span> 
     </span>
     <span class='ocr_line' id='line_1_30' title="bbox 108 2190 1575 2248; baseline 0.001 -16"><span class='ocrx_word' id='word_1_227' title='bbox 108 2190 468 2247; x_wconf 85' lang='lat' dir='ltr'><strong>promissionibus</strong></span> <span class='ocrx_word' id='word_1_228' title='bbox 494 2191 797 2248; x_wconf 82' lang='lat' dir='ltr'><strong>protraxisset,</strong></span> <span class='ocrx_word' id='word_1_229' title='bbox 818 2195 863 2235; x_wconf 91' lang='lat' dir='ltr'><strong>et</strong></span> <span class='ocrx_word' id='word_1_230' title='bbox 890 2192 1023 2235; x_wconf 89' lang='lat' dir='ltr'><strong>unius</strong></span> <span class='ocrx_word' id='word_1_231' title='bbox 1049 2192 1265 2235; x_wconf 89' lang='lat' dir='ltr'><strong>instantia</strong></span> <span class='ocrx_word' id='word_1_232' title='bbox 1291 2191 1575 2234; x_wconf 89' lang='lat' dir='ltr'><strong>deluderetur</strong></span> 
     </span>
     <span class='ocr_line' id='line_1_31' title="bbox 109 2258 1616 2319; baseline 0 -17"><span class='ocrx_word' id='word_1_233' title='bbox 109 2258 350 2303; x_wconf 85' lang='lat' dir='ltr'><strong>calliditate</strong></span> <span class='ocrx_word' id='word_1_234' title='bbox 383 2260 577 2311; x_wconf 89' lang='lat' dir='ltr'><strong>alterius,</strong></span> <span class='ocrx_word' id='word_1_235' title='bbox 611 2261 772 2305; x_wconf 85' lang='lat' dir='ltr'><strong>accidit</strong></span> <span class='ocrx_word' id='word_1_236' title='bbox 810 2263 863 2304; x_wconf 92' lang='lat' dir='ltr'><strong>ut</strong></span> <span class='ocrx_word' id='word_1_237' title='bbox 897 2262 1050 2304; x_wconf 84' lang='lat' dir='ltr'><strong>eadem</strong></span> <span class='ocrx_word' id='word_1_238' title='bbox 1084 2265 1213 2305; x_wconf 89' lang='lat' dir='ltr'><strong>nocte</strong></span> <span class='ocrx_word' id='word_1_239' title='bbox 1252 2261 1420 2319; x_wconf 90' lang='lat' dir='ltr'><strong>pariter</strong></span> <span class='ocrx_word' id='word_1_240' title='bbox 1459 2275 1572 2303; x_wconf 91' lang='lat' dir='ltr'><strong>som-</strong></span> <span class='ocrx_word' id='word_1_241' title='bbox 1592 2280 1616 2310; x_wconf 82' lang='lat' dir='ltr'>c</span> 
     </span>
    </p>

    <p class='ocr_par' dir='ltr' id='par_1_10' title="bbox 52 2327 1575 2595">
     <span class='ocr_line' id='line_1_32' title="bbox 52 2327 1575 2388; baseline -0.001 -16"><span class='ocrx_word' id='word_1_242' title='bbox 52 2347 95 2382; x_wconf 74' lang='lat'><strong>30</strong></span> <span class='ocrx_word' id='word_1_243' title='bbox 110 2327 295 2379; x_wconf 87' lang='lat' dir='ltr'><strong>niarent,</strong></span> <span class='ocrx_word' id='word_1_244' title='bbox 314 2329 427 2373; x_wconf 87' lang='lat' dir='ltr'><strong>alter</strong></span> <span class='ocrx_word' id='word_1_245' title='bbox 457 2330 574 2386; x_wconf 88' lang='lat' dir='ltr'><strong>quod</strong></span> <span class='ocrx_word' id='word_1_246' title='bbox 600 2345 693 2373; x_wconf 90' lang='lat' dir='ltr'><strong>rem</strong></span> <span class='ocrx_word' id='word_1_247' title='bbox 720 2331 966 2388; x_wconf 90' lang='lat' dir='ltr'><strong>quaesitam</strong></span> <span class='ocrx_word' id='word_1_248' title='bbox 994 2331 1163 2388; x_wconf 90' lang='lat' dir='ltr'><strong>petenti</strong></span> <span class='ocrx_word' id='word_1_249' title='bbox 1190 2333 1441 2388; x_wconf 84' lang='lat' dir='ltr'><strong>exponeret,</strong></span> <span class='ocrx_word' id='word_1_250' title='bbox 1462 2330 1575 2372; x_wconf 88' lang='lat' dir='ltr'><strong>alter</strong></span> 
     </span>
     <span class='ocr_line' id='line_1_33' title="bbox 111 2397 1575 2458; baseline 0.001 -19"><span class='ocrx_word' id='word_1_251' title='bbox 111 2397 228 2453; x_wconf 88' lang='lat' dir='ltr'><strong>quod</strong></span> <span class='ocrx_word' id='word_1_252' title='bbox 247 2397 286 2440; x_wconf 92' lang='lat' dir='ltr'><strong>ei</strong></span> <span class='ocrx_word' id='word_1_253' title='bbox 311 2413 338 2440; x_wconf 90' lang='lat' dir='ltr'><strong>a</strong></span> <span class='ocrx_word' id='word_1_254' title='bbox 356 2398 548 2442; x_wconf 89' lang='lat' dir='ltr'><strong>doctiore</strong></span> <span class='ocrx_word' id='word_1_255' title='bbox 576 2399 911 2458; x_wconf 87' lang='lat' dir='ltr'><strong>diligentissime</strong></span> <span class='ocrx_word' id='word_1_256' title='bbox 936 2403 1242 2458; x_wconf 88' lang='lat' dir='ltr'><strong>exponeretur.</strong></span> <span class='ocrx_word' id='word_1_257' title='bbox 1303 2400 1575 2455; x_wconf 88' lang='lat' dir='ltr'><strong>Factumque</strong></span> 
     </span>
     <span class='ocr_line' id='line_1_34' title="bbox 111 2468 1574 2525; baseline 0.001 -17"><span class='ocrx_word' id='word_1_258' title='bbox 111 2468 179 2509; x_wconf 88' lang='lat' dir='ltr'><strong>est</strong></span> <span class='ocrx_word' id='word_1_259' title='bbox 200 2468 254 2509; x_wconf 91' lang='lat' dir='ltr'><strong>ut</strong></span> <span class='ocrx_word' id='word_1_260' title='bbox 273 2480 373 2510; x_wconf 90' lang='lat' dir='ltr'><strong>cum</strong></span> <span class='ocrx_word' id='word_1_261' title='bbox 396 2468 555 2511; x_wconf 90' lang='lat' dir='ltr'><strong>umbra</strong></span> <span class='ocrx_word' id='word_1_262' title='bbox 574 2469 736 2525; x_wconf 92' lang='lat' dir='ltr'><strong>quietis</strong></span> <span class='ocrx_word' id='word_1_263' title='bbox 763 2472 1054 2520; x_wconf 90' lang='lat' dir='ltr'><strong>euanesceret,</strong></span> <span class='ocrx_word' id='word_1_264' title='bbox 1075 2484 1121 2513; x_wconf 91' lang='lat' dir='ltr'><strong>se</strong></span> <span class='ocrx_word' id='word_1_265' title='bbox 1151 2470 1390 2512; x_wconf 86' lang='lat' dir='ltr'><strong>miraretur</strong></span> <span class='ocrx_word' id='word_1_266' title='bbox 1416 2469 1491 2511; x_wconf 88' lang='lat' dir='ltr'><strong>ille</strong></span> <span class='ocrx_word' id='word_1_267' title='bbox 1517 2468 1574 2510; x_wconf 91' lang='lat' dir='ltr'><strong>ad</strong></span> 
     </span>
     <span class='ocr_line' id='line_1_35' title="bbox 111 2534 1574 2595; baseline 0.002 -18"><span class='ocrx_word' id='word_1_268' title='bbox 111 2534 349 2586; x_wconf 85' lang='lat' dir='ltr'><strong>scientiam,</strong></span> <span class='ocrx_word' id='word_1_269' title='bbox 387 2551 520 2593; x_wconf 88' lang='lat' dir='ltr'><strong>quam</strong></span> <span class='ocrx_word' id='word_1_270' title='bbox 565 2537 643 2581; x_wconf 89' lang='lat' dir='ltr'><strong>diu</strong></span> <span class='ocrx_word' id='word_1_271' title='bbox 689 2539 949 2595; x_wconf 90' lang='lat' dir='ltr'><strong>quaesierat,</strong></span> <span class='ocrx_word' id='word_1_272' title='bbox 989 2539 1084 2582; x_wconf 91' lang='lat' dir='ltr'><strong>sine</strong></span> <span class='ocrx_word' id='word_1_273' title='bbox 1124 2539 1315 2582; x_wconf 87' lang='lat' dir='ltr'><strong>doctoris</strong></span> <span class='ocrx_word' id='word_1_274' title='bbox 1365 2538 1574 2581; x_wconf 89' lang='lat' dir='ltr'><strong>beneficio</strong></span> 
     </span>
    </p>
   </div>
   <div class='ocr_carea' id='block_1_6' title="bbox 111 2641 1571 2838">
    <p class='ocr_par' dir='ltr' id='par_1_11' title="bbox 111 2641 1571 2838">
     <span class='ocr_line' id='line_1_36' title="bbox 113 2641 1569 2695; baseline 0.003 -18"><span class='ocrx_word' id='word_1_275' title='bbox 113 2651 134 2677; x_wconf 87' lang='lat'>2</span> <span class='ocrx_word' id='word_1_276' title='bbox 155 2641 336 2695; x_wconf 66' lang='lat' dir='ltr'><strong>chaldeus</strong></span> <span class='ocrx_word' id='word_1_277' title='bbox 351 2643 412 2680; x_wconf 84' lang='lat' dir='ltr'><strong>CB</strong></span> <span class='ocrx_word' id='word_1_278' title='bbox 569 2647 591 2682; x_wconf 94' lang='lat'>8</span> <span class='ocrx_word' id='word_1_279' title='bbox 616 2646 877 2693; x_wconf 84' lang='lat' dir='ltr'><strong>sompniorum</strong></span> <span class='ocrx_word' id='word_1_280' title='bbox 894 2647 968 2683; x_wconf 82' lang='lat' dir='ltr'><strong>AM</strong></span> <span class='ocrx_word' id='word_1_281' title='bbox 1128 2657 1174 2684; x_wconf 83' lang='lat' dir='ltr'><strong>xo</strong></span> <span class='ocrx_word' id='word_1_282' title='bbox 1198 2647 1320 2682; x_wconf 84' lang='lat' dir='ltr'><strong>stratu</strong></span> <span class='ocrx_word' id='word_1_283' title='bbox 1338 2646 1371 2680; x_wconf 92' lang='lat' dir='ltr'>A</span> <span class='ocrx_word' id='word_1_284' title='bbox 1531 2655 1569 2682; x_wconf 91' lang='lat'><strong>11</strong></span> 
     </span>
     <span class='ocr_line' id='line_1_37' title="bbox 111 2689 1457 2741; baseline 0.004 -17"><span class='ocrx_word' id='word_1_285' title='bbox 111 2689 323 2726; x_wconf 80' lang='lat' dir='ltr'><strong>misterium</strong></span> <span class='ocrx_word' id='word_1_286' title='bbox 339 2690 398 2727; x_wconf 81' lang='lat' dir='ltr'><strong>As</strong></span> <span class='ocrx_word' id='word_1_287' title='bbox 542 2694 585 2730; x_wconf 83' lang='lat'><strong>18</strong></span> <span class='ocrx_word' id='word_1_288' title='bbox 609 2692 848 2731; x_wconf 83' lang='lat' dir='ltr'><strong>somnolenta</strong></span> <span class='ocrx_word' id='word_1_289' title='bbox 865 2693 890 2731; x_wconf 87' lang='lat' dir='ltr'>S</span> <span class='ocrx_word' id='word_1_290' title='bbox 1033 2705 1080 2741; x_wconf 90' lang='lat'><strong>29</strong></span> <span class='ocrx_word' id='word_1_291' title='bbox 1104 2694 1366 2741; x_wconf 86' lang='lat' dir='ltr'><strong>sompniarent</strong></span> <span class='ocrx_word' id='word_1_292' title='bbox 1382 2694 1457 2729; x_wconf 85' lang='lat' dir='ltr'><strong>AM</strong></span> 
     </span>
     <span class='ocr_line' id='line_1_38' title="bbox 161 2788 1571 2838; baseline 0.005 -18"><span class='ocrx_word' id='word_1_293' title='bbox 161 2795 181 2830; x_wconf 92' lang='lat'>7</span> <span class='ocrx_word' id='word_1_294' title='bbox 205 2791 247 2821; x_wconf 80' lang='lat' dir='ltr'><strong>ut</strong></span> <span class='ocrx_word' id='word_1_295' title='bbox 262 2788 303 2822; x_wconf 83' lang='lat' dir='ltr'><strong>in</strong></span> <span class='ocrx_word' id='word_1_296' title='bbox 319 2788 430 2824; x_wconf 80' lang='lat' dir='ltr'><strong>lucem</strong></span> <span class='ocrx_word' id='word_1_297' title='bbox 446 2791 539 2827; x_wconf 86' lang='lat' dir='ltr'><strong>etc.:</strong></span> <span class='ocrx_word' id='word_1_298' title='bbox 565 2802 601 2826; x_wconf 89' lang='lat' dir='ltr'><strong>v.</strong></span> <span class='ocrx_word' id='word_1_299' title='bbox 618 2790 712 2828; x_wconf 86' lang='lat' dir='ltr'><strong>Dan.</strong></span> <span class='ocrx_word' id='word_1_300' title='bbox 728 2791 769 2828; x_wconf 85' lang='lat' dir='ltr'><strong>ii.</strong></span> <span class='ocrx_word' id='word_1_301' title='bbox 877 2802 922 2838; x_wconf 90' lang='lat'><strong>23</strong></span> <span class='ocrx_word' id='word_1_302' title='bbox 946 2793 1129 2829; x_wconf 80' lang='lat' dir='ltr'><strong>Sollicitus</strong></span> <span class='ocrx_word' id='word_1_303' title='bbox 1145 2794 1239 2829; x_wconf 86' lang='lat' dir='ltr'><strong>etc.:</strong></span> <span class='ocrx_word' id='word_1_304' title='bbox 1267 2804 1301 2829; x_wconf 87' lang='lat' dir='ltr'><strong>v.</strong></span> <span class='ocrx_word' id='word_1_305' title='bbox 1320 2792 1417 2838; x_wconf 87' lang='lat' dir='ltr'><strong>Aug.</strong></span> <span class='ocrx_word' id='word_1_306' title='bbox 1435 2794 1478 2828; x_wconf 83' lang='lat' dir='ltr'><strong>de</strong></span> <span class='ocrx_word' id='word_1_307' title='bbox 1499 2793 1571 2828; x_wconf 77' lang='lat' dir='ltr'><strong>Civ.</strong></span> 
     </span>
    </p>
   </div>
   <div class='ocr_carea' id='block_1_7' title="bbox 115 2833 1464 2953">
    <p class='ocr_par' dir='ltr' id='par_1_12' title="bbox 115 2833 1464 2953">
     <span class='ocr_line' id='line_1_39' title="bbox 115 2833 388 2877; baseline 0.015 -9"><span class='ocrx_word' id='word_1_308' title='bbox 115 2834 194 2877; x_wconf 80' lang='lat' dir='ltr'><strong>Dei,</strong></span> <span class='ocrx_word' id='word_1_309' title='bbox 213 2833 314 2870; x_wconf 86' lang='lat' dir='ltr'><strong>xviii.</strong></span> <span class='ocrx_word' id='word_1_310' title='bbox 335 2836 388 2872; x_wconf 90' lang='lat'><strong>18.</strong></span> 
     </span>
     <span class='ocr_line' id='line_1_40' title="bbox 1420 2920 1464 2953; baseline 0 0"><span class='ocrx_word' id='word_1_311' title='bbox 1420 2920 1464 2953; x_wconf 92' lang='lat'><strong>99</strong></span> 
     </span>
    </p>
   </div>
  </div>
 </body>
</html>
