1994 3190
186 153 264 203 585
281 152 311 192 d
656 149 917 194 IOANNIS
957 149 1469 193 SARESBERIENSIS
1639 147 1749 209 [ΜΒ.
1765 160 1796 192 v

281 271 311 312 d
328 271 585 313 innocenter
619 269 761 313 teneri
795 272 954 327 potest,
985 269 1154 312 nullius
1185 269 1460 314 difficultatis
1494 269 1692 313 irruente
1726 284 1796 312 ar·

327 339 464 383 ticulo
503 339 789 396 propellatur.
869 338 943 381 Sic
990 353 1094 396 ergo
1133 339 1353 382 seruanda
1397 342 1465 382 est
1511 340 1608 382 uita
1646 342 1700 382 ut
1737 339 1798 382 sit

327 408 634 465 contemptui3
683 408 745 451 sic
791 407 1142 464 contempnenda
1188 410 1256 451 est
1299 411 1352 451 ut
1401 408 1603 465 proficiat
1651 404 1798 451 saluti.

329 478 419 521 Sed
452 478 552 535 quis
586 481 654 520 est
688 477 765 534 qui
800 477 931 520 hodie
961 480 1247 534 contempnat
1282 478 1489 528 animam,
1518 492 1619 522 cum
1648 477 1799 520 nullus

330 551 411 590 aut
443 562 570 590 rarus
602 547 662 590 sit
696 547 772 603 qui
803 550 900 590 toto
938 547 1101 590 mentis
1140 546 1269 589 hiatu
1302 547 1535 604 pecuniam
1568 562 1659 590 non
1697 561 1798 590 eon·
1818 560 1837 594 5

329 617 555 674 cupiscat‘ss
614 616 810 670 Quidni?
874 615 990 660 Cum

590 722 731 766 genus
761 711 807 750 et
837 707 1025 750 formam
1055 707 1210 764 regina
1240 707 1432 750 Pecunia
1461 707 1608 758 donet,

447 769 493 809 et
521 766 632 809 bene
662 769 942 808 nummatum
972 766 1148 809 decoret
1176 765 1369 808 Suadela
1399 765 1647 822 Venusque,

331 853 408 910 qui
435 852 561 896 diues
585 855 664 903 est,
692 852 768 909 qui
795 854 1083 909 prosperatur
1108 851 1156 893 in
1176 851 1264 894 uiis
1290 851 1394 904 suis,
1419 851 1594 908 sapiens
1619 853 1665 894 et
1692 850 1803 894 felix

333 922 568 966 iudicatur.
626 922 698 964 Ad
725 922 807 964 hoe
834 921 948 964 alius
972 935 1157 964 uxorem
1178 920 1312 971 ducit,
1337 920 1451 963 alius
1476 921 1671 978 quinque
1698 921 1804 978 iuga
1823 934 1864 959 10

333 992 467 1035 boum
487 994 567 1034 aut
586 990 740 1033 uillam
761 991 881 1042 emit,
902 993 1226 1033 commutantes
1252 1004 1333 1047 pro
1353 990 1424 1033 his
1444 990 1639 1032 animam
1663 1004 1802 1034 suam.

335 1060 557 1117 Cecosque
589 1064 634 1103 et
665 1060 844 1103 claudos
876 1062 922 1102 et
955 1059 1121 1102 debiles
1160 1061 1383 1116 reputant,
1417 1059 1578 1116 quibus
1612 1059 1805 1102 mundus

185 1135 267 1184 586
289 1145 319 1174 a
336 1144 614 1187 nequaquam
639 1129 819 1181 arridet,
843 1143 953 1185 quos
979 1131 1129 1171 tamen
1157 1128 1307 1171 eiectis
1334 1128 1551 1171 diuitibus
1578 1128 1625 1170 in
1652 1143 1806 1171 cenam

335 1199 581 1256 nuptialem
602 1198 832 1255 Sapientia
851 1197 1107 1250 introducit,
1127 1198 1204 1240 ubi
1224 1197 1503 1240 inebriantur
1521 1197 1579 1240 ab
1602 1197 1806 1241 ubertate

335 1269 492 1311 domus
517 1267 601 1311 Dei
630 1270 676 1310 et
707 1271 904 1310 torrente
931 1267 1180 1324 uoluptatis
1215 1270 1393 1310 eternae
1419 1269 1634 1324 potantur
1665 1266 1806 1311 electi.
1827 1280 1865 1314 Ι5

335 1338 522 1381 Interim
553 1337 818 1394 quicumque
848 1351 938 1379 non
967 1337 1103 1379 habet
1133 1336 1316 1379 diuitias
1345 1336 1511 1379 stultus
1541 1339 1620 1388 est,
1644 1335 1806 1387 asinus,

335 1408 485 1464 stipes,
523 1406 705 1457 caudex,
744 1406 987 1464 plumbum,
1027 1409 1108 1449 aut
1155 1406 1193 1449 si
1240 1405 1347 1463 quid
1387 1405 1688 1449 insensibilius
1727 1408 1806 1449 est.

337 1477 516 1521 Stultus
553 1491 658 1534 ergo
697 1479 743 1519 et
781 1476 916 1519 miser
955 1478 1033 1527 est,
1065 1476 1103 1519 si
1136 1475 1235 1533 quis
1266 1478 1334 1518 est
1364 1489 1544 1532 pauper.
1605 1474 1693 1518 Sed
1727 1489 1807 1519 nec

337 1546 476 1589 amari
516 1548 664 1603 potest
702 1545 760 1589 ab
800 1545 961 1602 aliquo,
1000 1560 1131 1602 quem
1170 1545 1288 1588 mala
1327 1543 1510 1588 fortuna
1547 1544 1722 1602 premit,
1757 1558 1808 1588 eo

338 1615 456 1673 quod
1828 1631 1870 1656 πο

513 1701 637 1744 nulla
666 1700 775 1743 fides
804 1715 1015 1757 umquam
1046 1700 1228 1743 miseros
1257 1699 1391 1757 elegit
1421 1699 1610 1752 amicos;

341 1791 386 1831 et
405 1787 521 1830 iuste
541 1786 738 1830 ereditur
759 1786 945 1843 quisque
971 1786 1089 1829 mala
1117 1785 1233 1828 ferre
1261 1800 1374 1842 quae
1401 1785 1604 1829 sustinet.
1665 1784 1808 1828 Adeo·

340 1872 425 1914 que
446 1871 631 1914 regnum
652 1855 863 1913 pecuniae
884 1855 1077 1898 inualuit
1098 1858 1150 1898 ut
1177 1855 1435 1911 desperetur
1457 1855 1512 1898 de
1538 1854 1625 1897 fide
1652 1854 1810 1898 iudicis

341 1926 418 1983 qui
449 1925 624 1982 repellit
652 1939 837 1967 munera
871 1924 1105 1967 offerentis.
1165 1923 1214 1967 Si
1245 1923 1426 1981 pascisci
1457 1924 1688 1976 detrectas,
1716 1923 1807 1981 pol-

341 1995 515 2039 licentis
554 1994 720 2037 uideris
759 1993 903 2036 odisse
949 2007 1158 2045 causam3
1208 1996 1254 2036 et
1298 1993 1486 2036 fortasse
1527 1993 1688 2037 affectu
1736 1993 1808 2036 uel
1829 2006 1870 2041 25

295 2074 325 2112 b
343 2078 524 2108 munere
559 2077 652 2106 esse
686 2062 875 2106 crederis
910 2066 1261 2119 praecorruptus,
1289 2062 1325 2104 si
1357 2076 1613 2119 permanere
1643 2062 1713 2106 uis
1743 2063 1810 2105 in·

342 2136 588 2190 corruptus.
664 2131 896 2175 Sententia
935 2131 1007 2175 uel
1042 2131 1192 2189 opinio
1231 2131 1592 2189 philosophorum
1632 2131 1811 2175 omnino

342 2202 538 2252 euanuit,
569 2201 675 2244 dum
710 2201 772 2244 sic
803 2215 954 2243 omnes
989 2204 1090 2257 post
1120 2201 1303 2243 diuitias
1337 2203 1519 2244 currant
1549 2214 1600 2244 ac
1634 2201 1671 2244 si
1704 2200 1811 2244 alibi

343 2272 543 2315 laborum
565 2270 738 2327 requies
765 2270 1053 2327 dolorumque
1081 2270 1287 2313 solatium
1317 2269 1509 2314 inueniri
1538 2284 1626 2313 non
1653 2274 1811 2328 posset,

350 2394 390 2430 18
415 2391 603 2437 miserque
622 2390 659 2426 M

394 2511 414 2584 ἵ
445 2503 535 2537 Cum
549 2513 661 2547 yenus
678 2502 773 2537 ete:
799 2498 887 2535 Hor.
908 2500 978 2545 Ep.
997 2498 1020 2534 i.
1040 2499 1071 2535 6.
1093 2508 1147 2545 37,
1169 2501 1223 2544 38.
1372 2510 1415 2536 10
1439 2502 1537 2537 alius
1553 2512 1702 2537 uxorem
1718 2502 1812 2538 eta:

347 2562 378 2584 v.
413 2561 485 2585 mc.
503 2548 575 2584 xiv.
596 2550 718 2584 18—20.
897 2557 938 2591 14
963 2548 1150 2592 Sapientia
1167 2559 1175 2583 :
1202 2546 1255 2583 nic
1273 2547 1468 2584 dominum
1487 2549 1526 2584 in
1544 2547 1687 2584 Christi
1705 2559 1814 2595 para-

348 2596 435 2633 bola
452 2598 570 2638 vocat,
590 2606 731 2632 memor
754 2594 856 2631 Prov.
883 2594 931 2630 ix.
955 2604 966 2630 1
986 2605 1086 2640 seqq.
1135 2596 1323 2640 Sapientia
1342 2622 1349 2631 .
1369 2623 1376 2632 .
1396 2622 1404 2632 .
1423 2598 1624 2632 immolauit
1649 2598 1817 2632 uictimas

347 2657 444 2685 mum,
463 2645 604 2678 miscuit
623 2644 761 2684 uinum,
780 2647 811 2678 ee
824 2643 1011 2688 proposuit
1038 2654 1196 2677 mentum·
1221 2654 1351 2686 mmm5
1375 2645 1473 2678 misit
1495 2645 1648 2679 ancillae
1667 2655 1754 2679 auae
1775 2649 1814 2679 ut

349 2696 517 2727 uocarent
534 2693 583 2726 ad
599 2702 714 2726 arcem
736 2692 807 2727 etc.
936 2698 976 2733 14
1003 2690 1232 2725 inebriantur
1247 2691 1316 2726 etc.
1334 2702 1341 2726 :
1369 2702 1400 2726 v.
1423 2689 1479 2726 Pa.
1499 2702 1607 2727 xxxv.
1625 2700 1648 2736 9
1772 2692 1814 2727 16

349 2740 480 2774 nultus
497 2743 557 2780 ne,
575 2741 703 2773 asinus
719 2739 811 2773 ete:
837 2748 869 2773 v.
885 2735 963 2772 Ter.
981 2737 1131 2773 Ilauton
1154 2738 1287 2773 Timor.
1304 2749 1335 2774 v.
1358 2747 1386 2775 1.
1405 2748 1437 2783 4.
1631 2748 1669 2775 21
1700 2739 1814 2775 Nulla

340 2788 438 2832 fides
454 2788 551 2822 etc.:
578 2785 715 2822 Lucan.
735 2785 861 2821 Phara.
879 2782 954 2820 viii.
976 2793 1052 2831 535.

461 2856 526 2900 3⁶⁴
