1994 3190
169 238 270 272 car.
283 226 397 288 xm]
690 227 1129 273 POLICRATICVS
1649 239 1726 281 572
1746 240 1772 271 c

169 348 364 392 didicisti
406 348 512 406 quia
549 347 597 391 in
636 347 977 405 quaestionibus,
1017 362 1130 404 quae
1179 348 1346 392 habent
1393 349 1635 406 positiones

169 417 407 474 implicitas
437 420 483 461 et
511 431 624 474 quae
653 417 845 460 latenter
873 416 1113 459 inuoluunt
1147 418 1382 469 contraria,
1416 418 1635 462 laboriosa

169 486 331 530 solutio
350 489 429 538 est,
448 486 535 530 nisi
555 485 672 529 forte
691 488 737 528 te
763 485 948 542 antiquo
975 485 1163 528 Nestore
1184 490 1362 543 reputes
1381 487 1635 530 cautiorem.
1664 500 1667 503 ·

170 555 240 599 Ne
269 556 420 599 credas
459 555 639 606 somnio,
669 554 990 612 Agamemnoni
1031 555 1199 598 dictum
1234 559 1302 598 est
1342 556 1389 598 in
1428 557 1635 614 sompnis,

131 645 149 678 5
169 624 276 668 dum
296 625 344 667 in
364 624 535 668 excidio
561 623 717 667 Troiae
743 623 901 667 Grecia
927 623 1159 666 laboraret.
1221 624 1454 682 Huiusque
1474 626 1633 668 somnii
1651 626 1681 666 d

169 694 580 751 interpretationem
611 693 710 736 Ioui
744 695 1010 736 censuerunt
1045 692 1284 735 Grecorum
1319 694 1634 750 sapientissimi

169 763 494 807 reseruandam.
551 762 822 806 Laborantes
852 761 946 805 uidi
977 762 1336 819 quamplurimos,
1366 763 1473 806 dum
1504 778 1635 820 quae-

169 833 286 876 ritur
333 847 391 876 an
440 832 517 890 qui
561 832 670 876 dicit
714 839 723 855 ‘
739 832 833 890 Ego
878 832 1071 874 mentior
1084 832 1093 848 '
1132 846 1287 875 uerum
1337 832 1468 876 dicat.
1547 833 1636 876 Sed

169 902 390 946 neminem
410 901 505 944 uidi
525 901 602 959 qui
623 901 803 945 Scillam
823 901 990 944 uitaret
1010 904 1056 945 et
1080 901 1319 951 Caribdim,
1340 902 1425 944 nisi
1446 902 1635 945 debilem

112 990 153 1015 10
169 974 250 1014 aut
287 971 530 1028 propitium
570 971 832 1014 sustinuerit
871 971 1053 1013 hostem.
1128 971 1192 1013 At
1226 971 1273 1013 in
1308 971 1514 1028 litigiosis
1549 971 1636 1014 dis-

169 1040 476 1098 putationibus
515 1042 560 1083 et
598 1039 991 1083 declamationibus
1030 1039 1269 1083 scolasticis
1309 1040 1403 1083 sine
1442 1040 1638 1097 periculo

168 1110 256 1153 ista
294 1112 542 1153 uersantur.
602 1109 691 1152 Sed
725 1109 803 1152 ubi
837 1109 895 1152 ad
935 1108 1082 1152 forum
1122 1112 1307 1152 uentum
1348 1113 1427 1159 est,
1462 1110 1509 1152 in
1550 1124 1638 1166 quo

168 1179 314 1222 inanis
353 1178 592 1222 ostentatio
630 1178 797 1236 ingenii
836 1178 1106 1235 conquiescit
1149 1182 1195 1222 et
1234 1179 1350 1222 seria
1397 1179 1636 1222 dumtaxat

168 1248 410 1306 agitantur,
423 1248 516 1291 sine
531 1247 724 1306 periculo
744 1247 1022 1305 litigatorum
1042 1250 1122 1290 aut
1142 1247 1300 1291 iudicis
1321 1248 1367 1290 in
1387 1248 1635 1291 sententiae

110 1335 151 1368 15
169 1317 335 1361 calculo
360 1331 450 1360 non
476 1320 661 1360 erratur.
721 1316 815 1360 Nec
841 1320 920 1367 est,
940 1320 993 1360 ut
1019 1317 1188 1374 opinor,
1216 1317 1452 1374 quicquam
1479 1317 1636 1360 utilius

169 1401 302 1443 quam
341 1386 583 1444 periculum
623 1386 802 1436 differri,
840 1386 879 1429 si
928 1386 1108 1429 omnino
1154 1386 1290 1430 uitari
1340 1401 1429 1430 non
1477 1390 1637 1444 potest.

168 1455 501 1513 Iniquissimum
530 1458 680 1499 tamen
710 1458 778 1499 est
807 1455 954 1513 iurgia
987 1455 1210 1513 protelari,
1240 1470 1340 1499 cum
1376 1456 1636 1499 alterutrius
1654 1473 1732 1513 573
1752 1474 1783 1503 a

168 1524 442 1583 litigantium
477 1525 755 1582 periclitatur
793 1525 967 1568 utilitas
1007 1527 1053 1568 et
1091 1525 1155 1568 rei
1191 1525 1427 1569 difficultas
1465 1540 1634 1568 moram

168 1609 259 1638 non
284 1594 519 1639 contrahit.
578 1594 797 1651 Quicquid
825 1594 966 1652 igitur
991 1595 1191 1652 expediri
1220 1598 1377 1652 potest,
1393 1595 1635 1638 acceleran-

110 1683 152 1708 ιο
171 1664 277 1708 dum
297 1667 388 1718 est;
417 1664 534 1722 quod
553 1664 818 1708 consultiore
838 1667 1034 1708 tractatu
1056 1664 1240 1722 indiget,
1261 1664 1565 1708 differendum.

169 1768 277 1827 Cap.
302 1781 369 1827 13.
419 1768 645 1823 Quomodo
683 1768 915 1812 iudicium
945 1767 1093 1812 debeat
1123 1768 1352 1820 ordinari,
1381 1772 1420 1811 et
1450 1768 1504 1811 de
1532 1782 1636 1811 con-

285 1838 477 1895 ceptione
513 1837 786 1882 sacramenti
815 1837 1121 1894 calumpniae,
1151 1837 1270 1894 quod
1300 1852 1351 1880 ew
1386 1837 1636 1881 necessitate

277 1909 513 1964 praestant
544 1910 667 1951 actor
699 1911 738 1950 et
772 1921 891 1959 reus,
928 1911 967 1950 et
1006 1907 1120 1964 quid
1159 1907 1404 1950 immineat
1438 1907 1513 1950 illi
1552 1907 1636 1963 qui

283 1976 602 2020 iuramentum
629 1975 779 2020 subire
806 1976 1023 2027 detrectat,
1045 1980 1084 2020 et
1113 1976 1167 2020 de
1196 1980 1471 2020 sacramento
1492 1976 1636 2019 aduo-

110 2066 151 2099 ²5
285 2049 502 2099 catorum,
531 2049 571 2089 et
594 2059 719 2102 pena
748 2046 1156 2098 calumniatorum,
1180 2046 1276 2089 siue
1303 2045 1634 2102 praeuaricau·

283 2115 405 2158 tiwm
432 2118 516 2158 aut
545 2115 958 2172 teryiuersantium.

228 2196 290 2239 Vt
315 2210 421 2239 uero
449 2210 597 2238 rerum
626 2196 792 2239 ueritas
821 2184 953 2239 citius
982 2195 1219 2247 illucescat,
1239 2195 1488 2252 litigatores
1517 2194 1636 2251 ipsos

168 2280 377 2324 personas
415 2265 622 2309 uidelicet
660 2265 925 2323 principales
964 2280 1054 2308 non
1094 2268 1199 2308 ante
1238 2265 1295 2308 ad
1335 2264 1460 2307 litem
1500 2264 1636 2307 iudex

169 2375 191 2410 4
216 2363 387 2411 sompnio
403 2363 503 2401 ΑΒΜ
615 2372 632 2411 5
660 2363 825 2410 sompnii
839 2363 941 2400 ASM
1067 2374 1105 2401 ιι
1131 2369 1211 2410 post
1227 2362 1393 2410 periculo
1406 2364 1489 2399 add.
1503 2361 1576 2399 isto
1595 2362 1635 2399 M

217 2462 238 2498 3
263 2453 430 2490 Nestore:
467 2463 500 2488 v.
530 2451 697 2488 Macrob.
724 2454 767 2488 de
794 2453 916 2489 Somn.
942 2453 1034 2498 Scip.
1059 2451 1084 2487 i.
1159 2450 1178 2498 ξ
1208 2460 1272 2498 ι5;
1309 2450 1355 2488 cf.
1381 2462 1497 2497 supra
1522 2449 1560 2486 ii.
1592 2459 1632 2497 15

173 2500 260 2546 (429
271 2500 329 2545 D).
486 2509 510 2544 4
549 2501 603 2535 Ne
635 2501 759 2536 credas
794 2501 889 2536 etc.:
932 2499 1014 2535 Hoc
1047 2511 1113 2546 sop
1141 2498 1287 2535 ismatis
1320 2501 1381 2534 τοῦ
1413 2498 1635 2544 ψευδομένω

173 2546 388 2593 exemplum
405 2557 590 2592 nusquam
607 2545 700 2583 alibi
715 2546 879 2594 reperire
923 2546 1015 2631 otoni.
1174 2555 1195 2591 7
1221 2547 1443 2582 Laborantes
1458 2547 1533 2581 etc.
1547 2558 1555 2580 z
1582 2546 1633 2582 cf.

173 2593 248 2630 Cic.
268 2596 383 2631 Acad.
399 2593 440 2629 ii.
460 2604 505 2639 30
523 2593 540 2640 §
560 2594 618 2640 96,
632 2593 717 2630 Sen.
734 2596 806 2649 ΕΡ.
824 2603 869 2641 45
1180 2604 1220 2630 21
1254 2595 1340 2639 Cap.
1362 2603 1427 2638 13:
1454 2593 1533 2628 Hoc
1552 2604 1634 2638 cap.

173 2653 259 2678 cum
283 2642 464 2686 sequente
481 2640 612 2677 laudat
637 2640 719 2678 Savi
751 2641 834 2678 nius
859 2643 979 2678 Gesch.
1004 2643 1066 2676 des
1087 2645 1176 2677 rom.
1199 2642 1327 2677 Rechts
1350 2642 1402 2675 im
1425 2641 1639 2676 Mittelalter

169 2700 204 2772 3.
218 2690 291 2734 36(
284 2687 378 2771 Jiv.3
358 2687 470 2734 368)
482 2688 530 2724 So
532 2688 662 2770 1{iudet
677 2688 730 2725 sic
774 2688 884 2725 dai-in
900 2688 983 2724 eine
997 2688 1222 2725 Uebersicht
1239 2688 1304 2725 des
1323 2687 1518 2778 Prozesses³
1534 2687 1633 2769 nalch

170 2734 1634 2837 nzsshsssssffiffifffi0cffi⁰fiktzssznuffeffgnffiaffiguzzfflffiss’nssn„23

169 2829 339 2876 gehbrte,
356 2830 435 2866 und
452 2830 501 2866 da
517 2828 569 2865 Er
584 2829 804 2867 schwerlich
820 2829 956 2877 irgend
975 2830 1059 2867 eine
1078 2830 1220 2866 fremde
1233 2829 1434 2867 Vorarbeit
1448 2829 1635 2866 benutzen

171 2877 340 2915 konnte)
480 2886 526 2922 27
552 2878 750 2923 litiyatores
765 2879 856 2914 etos
880 2889 916 2913 v.
933 2877 1021 2914 God.
1039 2876 1172 2914 lustin.
1190 2876 1229 2914 ii.
1248 2878 1304 2924 58.
1323 2887 1355 2914 2

1462 2949 1525 2984 339
