1994 3190
165 209 266 243 on.
279 194 349 257 nr]
490 174 497 180 ’
639 189 1132 245 ‘PomcRAT10vs2
1640 201 1720 242 419
1739 201 1764 231 e

165 316 466 359 ministrorum
497 328 656 358 manus
687 313 820 356 enixa
853 315 921 355 est
955 325 1129 368 agnam.
1188 311 1277 354 Sed
1308 314 1354 355 et
1387 311 1522 354 ianua
1556 310 1625 353 in-

164 384 338 428 terioris
383 384 487 434 edis,
532 397 644 440 quae
688 382 950 439 respiciebat
996 380 1052 423 ad
1096 380 1322 430 orientem,
1366 396 1466 423 cum
1510 382 1625 423 esset

165 468 237 497 ere
268 452 406 496 solido
435 452 603 502 induta,
632 466 683 495 ac
711 451 893 508 perinde
922 450 1123 492 immensi
1154 450 1370 506 ponderis,
1401 464 1512 506 quae
1544 450 1625 492 uix

163 522 324 580 uiginti
373 522 483 564 uiris
531 535 702 564 summo
749 522 911 564 conatu
959 518 1287 575 impellentibus
1335 519 1625 568 clauderetur,

127 608 146 641 ⁵
163 590 317 634 ferreis
356 605 528 647 quoque
566 590 767 634 uectibus
811 592 857 632 et
898 588 1006 631 seris
1047 588 1221 630 munita
1260 602 1310 630 ac
1349 588 1535 644 pessulis
1578 588 1625 629 in

162 660 303 703 altum
341 660 540 703 demissis
578 662 805 703 teneretur
851 658 1074 707 obstricta,
1115 659 1295 714 repente
1335 657 1444 699 hora
1483 657 1625 699 noctis

161 732 299 780 sexta,
318 729 462 786 prima
487 732 533 772 et
558 729 767 772 uicesima
790 728 861 770 die
888 727 1060 776 mensis,
1080 726 1288 783 apparuit
1314 729 1470 782 sponte
1496 728 1621 782 pate-

162 797 293 842 faeta.
351 798 439 842 Sed
466 802 511 842 et
538 801 763 842 transacto
790 798 860 840 die
889 797 1003 840 festo
1032 799 1134 853 post
1160 795 1330 852 aliquot
1360 795 1453 837 dies
1478 796 1622 851 prima
1638 796 1667 837 d

162 870 209 911 et
238 867 452 925 uigesima
484 868 555 911 die
589 868 752 911 mensis
790 866 1070 916 Arthemesii,
1100 865 1175 922 qui
1210 864 1329 922 apud
1363 879 1444 907 nos
1480 864 1624 907 Maius

104 953 147 988 ¹9
163 940 357 987 uocatur,
377 938 652 995 prodigiosus
672 937 880 994 apparuit
899 937 1022 979 uisus
1042 938 1087 978 et
1105 934 1238 977 fidem
1265 948 1375 991 pene
1400 933 1624 976 excedens.

164 1005 292 1059 Quod
335 1021 438 1050 uere
480 1006 643 1050 falsum
687 1010 922 1064 putaretur
961 1005 1046 1048 nisi
1087 1004 1312 1047 ‘oculorum
1352 1003 1483 1045 fidem
1523 1018 1623 1045 con-

162 1075 379 1118 firmasset
416 1076 632 1119 malorum
681 1078 914 1120 consecuta
957 1074 1181 1132 pernicies.
1262 1072 1438 1115 Etenim
1488 1087 1623 1129 prope

162 1144 266 1188 solis
304 1159 502 1188 occasum
552 1146 637 1189 uisi
683 1148 788 1188 sunt
827 1159 982 1188 currus
1022 1147 1067 1186 et
1117 1142 1358 1200 quadrigae
1407 1142 1454 1183 in
1503 1142 1623 1184 omni

162 1213 337 1271 regione
366 1229 445 1272 per
470 1230 615 1258 aerem
643 1218 688 1258 et
714 1217 984 1258 armatorum
1012 1213 1213 1256 cohortes
1236 1212 1407 1254 misceri
1432 1211 1625 1253 nubibus

105 1300 144 1335 1⁵
161 1285 207 1326 et
244 1283 373 1326 urbes
402 1284 663 1327 circumdari
693 1284 944 1341 agminibus
975 1282 1237 1340 improuisis.
1310 1281 1363 1323 In
1397 1281 1484 1323 alio
1518 1281 1626 1323 item

161 1351 232 1395 die
262 1351 386 1404 festo,
414 1354 489 1410 qui
522 1354 798 1397 Pentecostes
827 1352 1088 1410 appellatur,
1117 1354 1251 1394 noctu
1281 1350 1527 1393 sacerdotes
1558 1350 1623 1392 in-

160 1422 298 1478 gressi
327 1423 542 1479 templum
571 1423 629 1466 ad
659 1423 904 1466 ministeria
935 1437 990 1465 ex
1026 1436 1146 1464 more
1181 1420 1450 1477 complenda,
1480 1420 1624 1476 primo

161 1490 336 1548 quidem
363 1494 509 1535 motus
532 1492 743 1549 quosdam
766 1492 1064 1549 strepitusque
1084 1492 1327 1539 senserunt,
1348 1492 1444 1532 tum
1466 1488 1623 1531 deinde

161 1574 288 1604 uoces
314 1561 483 1604 subitas
512 1562 701 1604 audiunt
727 1562 943 1604 dicentes:
975 1561 1216 1617 Migremus
1243 1559 1356 1609 hinc,
1384 1558 1624 1615 migremus

30 1635 35 1642 '
103 1647 147 1672 πο
163 1643 218 1672 ex
257 1630 432 1673 sedibus
471 1631 580 1674 istis.
659 1631 854 1674 Additur
900 1631 969 1673 his
1009 1630 1144 1672 etiam
1183 1628 1306 1671 aliud
1355 1628 1623 1679 terribilius;

67 1704 70 1708 “
162 1699 324 1742 etenim
355 1700 533 1756 quidam
566 1700 765 1743 Ananiae
795 1699 913 1742 filius
943 1699 1067 1742 Iesus
1102 1698 1290 1753 nomine,
1324 1697 1397 1740 uir
1425 1697 1622 1754 plebeius
1638 1712 1722 1752 420
1743 1715 1773 1743 a

162 1770 207 1811 et
236 1769 435 1819 rusticus,
465 1772 510 1812 et
539 1773 642 1812 ante
672 1772 880 1826 quartum
911 1769 1013 1811 belli
1049 1782 1227 1818 annum,
1257 1781 1356 1810 cum
1386 1767 1545 1810 ciuitas
1575 1766 1622 1808 in

161 1851 266 1894 pace
286 1841 331 1882 et
350 1839 623 1883 abundantia
642 1839 914 1897 perduraret,
934 1839 981 1881 in
1002 1838 1072 1881 die
1094 1837 1209 1880 festo
1238 1837 1622 1880 tabernaculorum

162 1910 341 1964 repente
366 1908 554 1951 clamare
580 1909 746 1965 coepit:
777 1908 877 1951 Vox
904 1908 960 1950 ab
987 1907 1167 1957 oriente,
1188 1921 1277 1949 uox
1304 1906 1361 1948 ab
1387 1906 1622 1955 occidente,

103 1988 144 2024 οε
161 1989 251 2019 uox
271 1991 298 2019 a
317 1980 527 2033 quattuor
552 1978 709 2028 uentis,
729 1992 819 2020 uox
845 1992 978 2034 super
997 1976 1295 2019 Ierosolimam
1324 1979 1369 2018 et
1395 1976 1622 2032 templum,

162 2058 251 2088 uox
290 2060 421 2103 super
457 2061 637 2104 sponsos
676 2050 722 2090 et
760 2061 954 2104 sponsas,
993 2061 1083 2089 uox
1123 2060 1255 2102 super
1293 2045 1530 2102 populum:
1576 2048 1622 2087 et

160 2112 456 2158 indesinenter
490 2116 560 2158 die
594 2119 813 2172 noctuque
852 2131 932 2172 per
961 2130 1112 2158 omnes
1150 2115 1320 2171 plateas
1362 2114 1622 2156 circumiens

160 2181 266 2226 haec
304 2183 547 2236 clamabat3
588 2199 726 2242 usque
766 2199 852 2242 quo
892 2185 1072 2241 quidam
1111 2184 1324 2241 primores
1364 2199 1418 2227 ex
1459 2184 1622 2241 populo

159 2251 258 2302 uiri,
291 2253 415 2295 uelut
452 2253 639 2297 infausti
678 2254 896 2311 praesagii
935 2253 1239 2310 indignatione
1279 2254 1497 2303 commoti,
1529 2268 1620 2296 cor-

102 2337 146 2371 30
161 2323 334 2377 reptum
383 2322 603 2365 hominem
649 2323 802 2366 multis
848 2323 1107 2366 uerberibus
1148 2322 1356 2366 afficiunt.
1435 2323 1497 2365 At
1546 2323 1620 2365 ille

161 2402 435 2446 nequaquam
473 2406 554 2448 pro
592 2407 637 2435 se
672 2392 840 2449 aliquid
879 2392 1074 2448 loquens,
1108 2392 1185 2434 sed
1220 2407 1299 2435 nec
1335 2406 1407 2434 eos
1443 2392 1620 2448 quidem

161 2457 238 2513 qui
264 2458 642 2504 circumsteterant
668 2461 916 2518 deprecans,
944 2461 1118 2504 easdem
1145 2476 1274 2504 uoces
1300 2461 1398 2518 pari
1426 2461 1619 2503 obstina-

161 2526 280 2569 tione
311 2531 356 2570 et
388 2529 574 2572 clamore
609 2531 846 2587 repetebat.
906 2531 1018 2573 Tum
1050 2531 1270 2587 principes
1309 2530 1620 2587 intelligentes»,

161 2598 214 2638 ut
246 2610 315 2638 res
348 2600 454 2650 erat,
483 2599 677 2642 numinis
709 2615 801 2642 esse
837 2600 883 2642 in
918 2600 1016 2643 uiro
1047 2603 1205 2650 motus,
1235 2600 1484 2656 perducunt
1518 2614 1618 2641 eum

160 2728 184 2762 4
219 2729 278 2772 ¹¹:
307 2718 372 2773 SM
535 2732 558 2768 9
591 2723 781 2760 artemesii
815 2723 881 2759 SM
1048 2733 1091 2770 25
1127 2725 1308 2769 quattuor
1334 2723 1420 2759 BA:
1455 2724 1549 2759 iiiior
1578 2723 1617 2758 M

160 2774 427 2858 ξζιᾱεὲιιξιὲθιιε
451 2767 485 2803 A
663 2780 708 2816 32
743 2770 1071 2807 circumsteterant
1100 2770 1156 2806 B:
1193 2770 1261 2817 qui
1286 2770 1618 2807 circumsteterant

215 2891 295 2910 wana
868 2886 894 2914 1.
1469 2887 1510 2923 73
