1994 3190
217 217 314 250 σΔΡ.
329 203 453 266 xvn]
739 168 1176 251 POLIGRATIOVS
1699 210 1778 260 ⁵85
1794 219 1827 249 a

216 328 262 368 et
288 325 355 369 leo
380 324 608 382 izi—„eodem
634 339 766 382 specu
793 325 1032 382 eodemque
1060 325 1184 369 uictu
1214 326 1421 370 uiximus.
1482 327 1612 379 Nam,
1642 328 1680 371 si

130 418 132 422 ν
215 409 325 452 quas
358 391 608 438 uenabatur
642 394 771 445 feras,
803 395 1002 437 membra
1030 395 1246 451 opimiora
1275 396 1333 438 ad
1367 411 1547 453 specum
1577 412 1679 455 sug-

214 460 406 522 gerebat,
444 478 557 521 quae
595 478 688 521 ego,
720 463 837 521 ignis
875 463 1047 520 copiam
1085 478 1175 506 non
1216 464 1394 515 habens,
1435 466 1680 509 meridiano

213 533 303 576 sole
322 535 440 576 tosta
466 532 658 576 edebam.
717 531 806 575 Sed
833 531 910 574 ubi
934 546 1016 584 me,
1036 531 1194 588 inquit,
1214 533 1335 576 uitae
1362 534 1482 577 illius
1509 534 1680 578 ferinae

177 619 196 652 5
213 603 302 645 iam
331 604 553 660 pertesum
582 603 660 652 est,
688 601 812 644 leone
842 605 1055 644 uenatum
1086 601 1286 658 profecto
1314 602 1472 659 reliqui
1500 619 1679 661 specum

213 674 269 723 et,
288 672 409 715 uiam
438 671 577 715 ferme
606 670 746 714 tridui
774 682 1042 728 permensus,
1067 686 1094 712 a
1123 670 1341 714 militibus
1369 672 1492 715 uisus
1523 688 1677 730 appre-

212 741 375 784 hensus
406 742 452 785 et
481 741 539 784 ad
568 740 795 784 dominum
825 754 882 782 ex
910 739 1077 782 Affrica
1107 739 1292 782 Romam
1323 741 1538 784 deductus
1567 757 1676 786 sum.
1697 747 1726 786 b

212 810 259 853 Is
292 825 362 853 me
395 810 548 854 statim
582 809 647 853 rei
681 808 883 866 capitalis
925 807 1257 865 dampnandum
1297 809 1580 867 dandumque
1620 812 1678 855 ad

212 879 375 923 bestias
403 879 669 937 procurauit.
729 877 940 935 Intelligo
974 880 1124 920 autem
1155 878 1272 922 hunc
1303 893 1476 935 quoque
1507 880 1677 923 leonem

154 965 195 990 10
213 963 283 992 me
321 951 428 992 tunc
470 950 673 1006 separato
700 950 880 1004 captum
909 946 1103 1004 gratiam
1132 961 1250 990 nunc
1281 947 1480 991 beneficii
1511 948 1677 992 referre

211 1020 257 1060 et
280 1018 486 1063 medelae.
543 1017 725 1062 Solutus
744 1017 896 1074 itaque
916 1020 984 1060 est
1011 1031 1125 1074 pena
1148 1017 1440 1068 Andronicus,
1461 1021 1506 1061 et
1534 1019 1676 1061 eidem

210 1086 278 1130 leo
309 1087 446 1130 totius
477 1086 629 1145 populi
663 1086 875 1144 suffragio
909 1086 1111 1130 donatus.
1172 1086 1345 1129 Exinde
1380 1087 1676 1131 amicantibus

210 1156 295 1199 sibi
314 1156 490 1200 homine
510 1159 555 1200 et
573 1155 697 1200 leone
718 1158 763 1199 et
789 1155 945 1199 urbem
971 1155 1311 1212 peragrantibus
1339 1158 1385 1198 et
1410 1156 1675 1199 circueunti-

210 1225 293 1269 bus
327 1225 531 1270 dicebant
559 1240 731 1270 omnes:
775 1225 861 1268 Hic
891 1227 959 1268 est
988 1224 1056 1268 leo
1085 1225 1243 1282 hospes
1273 1225 1475 1276 hominis,
1506 1226 1578 1269 hic
1607 1230 1677 1269 est

152 1313 191 1348 15
210 1295 340 1339 homo
373 1295 567 1339 medicus
595 1294 744 1339 leonis.
804 1294 1047 1347 Quaerisne
1086 1294 1294 1338 historias
1323 1296 1550 1340 notiores?
1608 1296 1676 1340 De

209 1364 308 1408 lacu
326 1364 501 1408 leonum
522 1364 664 1408 exiuit
688 1363 847 1407 Daniel
875 1366 921 1407 et
947 1363 1073 1421 pueri
1098 1364 1152 1407 de
1179 1364 1352 1408 camino
1382 1365 1499 1422 ignis
1526 1380 1675 1409 euase-

209 1437 316 1478 runt
360 1433 508 1487 illesi.'
565 1434 625 1478 Et
663 1434 782 1491 apud
826 1448 977 1477 omnes
1022 1436 1177 1490 gentes
1216 1448 1273 1476 ex
1311 1435 1459 1492 gratia
1499 1439 1677 1492 praeter

208 1503 457 1560 opinionem
487 1503 545 1547 ab
578 1503 927 1568 imminentibus,
951 1502 1080 1545 malis
1115 1503 1291 1546 liberati
1331 1506 1438 1547 sunt
1480 1504 1675 1561 plurimi.

209 1572 336 1616 Vnde
370 1573 519 1617 nullus
558 1587 710 1617 eorum
741 1573 818 1630 qui
850 1587 1009 1615 manus
1041 1572 1287 1616 iniecerunt
1320 1573 1417 1623 sibi,
1452 1573 1562 1616 satis
1596 1589 1670 1616 ex·
1690 1589 1716 1619 c

150 1661 193 1686 ιο
209 1644 387 1686 cusatus
434 1644 502 1686 est
549 1642 695 1694 michi,
726 1642 829 1686 licet
871 1641 1044 1699 magnis
1088 1642 1332 1698 praeconiis
1380 1642 1673 1687 ecclesiastica

209 1711 394 1755 historia
425 1711 595 1770 aliquos
629 1711 782 1756 efferat
813 1714 1104 1769 prouocantes
1136 1714 1322 1757 mortem
1362 1712 1468 1768 quia
1502 1716 1672 1770 tempo-

207 1780 370 1824 rariam
402 1781 544 1825 uitam
576 1781 696 1839 apud
730 1795 777 1824 se
809 1795 943 1838 quam
975 1780 1236 1838 pudicitiam
1266 1781 1506 1838 periclitari
1538 1782 1671 1825 male-

207 1850 328 1894 bant.
386 1850 448 1894 At
473 1864 546 1894 eos
568 1850 630 1894 sic
659 1854 875 1895 excusant
901 1850 1138 1893 infirmitas
1167 1850 1312 1894 carnis
1341 1853 1388 1894 et
1418 1851 1672 1908 ignorantia

205 1919 316 1963 iuris
345 1922 390 1963 et
418 1919 668 1964 incendium
698 1920 898 1963 caritatis
930 1923 976 1963 et
1006 1919 1123 1963 forte
1157 1920 1418 1963 mandatum
1452 1920 1672 1964 familiare

149 2006 189 2038 25
206 1987 302 2040 Dei,
321 1991 373 2032 ut
392 1988 453 2032 sic
477 1988 525 2031 in
550 1988 831 2046 simplicitate
857 2004 938 2032 sua
964 1989 1195 2032 saluentur
1219 1991 1271 2032 ut
1302 2004 1582 2046 nequaquam
1612 1989 1671 2033 ad

205 2058 559 2115 consequentiam
592 2060 791 2102 transeat
826 2058 944 2115 quod
978 2058 1238 2115 simpliciter
1266 2063 1669 2116 praesumpserunt.

206 2126 316 2180 Quis
335 2127 451 2170 enim
470 2126 591 2170 locus
617 2130 684 2170 est
710 2126 978 2178 fortitudini,
998 2127 1035 2170 si
1063 2127 1124 2170 sic
1150 2127 1301 2170 tedeat
1326 2127 1521 2170 animam
1548 2128 1670 2171 uitae

204 2210 310 2239 suae
344 2199 407 2247 ut,
435 2196 561 2254 quasi
595 2196 813 2254 patientia
847 2197 967 2240 uicta
998 2200 1043 2240 et
1074 2197 1315 2254 praescissa
1346 2197 1506 2240 semita
1538 2198 1669 2240 meri-

203 2269 363 2316 torum,
374 2265 491 2322 quod
510 2266 780 2323 praecipitur
790 2268 873 2309 aut
893 2269 1084 2323 nequeat
1102 2270 1183 2309 aut
1202 2266 1401 2323 negligat
1420 2267 1669 2312 sustinere'l

145 2355 189 2387 30
205 2334 338 2392 Apud
366 2334 586 2392 sapientes
620 2335 682 2379 sic
717 2335 814 2378 uita
852 2336 1182 2393 contempnitur
1216 2335 1334 2392 quod
1374 2336 1668 2393 turpitudinis

203 2403 397 2460 pretium
435 2403 569 2447 etiam
609 2407 703 2447 etas
742 2404 883 2448 altera
921 2405 1081 2456 sordet,
1119 2405 1182 2449 sic
1220 2405 1425 2463 diligitur
1462 2408 1524 2456 ut,
1559 2405 1667 2448 dum

204 2539 238 2574 2,
255 2539 276 2575 3
301 2529 527 2576 subgerebat
544 2528 610 2566 SM
783 2539 806 2574 4
830 2529 990 2576 ferinae]
1008 2530 1128 2568 ferme
1144 2529 1185 2566 M
1356 2538 1374 2577 5
1402 2530 1618 2577 perthesum
1635 2531 1669 2568 A

204 2579 248 2613 28
273 2575 440 2623 praecisa
455 2575 566 2613 A‘S':
592 2575 780 2623 praescisa
796 2576 836 2612 Μ

253 2700 305 2738 15,
327 2691 370 2728 16
393 2693 448 2727 De
463 2693 546 2728 lacu
561 2693 704 2728 leonum
721 2693 835 2728 exiuit
851 2693 987 2728 Daniel
1001 2702 1010 2728 :
1036 2704 1068 2728 v.
1087 2691 1182 2729 Dan.
1195 2691 1242 2728 vi.
1255 2702 1311 2738 23,
1328 2692 1402 2728 xiv.
1415 2702 1472 2736 40.
1622 2694 1665 2730 16

198 2741 308 2785 pueri
321 2741 364 2775 de
379 2740 520 2775 camino
535 2740 550 2774 i
572 2741 632 2774 nis
647 2741 718 2776 etc.
734 2749 743 2774 :
768 2751 801 2775 v.
820 2739 915 2776 Dan.
933 2738 988 2775 iii.
1010 2749 1062 2783 17,
1079 2750 1135 2785 93,
1154 2749 1211 2785 94.
1356 2750 1402 2775 20
1427 2741 1506 2775 licet
1524 2742 1667 2784 maynis

198 2788 403 2832 praeconiis
426 2787 519 2822 etc.:
581 2797 602 2823 e
625 2788 787 2823 mortem
810 2786 1063 2823 voluntariam
1086 2787 1134 2823 ob
1159 2786 1384 2833 pudicitiam
1405 2786 1664 2833 periclitatam

202 2833 276 2870 sibi
291 2831 542 2870 inferentibus
558 2845 591 2870 v·
607 2844 718 2880 supra
734 2833 775 2870 ii.
792 2845 824 2871 c.
843 2842 886 2879 27
907 2835 992 2881 (470
1001 2839 1043 2881 Β)
1062 2836 1102 2871 et
1120 2836 1230 2871 notas
1245 2834 1294 2870 ad
1310 2833 1382 2871 loc.

1487 2904 1554 2949 ³6³
