1994 3190
199 171 277 211 391
295 171 326 201 a
672 158 938 229 IOANNIS·
973 156 1486 203 SARESBERIENSIS
1663 157 1778 219 [ΗΒ.
1793 169 1814 203 1

342 281 592 324 extinctum
616 279 869 324 Adonidem
893 279 1027 323 deflet
1047 279 1210 331 Venus,
1229 278 1398 323 habens
1422 293 1596 336 semper
1617 292 1718 323 cum
1737 294 1813 323 ue·

343 350 524 392 natione
559 349 632 392 uel
661 349 845 392 robusta
873 349 1193 393 commercium.
1253 348 1373 391 Dum
1403 348 1529 392 Maro
1559 348 1814 407 Cartaginis

343 419 461 462 altae
476 419 696 462 iocaretur
710 418 965 475 hospitium,
979 418 1226 461 amantium
1242 420 1350 460 uota
1368 418 1600 461 conciliare
1614 419 1814 470 nesciuit,

343 488 430 531 nisi
447 488 510 531 eis
525 487 582 530 ab
597 488 932 545 opportunitate
951 487 1146 530 uenandi
1167 487 1342 544 dilapsu
1357 479 1580 539 comitum,
1600 487 1814 530 siluarum

343 557 537 600 latebras
558 560 783 601 reseraret.
844 557 918 600 Sic
938 556 1054 600 forte
1076 557 1181 614 quia
1195 557 1394 600 studium
1410 557 1492 600 hoc
1508 571 1535 599 a
1549 557 1815 601 conscientia
1834 568 1852 602 5

344 626 638 684 turpitudinis
677 627 781 679 odit,
817 626 975 678 lucem,
1009 627 1125 670 sicut
1164 641 1187 670 e
1227 629 1382 670 contra
1420 626 1609 684 legitimi
1652 619 1815 674 amoris

345 696 510 754 gaudia
530 696 730 739 solennes
749 696 860 740 lucis
880 711 985 739 suae
1005 695 1266 753 praeferunt
1286 695 1450 739 taedas.

298 763 327 801 b
405 765 548 818 Quem
569 765 704 808 michi
725 766 851 809 dabis
871 766 1070 809 uirorum
1090 765 1344 816 illustrium,
1365 765 1442 822 qui
1468 765 1572 810 huic
1591 765 1815 822 uoluptati

345 834 633 878 uehementer
652 835 894 878 inhaeserit
909 836 926 879 2

491 927 664 970 Fixerit
693 927 943 984 aeripedem
971 941 1149 972 ceruam
1178 927 1293 979 licet,
1323 931 1403 971 aut
1433 927 1655 970 Erimanti
1835 949 1877 974 10

491 985 679 1042 placarit
707 1000 888 1029 nemora

347 1077 491 1120 uictor
520 1077 707 1128 Alcides,
734 1092 824 1121 non
853 1077 1076 1135 uoluptati
1107 1092 1223 1129 suae,
1248 1077 1325 1122 sed
1354 1077 1556 1135 publicae
1587 1077 1817 1134 prospexit

345 1147 545 1190 utilitati.
612 1147 786 1204 Aprum
820 1146 1077 1191 Calidoniae
1108 1151 1380 1191 uastatorem
1411 1147 1623 1191 strauerit
1655 1147 1817 1190 Melea-

345 1231 436 1274 ger,
476 1231 566 1259 non
605 1216 759 1260 mulsit
798 1217 997 1260 animum
1043 1217 1286 1275 uoluptate,
1326 1217 1404 1260 sed
1453 1217 1579 1260 hoste
1622 1217 1815 1274 patriam

346 1285 566 1329 liberauit.
639 1286 825 1329 Fuderit
860 1289 1015 1330 auctor
1041 1287 1229 1330 Romani
1255 1287 1430 1344 generis
1459 1301 1690 1330 ceruorum
1723 1300 1815 1329 cor·
1836 1306 1875 1340 15

347 1369 467 1412 pora,
487 1370 577 1398 non
598 1369 740 1398 uanae
761 1355 1007 1412 uoluptatis
1027 1355 1246 1407 solatium,
1267 1356 1344 1400 sed
1364 1356 1449 1399 sibi
1470 1359 1515 1399 et
1535 1355 1663 1399 sociis
1684 1370 1815 1412 quae-

347 1424 455 1467 siuit
487 1425 748 1482 suffragium
779 1425 913 1469 uitae.
985 1425 1132 1483 Opera
1163 1426 1438 1484 singulorum
1478 1439 1534 1469 ex
1574 1428 1739 1468 euentu
1772 1428 1817 1468 et

346 1494 574 1551 proposito
613 1494 892 1546 colorantur3
936 1509 1005 1538 res
1046 1495 1209 1553 quippe
1249 1495 1406 1539 decora
1439 1497 1518 1546 est,
1554 1495 1591 1537 si
1631 1495 1818 1538 honesta

346 1578 479 1607 causa
505 1565 802 1621 praecesserit.
862 1563 972 1618 Quis
1002 1567 1152 1608 tamen
1182 1564 1410 1608 hominum
1440 1578 1686 1621 canumque
1715 1578 1816 1607 con-

347 1634 516 1676 struxit
551 1633 807 1686 cxercitum‚
841 1637 894 1677 ut
927 1648 1017 1677 non
1052 1637 1146 1677 tam
1179 1649 1260 1677 sua
1291 1648 1424 1691 quam
1464 1633 1609 1676 aliena
1647 1633 1816 1676 uirtute
1837 1651 1880 1676 20

305 1718 330 1747 c
348 1717 448 1746 cum
503 1703 657 1746 bestiis
711 1703 975 1748 dimicaret?
1054 1703 1252 1757 Quidni?
1302 1702 1523 1747 infelicem
1573 1702 1817 1753 bestiolam,

347 1772 621 1829 lepusculum
650 1772 870 1824 timidum,
898 1775 1027 1816 tanto
1054 1773 1243 1817 fortasse
1273 1772 1561 1830 praedabitur
1586 1774 1817 1829 apparatu.

347 1841 396 1885 Si
432 1856 538 1885 uero
573 1842 756 1886 clariore
788 1842 964 1900 praeda,
992 1857 1122 1886 ceruo
1158 1842 1275 1886 forte
1305 1843 1377 1886 uel
1408 1857 1527 1899 apro,
1555 1841 1818 1885 uenantium

347 1911 471 1954 labor
495 1911 722 1962 effulserit,
743 1912 796 1955 fit
816 1911 997 1969 plausus
1021 1912 1327 1966 intolerabilis,
1348 1912 1554 1956 exultant
1573 1913 1818 1961 uenatores,

347 1983 481 2038 caput
511 1981 700 2038 praedae
728 1984 775 2024 et
798 1981 997 2025 solennia
1026 1982 1243 2039 quaedam
1267 1981 1409 2039 spolia
1437 1980 1818 2038 triumphantibus
1839 1998 1878 2032 25

347 2050 685 2108 praeferuntur;
725 2066 874 2109 regem
909 2050 1192 2109 Capadocum
1224 2055 1404 2110 captum
1435 2050 1598 2101 credas,
1632 2050 1694 2093 sic
1725 2064 1818 2093 cor·

347 2120 514 2163 nicines
554 2124 600 2163 et
643 2120 848 2164 tibicines
888 2121 1042 2164 uideas
1082 2121 1295 2164 uictoriae
1334 2121 1523 2179 gloriam
1561 2119 1818 2163 declamare.

347 2188 445 2232 Illis
475 2193 665 2232 mestum
695 2189 854 2234 indicit
883 2190 1052 2234 femina
1079 2194 1210 2248 capta
1240 2190 1490 2242 silentium;
1530 2188 1602 2232 uel
1632 2188 1670 2231 si
1701 2187 1817 2231 forte

347 2258 512 2315 pracda
550 2259 751 2312 nobilior,
791 2259 1233 2304 circumuenientium
1280 2259 1430 2317 potius
1480 2257 1638 2301 fraude
1684 2271 1819 2314 quam

347 2327 519 2370 uiribus
559 2331 879 2384 prosternatur.
953 2329 1002 2372 Si
1043 2329 1283 2387 capreolus,
1323 2328 1394 2372 uel
1435 2328 1559 2386 lepus
1598 2326 1818 2379 ceciderit,
1837 2343 1880 2377 30

345 2454 367 2489 6
393 2452 577 2498 legittimi
597 2452 661 2488 SM
822 2462 842 2499 7
869 2453 1070 2491 sollemnes
1088 2453 1112 2489 S
1277 2462 1320 2501 25
1349 2452 1471 2500 capud
1488 2452 1521 2489 A
1631 2451 1822 2489 sollennia

344 2500 402 2538 A:
429 2500 629 2537 sollemnia
646 2501 670 2536 S
814 2510 858 2546 27
883 2501 1076 2538 declarare
1094 2500 1209 2537 A²Ms

394 2620 415 2647 2
442 2611 570 2647 Maro:
598 2622 629 2645 v.
649 2610 757 2657 Verg.
777 2612 869 2647 Aen.
889 2609 933 2646 iv.
957 2612 1137 2657 16ooeqq.
1279 2611 1303 2646 6
1332 2610 1594 2655 leyo'tn'mietc.:
1621 2609 1669 2646 cf.
1685 2610 1819 2648 Polior.

349 2657 424 2694 viii.
444 2668 495 2694 11.
515 2667 535 2702 7
599 2667 635 2693 n.
799 2667 841 2693 ιο
856 2659 988 2703 firm-ie
1010 2660 1100 2694 cta:
1128 2657 1202 2693 Ver
1232 2658 1348 2693 ,Am
1369 2656 1415 2692 vi.
1433 2659 1512 2711 803.
1536 2659 1614 2701 804.
1779 2668 1817 2694 12

348 2706 512 2742 Alciden:
574 2717 649 2751 erg.
677 2707 769 2741 Aen.
787 2705 833 2740 vi.
855 2707 935 2741 802.
1084 2715 1124 2750 13
1151 2669 1229 2741 ΜΞ
1243 2716 1348 2749 ouer:
1379 2716 1410 2745 V.
1432 2704 1537 2740 Ovnd.
1563 2706 1708 2742 Metam.
1730 2704 1820 2748 viii:

347 2753 396 2790 ef.
424 2753 520 2799 Hya.
549 2752 638 2789 Fab.
662 2753 719 2789 ed.
746 2752 870 2789 Schm.
896 2763 931 2798 p.
958 2761 1013 2797 29,
1041 2750 1064 2788 l.
1097 2763 1150 2789 12.
1278 2761 1316 2806 15
1345 2753 1496 2787 Fuderit
1520 2754 1615 2788 etc.:
1650 2764 1680 2789 v.
1706 2752 1820 2799 Verg-

347 2803 438 2837 Aen.
465 2799 488 2836 i.
512 2802 577 2845 184
594 2812 694 2847 seqq.
792 2802 836 2837 26
862 2811 976 2846 reycm
1005 2800 1254 2847 Capadocum;
1280 2799 1364 2836 vido
1383 2799 1472 2835 Hor.
1490 2801 1560 2846 Ep.
1579 2799 1602 2836 i.
1619 2800 1652 2837 6.
1671 2809 1727 2846 39.
