1994 3190
268 204 355 245 439
375 196 404 234 b

750 193 1012 238 IOANNIS
1052 193 1565 240 SARESBERIENSIS
1718 195 1831 256 [Lm.
1849 209 1889 241 11

421 315 588 359 scilicet
621 315 669 357 in
703 329 764 367 se,
795 314 903 372 quid
938 315 987 357 in
1021 314 1120 358 aliis
1154 315 1257 367 sint,
1288 315 1470 360 liberius
1504 319 1550 360 et
1580 316 1755 361 fidelius
1787 331 1888 361 con·

421 384 674 441 templatur‚
690 383 797 427 dum
816 398 965 427 rerum
985 384 1292 435 substantiam,
1309 385 1620 442 quantitatem,
1635 385 1693 428 ad
1708 385 1889 443 aliquid,

421 453 695 511 qualitatem,
728 453 865 496 situm
898 468 1002 505 esse,
1036 454 1125 505 ubi,
1161 454 1348 511 quando,
1382 455 1556 506 habere,
1591 454 1747 508 facere,
1781 455 1889 512 pati,

420 523 682 580 singillatim
721 522 905 566 discutit
943 525 989 566 et
1028 523 1248 566 discernit.
1329 523 1453 577 Quae
1499 525 1583 568 etsi
1626 524 1888 582 singillatim

420 606 514 635 esse
554 606 643 635 non
682 592 865 649 possint,
900 592 1163 650 singillatim
1202 595 1353 635 tamen
1392 593 1655 650 inuestigari
1695 595 1887 650 queunt;
1906 611 1939 653 5.

420 664 466 704 et
513 661 571 704 ad
618 661 758 704 totius
806 661 1111 719 philosophiae
1158 662 1480 719 compendium,
1529 662 1768 705 utilissima
1819 666 1888 706 est
1932 656 1935 659 ’

419 729 527 774 haec
575 731 828 788 speculatio,
877 731 925 773 in
974 745 1063 788 qua
1111 730 1434 787 magnitudinis
1481 732 1527 773 et
1573 731 1887 783 multitudinis,

419 813 532 855 quae
556 799 644 842 duo
673 803 818 843 totum
848 800 998 843 orbem
1028 800 1380 856 complectuntur
1408 801 1454 841 et
1483 799 1698 852 ambiunt,
1724 804 1888 844 natura

418 868 668 912 discutitur.
746 869 978 926 Numquid
1017 868 1279 911 abstrahens
1326 868 1588 919 intellectus,
1628 868 1735 910 dum
1777 869 1886 914 haec

417 938 524 995 agit,
544 938 711 981 otiosus
737 941 806 981 est
831 943 911 981 aut
934 938 1118 990 inutilis,
1138 953 1218 995 per
1241 952 1372 995 quem
1400 937 1575 980 animus
1599 938 1885 982 honestarum
1905 955 1948 980 10

377 1019 402 1049 c
418 1007 583 1050 artium
617 1007 830 1065 gradibus
865 1006 922 1050 ad
961 1007 1174 1049 thronum
1212 1009 1541 1050 consummatae
1580 1006 1884 1064 philosophiae

416 1076 700 1119 conscendit?
778 1075 1113 1118 Multitudinem
1158 1089 1262 1133 ergo
1307 1090 1419 1132 quae
1468 1076 1670 1132 potentia
1717 1076 1787 1119 sui
1835 1077 1885 1119 in

414 1145 641 1187 infinitum
681 1145 848 1196 crescit,
883 1145 998 1188 sieut
1037 1159 1061 1187 e
1100 1147 1255 1187 contra
1289 1144 1551 1202 magnitudo
1590 1145 1802 1189 decrescit
1835 1146 1884 1188 in

414 1214 652 1265 infinitum,
692 1214 924 1257 bimembri
971 1213 1188 1256 diuisione
1234 1214 1441 1271 partitur,
1481 1214 1588 1257 dum
1628 1229 1725 1258 eam
1764 1229 1882 1258 nunc

414 1283 674 1340 simpliciter
713 1286 758 1326 et
796 1297 876 1340 per
914 1297 971 1333 se,
1005 1297 1123 1326 nunc
1162 1282 1220 1325 ad
1258 1283 1382 1326 aliud
1414 1283 1600 1326 relatam
1635 1286 1882 1335 contuetur,
1902 1300 1943 1336 15

414 1353 602 1396 alteram
637 1353 908 1395 demandans
946 1352 1263 1403 arithmeticae,
1302 1352 1488 1396 alteram
1522 1353 1714 1397 musicae
1751 1354 1883 1411 pleno

415 1421 511 1465 iure
561 1437 801 1466 reseruans.
884 1422 1240 1480 Magnitudinem
1290 1436 1463 1479 quoque
1512 1425 1632 1466 secat
1675 1423 1723 1465 in
1771 1422 1884 1466 duas

414 1491 590 1548 species,
625 1491 812 1535 alteram
846 1491 1117 1535 immobilem
1156 1491 1376 1535 subiciens
1416 1492 1665 1550 geometris,
1696 1492 1882 1535 alteram

413 1559 581 1603 scilicet
606 1560 812 1605 mobilem
849 1561 919 1604 his
955 1561 1031 1618 qui
1061 1564 1283 1604 astrorum
1313 1563 1359 1604 et
1392 1561 1619 1604 celestium
1649 1562 1881 1605 scientiam

412 1630 688 1687 profitentur.
748 1631 803 1673 In
836 1631 906 1674 his
935 1646 1042 1674 uero
1077 1633 1290 1688 quattuor
1324 1631 1550 1687 speciebus
1579 1631 1802 1682 mathesis,
1831 1630 1879 1674 id
1898 1649 1942 1674 πο

411 1702 491 1751 est,
512 1699 767 1744 doctrinalis
787 1703 884 1744 tota
903 1700 1116 1751 consistit,
1133 1703 1178 1743 et
1198 1700 1323 1757 quasi
1345 1702 1558 1757 quattuor
1577 1700 1880 1758 philosophiae

410 1767 628 1812 limitibus
667 1769 917 1812 mundanae
964 1769 1207 1827 sapientiae
1253 1768 1570 1826 perfectionem
1616 1770 1881 1827 assequitur.

415 1836 588 1880 Primus
637 1838 788 1895 itaque
830 1838 996 1896 gradus
1045 1841 1113 1881 est
1162 1839 1219 1882 ab
1266 1838 1547 1882 arithmetica
1595 1852 1880 1882 numerorum

368 1910 397 1950 d
414 1906 628 1949 uirtutem
677 1910 905 1950 mutuare:
960 1908 1177 1951 secundus
1226 1908 1561 1965 proportionum
1608 1907 1801 1965 gratiam
1850 1921 1880 1951 a

411 1976 578 2019 musica
617 1977 819 2020 trahere:
868 1977 1028 2020 tertius
1062 1977 1261 2021 obtinere
1301 1977 1530 2021 scientiam
1570 1992 1597 2020 a
1634 1976 1877 2035 geometria
1895 1995 1938 2031 25

408 2059 738 2088 mensurarum:
780 2049 966 2103 quartus
1006 2046 1208 2103 idemque
1247 2046 1515 2090 nouissimus
1562 2061 1714 2089 ueram
1760 2045 1876 2103 posi-

406 2113 573 2157 tionem
604 2114 797 2157 siderum
828 2115 1079 2172 assequitur
1105 2118 1150 2158 et
1179 2115 1272 2157 uim
1302 2115 1529 2159 celestium
1560 2117 1877 2172 perscrutatur.

409 2183 573 2226 Eorum
594 2198 700 2226 uero
725 2184 800 2240 qui
828 2184 1056 2227 scientiam
1084 2185 1351 2242 profitentur
1377 2188 1609 2235 astrorum,
1630 2184 1706 2227 alii
1734 2184 1876 2242 opini-

407 2253 506 2296 onis
535 2268 681 2296 errore
710 2253 1004 2311 prolabuntur
1032 2254 1088 2296 ad
1120 2254 1306 2305 fabulas,
1337 2254 1383 2296 in
1414 2269 1500 2311 quo
1530 2254 1877 2312 deprehenditur

409 2400 423 2427 ι
453 2392 591 2437 contep
593 2389 696 2427 latur
712 2391 740 2427 C
1034 2390 1225 2438 losophiac
1241 2389 1290 2427 C:
1324 2390 1574 2438 phylosophis
1593 2389 1657 2426 BA
1830 2400 1871 2430 11

404 2440 560 2475 tronum
579 2438 610 2473 Α
707 2392 993 2521 phylosoplgne
954 2390 1044 2475 thg
1069 2437 1314 2532 ¹phlylosophy
1290 2450 1336 2484 ye
1357 2438 1385 2473 Β
1486 2440 1528 2475 16
1552 2437 1790 2476 arismeticas
1807 2438 1873 2476 M:

404 2485 619 2522 arismstice
636 2484 661 2521 S
774 2496 813 2521 2¹
844 2491 921 2521 ιιιι0
1044 2498 1119 2533 p1y
1161 2485 1314 2532 sophiae
1332 2485 1382 2521 C:
1409 2485 1658 2533 phylosophis
1679 2486 1708 2521 B
1827 2496 1872 2534 23

404 2532 620 2570 ari-metica
633 2532 693 2568 M:
720 2532 963 2570 aritmethica
975 2532 999 2569 S
1112 2543 1154 2578 27
1169 2533 1340 2580 syderum
1354 2532 1413 2569 CB

451 2670 471 2696 2
496 2661 733 2695 substantiam
751 2662 847 2696 aton
878 2658 945 2695 viz.
966 2659 1093 2696 decom
1118 2658 1332 2695 Aristotelis
1349 2659 1870 2706 pmcdicamenta.12

400 2707 673 2743 Multitudinaem
707 2709 803 2743 οιο.;
843 2706 925 2742 vido
958 2707 1004 2743 de
1041 2706 1110 2743 hae
1145 2706 1325 2743 scientiae
1360 2707 1652 2744 mathematicae
1685 2706 1870 2745 divisione

399 2753 684 2801 quadripartita
697 2754 827 2791 Boeth.
846 2756 1000 2791 Arithm.
1018 2753 1041 2790 i.
1061 2765 1088 2791 1.
1105 2753 1258 2800 (Mignc,
1277 2756 1314 2790 1’.
1330 2756 1371 2790 L.
1386 2753 1479 2791 lxiii.
1498 2756 1620 2802 1081);
1639 2755 1687 2792 cf.
1703 2754 1866 2792 Cassiod.

398 2803 442 2838 de
469 2804 549 2838 Are
547 2803 618 2837 bun
639 2807 671 2837 et
697 2803 764 2837 Diu
748 2803 914 2848 nammis
939 2801 1100 2847 (Migne
1127 2803 1164 2837 1’.
1186 2803 1225 2837 Ι..
1251 2802 1324 2838 lxx.
1348 2807 1465 2848 1203).
1627 2813 1673 2839 20
1700 2807 1871 2850 quattuor·

397 2850 595 2896 epeeiebua:
627 2859 723 2896 quas
749 2861 862 2897 saepo
886 2851 1113 2897 quadrivium
1138 2847 1392 2896 appellantur.

513 2914 574 2949 106
