1994 3236
890 194 1344 240 PROLEGOMENA

388 316 663 369 promimme
680 311 953 370 yrauissinw
969 312 1307 369 doctissimoque
1323 315 1452 369 patre
1467 312 1716 370 Confessore
1734 311 1856 368 reyio

394 414 404 424 .
424 416 434 426 .
453 414 464 425 .
486 381 651 426 Venale
669 383 725 426 in
743 382 847 426 uico
866 382 1025 426 Sancti
1044 381 1198 426 Iacobi
1215 382 1272 425 in
1292 381 1388 425 Sole
1408 394 1574 425 aureo:
1603 384 1643 424 et
1661 381 1717 424 ‘in
1735 381 1856 424 Lilio

393 466 532 495 awreo
560 452 690 508 apud
717 450 943 495 beniuolos
968 456 1226 496 mercatores
1258 451 1536 508 ‘mayistwm
1565 450 1857 495 Bao-thomum

393 520 615 565 Rembolt:
644 525 682 565 et
708 520 932 565 Ioannem
950 521 1181 566 Pamwm.
1242 522 1365 575 Quae
1385 521 1440 564 de
1464 522 1715 579 Oonfessore
1734 520 1857 576 reqio

394 591 613 642 dicuntur,
633 590 931 648 intellegenda
959 593 1065 634 sunt
1089 591 1143 634 de
1173 591 1408 634 Guillelmo
1432 590 1576 633 Paruo
1602 590 1696 633 siue
1727 589 1857 640 Petit,

394 675 525 718 quem
554 663 684 704 uocat
713 659 880 704 Claude
909 661 964 704 de
994 660 1181 718 SeysseL
1211 661 1327 704 Hist.
1357 660 1410 704 cle
1441 659 1590 716 Louys
1624 659 1730 710 XII,
1760 659 1857 702 Par.

399 732 508 786 1615
530 744 571 787 p.
594 743 688 787 293,
709 730 895 774 Maistre
917 731 1179 775 &willam
1198 729 1355 780 Parvi,
1375 729 1546 772 homme
1560 728 1613 772 de
1629 728 1771 772 bonne
1789 727 1859 772 vie

394 803 432 844 et
456 800 510 844 de
523 799 744 857 profonde
770 799 944 851 science,
964 803 1010 843 et
1035 800 1106 843 cui
1129 799 1246 842 idem
1270 802 1367 842 erat
1393 812 1552 842 nomen
1577 797 1694 855 quod
1723 798 1858 841 etiam

394 869 528 912 huius
565 869 773 912 editionis
810 869 1091 927 typographo
1126 869 1278 921 alteri3
1319 883 1363 912 v.
1395 867 1860 920 Schaarschmidtium,

395 939 490 982 Ioh.
521 940 623 983 Sar.
653 953 694 995 p.
726 940 821 994 285.
881 938 928 982 Is
956 953 1111 996 regum
1142 937 1356 981 Ludouici
1386 936 1479 979 XII
1507 939 1552 980 et
1582 936 1805 980 Francisci
1835 937 1859 980 I

396 1007 619 1052 confessor
648 1008 738 1051 fuit
750 1022 760 1061 ;
791 1023 829 1051 a.
854 1017 963 1064 1519
994 1008 1222 1065 episcopus
1251 1007 1477 1050 Trecensis
1507 1005 1664 1058 factus,
1686 1021 1724 1050 a.
1751 1017 1859 1063 1527

397 1077 455 1120 ad
488 1077 635 1120 sedem
675 1077 1051 1121 Siluanectensem
1094 1077 1350 1127 translatus,
1384 1091 1424 1119 a.
1460 1078 1572 1133 1536
1606 1090 1862 1133 supremum

397 1147 515 1190 diem
536 1147 671 1200 obiit;
700 1162 741 1190 v.
766 1147 877 1191 Gall.
901 1146 1063 1190 Christ.
1079 1162 1119 1190 x.
1141 1159 1247 1198 1441
1272 1161 1372 1203 seq„
1387 1146 1463 1189 xii.
1479 1147 1564 1201 516
1580 1160 1681 1203 seq„
1697 1146 1863 1198 Zedler,

404 1215 542 1260 Vniu.
573 1216 674 1260 Leae.
710 1216 848 1258 xxvii.
887 1217 996 1259 1082
1021 1230 1110 1273 seq.
1184 1215 1349 1259 Eadem
1383 1215 1438 1259 de
1470 1216 1567 1259 uita
1601 1216 1863 1274 scriptisque

397 1285 579 1330 Ioannis
608 1285 951 1329 Saresberiensis
980 1285 1116 1327 habet
1142 1285 1280 1328 editio
1303 1284 1564 1328 Parisiensis
1590 1300 1702 1342 quae
1727 1285 1864 1328 editio

397 1355 613 1413 princepe,
632 1354 786 1397 addito
809 1356 959 1397 tamen
984 1354 1262 1411 paragrapho
1289 1369 1345 1397 ex
1371 1353 1406 1397 Ι.
1431 1354 1664 1398 Trithemii
1690 1354 1864 1398 abbatis

399 1424 743 1483 Spanhemensis
792 1424 932 1468 Catal.
974 1425 1139 1480 Script.
1182 1423 1338 1468 Eccles.
1376 1424 1532 1467 lxxvii.
1605 1423 1865 1481 Sequuntur

397 1494 661 1540 Entketicus
684 1493 910 1537 Iohannis
935 1493 1126 1550 episcopi
1156 1493 1443 1538 Garnotensis
1465 1493 1530 1537 In
1550 1492 1864 1550 policratiwn,

399 1565 493 1623 ipse
522 1563 834 1616 Policraticus,
853 1577 1029 1607 carmen
1059 1562 1114 1605 de
1143 1562 1352 1606 membris
1380 1562 1735 1619 conspirantibus
1764 1576 1865 1606 cum

400 1634 551 1679 eadem
571 1636 706 1690 atque
730 1633 777 1675 in
801 1632 866 1676 ed.
887 1646 951 1689 pr.
971 1632 1351 1689 superscriptione,
1371 1634 1678 1676 contentorum
1699 1632 1866 1684 tabula,

400 1704 534 1748 index
549 1703 702 1747 ordine
717 1702 993 1760 alphabetico
1007 1701 1261 1744 instructus.
1302 1700 1358 1743 In
1373 1700 1448 1744 fol.
1467 1713 1549 1758 232
1563 1704 1705 1744 recto:
1731 1701 1865 1745 Finit

401 1788 512 1830 opus
527 1772 789 1830 preclarwn
803 1770 1067 1815 Policratici
1083 1770 1146 1813 De
1162 1770 1302 1826 nuyis
1321 1769 1576 1814 curialium
1595 1774 1634 1814 et
1656 1770 1866 1827 uestigiis

399 1842 789 1901 philosophorum:
833 1841 965 1885 cuius
994 1840 1191 1884 Ioannes
1224 1838 1559 1883 Salesberiensis
1597 1843 1721 1883 actor
1748 1840 1865 1896 fuit.

402 1913 468 1956 In
492 1912 588 1956 Sole
613 1924 752 1954 aureo
782 1909 883 1953 uici
911 1909 1059 1953 sancti
1089 1908 1121 1952 Ι
1119 1907 1252 1959 acobi,
1283 1908 1564 1965 Impressum
1593 1908 1866 1953 Parrhisius

401 1996 535 2039 opera
563 1984 602 2025 et
630 1979 831 2037 expensis
858 1978 1073 2034 mayistri
1106 1977 1332 2022 Bertholdi
1366 1977 1563 2022 Rembolt
1598 1981 1636 2021 et
1668 1977 1867 2023 Ioannis

398 2051 558 2108 parui.
609 2050 749 2093 Anno
766 2048 950 2092 domini
969 2047 1108 2091 MDX
1112 2047 1212 2092 III.
1260 2048 1345 2091 Die
1363 2061 1471 2091 uero
1490 2061 1577 2092 oeaev
1602 2047 1734 2092 Maii.
1795 2047 1868 2091 Ab

404 2119 610 2165 editionis
630 2118 841 2176 principis
861 2120 990 2161 textu
1011 2117 1233 2161 rarissime
1252 2117 1482 2174 discrepat.

462 2189 518 2247 (c)
551 2188 713 2232 Eodem
742 2201 858 2230 anno
884 2186 1051 2244 prodiit
1081 2186 1286 2243 Lugduni
1315 2186 1362 2228 in
1392 2188 1549 2230 octauo
1573 2185 1718 2229 editio.
1740 2200 1868 2244 prae-

404 2258 585 2303 cedente
615 2257 779 2301 melior.
839 2256 894 2299 In
925 2255 1095 2300 fronte:
1125 2255 1352 2300 Iohannis
1381 2254 1715 2299 saresberiensis
1744 2255 1868 2300 Poli-

404 2327 599 2372 oratioue
618 2326 670 2370 de
689 2325 829 2383 nuyis
848 2325 1103 2369 curialium
1128 2329 1165 2369 et
1196 2324 1402 2381 uestiyiis
1424 2324 1795 2380 philosophorum
1813 2324 1870 2368 ‘in

406 2401 495 2442 octo
525 2395 740 2452 partiales
773 2394 961 2438 diuisus
995 2393 1157 2438 libros:
1199 2408 1305 2437 cum
1335 2392 1581 2437 eoa-undem
1612 2392 1781 2437 tabulis
1812 2394 1871 2438 in
1899 2398 1901 2400 ’

405 2465 550 2523 operis
569 2462 752 2509 eoeordio
771 2462 1014 2519 dispositis.
1077 2462 1149 2507 Sic
1171 2462 1217 2505 in
1239 2461 1481 2519 exemplari
1503 2477 1599 2505 meo
1616 2477 1626 2515 ;
1655 2462 1701 2505 in
1723 2477 1869 2506 exem-

406 2535 519 2594 plari
560 2533 799 2578 Bodleiano
829 2532 1055 2576 Iohannis
1085 2535 1165 2576 etc.
1199 2535 1251 2575 ut
1282 2531 1327 2574 in'
1359 2546 1454 2575 meo
1484 2545 1622 2588 usque
1642 2532 1698 2575 ad
1724 2532 1871 2588 philo·-

406 2604 674 2661 sophorum
703 2605 799 2646 tum
821 2617 926 2645 uero
946 2602 1179 2645 continens
1198 2601 1333 2645 libros
1353 2604 1466 2652 oct0;
1497 2601 1649 2644 statim
1670 2602 1872 2658 sequitur

408 2674 693 2719 materiarum
751 2671 797 2715 in
854 2671 978 2714 libris
1037 2673 1326 2714 tractatarum
1384 2669 1531 2713 breuis
1586 2671 1871 2715 enumeratio.

409 2743 485 2802 Pp.
518 2756 630 2799 3-14
662 2741 815 2786 tabula
846 2744 1163 2785 contentorum.
1240 2739 1315 2797 Pp.
1350 2750 1488 2797 15—23
1522 2739 1782 2783 Enilzetious
1814 2740 1872 2784 ‘in

410 2812 739 2859 Petico-aticum
754 2811 849 2855 sine
865 2809 1010 2855 titulo.
1050 2809 1162 2853 Tum
1178 2808 1482 2854 Policraticus
1502 2809 1595 2867 ipse
1615 2809 1661 2852 in
1679 2808 1769 2854 soll.
1785 2819 1870 2867 375

526 2896 639 2926 xvm
