1994 3190
260 231 330 272 571
349 232 379 263 a
725 220 987 266 IOANNIS
1029 219 1545 265 SARESBERIENSIS
1707 219 1818 280 [Lm.
1833 230 1866 263 v

348 363 378 391 a
395 342 598 385 Gratiam
624 342 791 400 fingere
817 342 864 385 in
891 342 1004 394 odio,
1023 342 1242 385 instruere
1268 341 1388 384 inter
1411 340 1726 385 concordantes
1751 340 1865 392 odia,

393 411 514 468 apud
552 414 792 468 utrumque
827 412 1020 469 gratiam
1056 426 1266 468 quaerere
1296 410 1549 467 sollempnis
1583 410 1650 453 illi
1683 424 1864 454 consue-

393 481 513 524 tudo.
573 480 701 524 Inter
719 481 827 525 haec
846 481 1098 538 eloquentia
1119 483 1165 524 et
1191 480 1379 538 insignis
1399 479 1792 532 oratio,·acuminis
1818 482 1865 523 et

394 550 616 593 sollertiae
649 549 791 607 plena,
822 554 876 594 ut
904 565 984 594 nec
1013 550 1191 594 ornatui
1221 549 1414 593 facilitas
1443 563 1523 592 nec
1551 548 1760 592 facilitati
1795 549 1863 591 in-

394 619 656 662 uentionum
688 619 858 663 deesset
891 622 1087 663 ornatus.
1158 619 1276 662 Huic
1316 618 1571 661 Alexander
1608 618 1728 661 fflius
1767 631 1863 662 suc·
1883 633 1902 669 5

394 689 536 739 cessit,
574 691 620 732 et
652 688 823 732 uirtute
854 692 900 732 et
932 689 1058 732 uitiis
1092 691 1220 746 patre
1250 688 1402 731 maior.
1458 687 1622 744 'Itaque
1656 687 1863 731 uincendi

395 758 511 801 ratio
529 757 708 814 utrique
728 757 916 802 diuersa.
975 758 1062 801 Hic
1082 761 1247 814 aperta,
1268 757 1343 799 ille
1363 756 1536 799 artibus
1559 756 1676 799 bella
1701 759 1864 800 tracta·

394 827 483 870 bat.
562 827 770 883 Deceptis
812 827 887 870 ille
936 827 1129 886 gaudere
1168 827 1382 877 hostibus,
1421 826 1493 869 hic
1542 826 1690 882 palam
1739 825 1863 870 fusis.

395 896 661 940 Prudentior
689 896 764 940 ille
793 897 985 948 consilio,
1015 897 1087 940 hic
1122 897 1270 939 animo
1304 895 1669 953 magnificentior.
1741 895 1864 938 Iram

394 970 522 1023 pater
551 965 840 1017 dissimulare,
869 966 1127 1022 plerumque
1158 965 1294 1008 etiam
1333 964 1509 1007 uincere
1530 977 1540 1016 ;
1580 963 1651 1007 hic
1680 963 1758 1006 ubi
1787 978 1863 1008 ex·
1883 980 1926 1006 xo

394 1035 585 1086 arsisset,
614 1049 694 1078 nec
724 1034 881 1078 dilatio
909 1035 1093 1078 ultionis
1121 1049 1202 1078 nec
1231 1034 1389 1077 modus
1418 1035 1525 1076 erat.
1595 1032 1702 1075 Vini
1731 1033 1866 1077 nimis

392 1108 581 1161 uterque
612 1104 782 1155 auidus,
817 1104 894 1147 sed
929 1104 1158 1148 ebrietatis
1197 1103 1375 1146 diuersa
1413 1102 1538 1146 uitia.
1611 1102 1735 1145 Patri
1769 1117 1866 1146 mos

394 1176 491 1216 erat
526 1173 661 1216 etiam
693 1173 748 1217 de
779 1174 985 1217 conuiuio
1019 1174 1067 1216 in
1101 1174 1274 1217 hostem
1313 1186 1583 1230 procurrere,
1615 1186 1661 1215 se
1699 1174 1866 1216 temere

395 1243 602 1299 periculis
633 1243 815 1296 offerre;
859 1243 1113 1286 Alexander
1150 1257 1240 1286 non
1278 1242 1326 1284 in
1358 1242 1530 1285 hostem
1564 1241 1640 1285 sed
1680 1241 1728 1284 in
1762 1256 1865 1286 suos

349 1308 379 1346 b
397 1312 634 1356 saeuiebat.
675 1311 971 1364 Quamobrem
987 1327 1116 1370 saepe
1133 1312 1387 1369 Philippum
1400 1311 1685 1354 uulneratum
1697 1311 1866 1369 praelia
1885 1329 1925 1366 ¹5

397 1382 672 1432 remiserunt,
687 1382 759 1426 hic
778 1382 1019 1426 amicorum
1039 1381 1375 1425 interfectorum
1388 1381 1595 1424 conuiuio
1608 1380 1866 1438 frequenter

396 1451 595 1493 excessit.
655 1450 858 1508 Regnare
887 1451 962 1494 ille
991 1465 1092 1494 cum
1123 1450 1275 1493 amicis
1304 1449 1495 1501 uolebat,
1525 1450 1597 1493 1110
1626 1450 1674 1492 in
1702 1450 1866 1495 amicos

396 1535 534 1578 regna
554 1520 798 1563 exercebat.
839 1520 994 1563 Amari
1014 1523 1142 1577 pater
1156 1519 1299 1571 malle,
1312 1519 1384 1563 hic
1399 1519 1550 1562 metui.
1593 1519 1864 1564 Litterarum

395 1589 543 1632 cultus
572 1589 751 1646 utrique
781 1589 949 1632 similis.
1009 1589 1242 1632 Sollertiae
1270 1591 1398 1646 pater
1426 1588 1618 1640 maioris,
1646 1588 1718 1632 hic
1747 1588 1864 1632 fidei.

396 1658 555 1701 Verbis
593 1660 728 1714 atque
774 1658 974 1702 oratione
1023 1658 1266 1715 Philippus,
1305 1657 1377 1701 hic
1415 1657 1547 1700 rebus
1585 1657 1863 1702 moderatior.
1882 1674 1926 1700 ao

398 1727 611 1771 Parcendi
663 1727 796 1770 uictis
851 1727 943 1771 filio
998 1727 1173 1771 animus
1227 1726 1475 1783 promptior
1533 1728 1579 1770 et
1627 1726 1864 1772 honestior.

398 1796 668 1854 Frugalitati
716 1799 855 1853 pater,
903 1796 1108 1839 luxuriae
1160 1795 1280 1838 filius
1329 1795 1472 1852 magis
1525 1795 1702 1838 deditus
1755 1799 1864 1840 erat.

397 1865 570 1919 Quibus
618 1866 791 1909 artibus
839 1866 959 1909 orbis
1007 1865 1183 1922 imperii
1233 1864 1527 1907 fundamenta
1574 1867 1704 1922 pater
1751 1865 1866 1919 iecit,

396 1935 541 1992 operis
567 1935 685 1979 tanti
711 1935 899 1993 gloriam
926 1935 1046 1978 filius
1070 1934 1407 1978 consummauit.
1467 1934 1554 1977 Ast
1580 1934 1627 1977 in
1656 1949 1746 1979 uno
1774 1950 1865 1980 non

396 2004 526 2047 modo
565 2004 707 2061 patris
746 2004 823 2047 sed
862 2004 1059 2047 omnium
1099 2004 1393 2062 ingenuorum
1427 2003 1703 2047 transcendit
1739 2004 1865 2057 uitia,
1883 2019 1926 2056 ¹3

397 2074 514 2132 quod
535 2074 988 2117 incontinentissimae
1009 2073 1099 2117 fuit
1118 2073 1326 2124 inuidiae,
1338 2073 1448 2116 adeo
1467 2075 1520 2116 ut
1534 2073 1669 2116 etiam
1690 2074 1865 2131 paterni

355 2153 379 2183 c
397 2143 613 2201 triumphi
641 2143 679 2186 ei
708 2143 911 2187 lacrimas
939 2145 1255 2200 extorquerent
1286 2157 1337 2186 ac
1366 2142 1404 2186 si
1434 2142 1475 2186 ei
1504 2143 1651 2186 uirtus
1679 2146 1868 2201 paterna

395 2213 593 2257 omnium
623 2213 916 2270 gerendorum
946 2213 1217 2270 praeriperet
1245 2212 1444 2269 gloriam.
1506 2212 1592 2256 Eos
1622 2212 1756 2256 etiam
1786 2216 1868 2257 aut

396 2282 586 2340 propriis
625 2281 830 2325 manibus
868 2281 1162 2325 interficiebat
1201 2284 1282 2324 aut
1321 2281 1419 2338 rapi
1468 2281 1768 2339 praecipiebat
1805 2282 1864 2326 ad

395 2367 567 2410 penam,
593 2351 668 2408 qui
693 2354 903 2408 paternae
935 2351 1120 2394 uirtutis
1154 2351 1388 2408 praeconia
1414 2350 1741 2408 praedicabant.
1800 2351 1865 2396 At
1883 2365 1929 2401 30

397 2420 627 2478 Pitagoras
656 2419 774 2477 apud
809 2420 1092 2477 philosophos
1122 2422 1275 2463 tantae
1311 2419 1465 2463 extitit
1501 2419 1783 2464 auctoritatis
1812 2423 1867 2464 ut

396 2490 451 2534 ad
479 2489 677 2533 omnium
707 2489 1015 2546 quaestionum
1048 2488 1312 2532 decisionem
1342 2488 1572 2541 sufficeret,
1602 2488 1639 2532 si
1665 2488 1712 2531 in
1739 2492 1866 2547 parte

395 2562 882 2632 {tollemnis-Sz—qolennis
900 2577 939 2613 M
1040 2586 1084 2631 15·
1099 2576 1325 2660 zhylippum
1345 2576 1386 2613 Μ
1483 2587 1525 2623 17
1543 2577 1780 2632 cum-amieis
1799 2576 1866 2615 ille

397 2626 436 2663 M
532 2636 571 2662 2¹
592 2625 882 2680 promtioffiBA
987 2634 1027 2671 31
1048 2627 1106 2672 pit
1135 2636 1269 2672 agoras
1282 2624 1371 2661 CAS
1484 2635 1528 2670 3²
1548 2625 1797 2663 demisionem
1810 2623 1866 2663 OS

449 2702 487 2738 17
507 2694 662 2729 uolebat:
682 2694 819 2728 nolebat
835 2691 966 2728 lustin.
1079 2702 1123 2737 24
1142 2694 1238 2727 tanti
1247 2704 1255 2728 :
1282 2692 1391 2727 totius
1405 2690 1540 2728 Iustin.
1661 2693 1707 2729 26
1723 2694 1810 2730 adeo
1825 2697 1867 2729 ue

397 2743 485 2778 etc.:
506 2740 586 2776 Hoc
598 2740 644 2776 de
656 2739 870 2777 Alexandro
883 2740 1010 2775 narrat
1022 2738 1246 2794 Plutarchus
1262 2741 1329 2775 Vct.
1339 2740 1442 2775 Alex.
1455 2751 1485 2775 0.
1503 2748 1520 2785 5
1536 2738 1777 2786 (ofiApopheh
1812 2751 1866 2794 yn.

402 2791 547 2871 ΠΨ
564 2787 663 2870 “⁹⁰5¹
679 2786 1230 2871 insssxss‘flmsazzzffzfflss.
1269 2786 1867 2881 ..².{.¹.-⁹.2’5.5::·‘;:r1053.·.;:·.1¹;¹2;¹.·

397 2848 521 2921 ix'diisan
537 2845 633 2929 legii
648 2848 822 2920 Idimum
883 2862 890 2871 ⁸
912 2847 960 2928 ξι
983 2846 1278 2928 Ρίιαροναερο101.);
1296 2893 1326 2918 v.
1339 2880 1414 2919 Cic.
1426 2882 1468 2918 de
1481 2882 1565 2918 Nat.
1579 2862 1722 2919 Deorfi.
1741 2862 1795 2930 5'§
1811 2891 1865 2920 ιο.

507 2936 573 2982 ³³⁶
