1994 3190
185 195 284 229 cn.
299 185 390 242 vn]
694 183 1135 230 Pomommcvs
1543 166 1550 172 '
1666 161 1747 235 536
1768 193 1798 223 a

242 306 387 350 Iulius
406 306 563 364 Iginus
583 307 632 349 in
651 305 765 349 libro
788 308 916 349 sexto
942 305 996 348 de
1016 305 1124 348 Vita
1144 304 1379 362 Rebusque
1400 304 1649 348 Illustrium

185 374 393 418 Virorum
423 375 541 432 quod
570 375 625 418 de
660 375 863 418 Fabricio
896 375 1107 431 sequitur,
1138 374 1301 427 refert;
1342 390 1446 418 nam
1475 366 1648 432 praece-

185 443 338 487 dentia
371 444 597 487 Plutarchi
626 444 674 486 in
704 443 994 487 Institutione
1022 443 1213 493 Traiani,
1233 447 1278 486 et
1308 444 1414 487 Iulii
1445 444 1647 488 Frontini

185 512 235 555 in
262 512 376 556 libro
411 513 832 571 Strategemmatum
861 515 980 557 sunt.
1050 512 1280 556 Venerunt
1315 529 1419 570 ergo
1459 513 1649 557 secundo
1665 516 1695 555 b

147 596 166 630 ⁵
186 581 322 639 legati
353 581 605 625 Samnitum
633 582 690 625 ad
715 582 876 625 Gaium
906 581 1169 632 Fabricium,
1192 582 1357 625 multas
1392 586 1437 626 et
1465 597 1650 640 magnas

186 665 256 694 res
275 654 579 702 memorantes,
593 665 704 708 quae
725 651 835 694 bene
851 665 901 694 ac
920 650 1124 694 beniuole
1143 654 1244 708 post
1259 652 1478 695 redditam
1499 667 1651 709 pacem

186 719 463 764 Samnitibus
491 719 668 772 fecerat,
697 720 930 764 offerentes
961 720 1076 764 dono
1104 721 1318 778 grandem
1348 722 1579 779 pecuniam
1606 726 1653 766 et

186 792 364 833 orantes
395 792 448 832 ut
482 804 578 832 eam
610 789 826 847 acciperet
857 792 903 833 et
934 792 1146 840 uteretur,
1181 805 1232 833 eo
1266 790 1383 848 quod
1418 791 1561 834 multa
1595 792 1651 834 ad

187 859 492 903 necessitatem
513 859 659 903 uictus
686 862 732 903 et
757 858 1032 917 splendorem
1059 859 1216 903 domus
1235 863 1363 903 tanto
1386 860 1485 903 uiro
1504 860 1654 903 deesse

130 949 173 976 ιο
189 931 424 973 constaret.
473 928 624 972 Nichil
645 929 762 972 enim
777 929 950 972 lautum
971 931 1263 986 paratumque
1279 932 1377 972 erat
1395 944 1476 986 pro
1497 930 1652 987 ampli-

188 998 345 1043 tudine
364 999 556 1042 hominis
575 1002 621 1042 et
640 998 859 1056 dignitate
879 998 1072 1041 uirtutis.
1123 998 1350 1042 Fabricius
1370 1013 1476 1042 uero
1499 999 1655 1056 planas

188 1075 348 1111 manus
374 1068 432 1111 ab
457 1068 640 1111 auribus
666 1067 723 1111 ad
750 1067 898 1111 oculos
924 1070 970 1110 et
996 1066 1116 1110 infra
1142 1071 1188 1110 et
1214 1067 1418 1125 deinceps
1442 1068 1499 1111 ad
1526 1083 1656 1111 nares

190 1140 238 1180 et
265 1137 322 1180 ad
347 1137 498 1195 gulam
518 1140 563 1181 et
583 1137 640 1180 ad
666 1151 715 1180 os
735 1139 781 1180 et
800 1136 957 1180 deinde
977 1136 1034 1179 ad
1054 1140 1256 1180 uentrem
1277 1140 1323 1180 et
1348 1137 1438 1180 ima
1457 1138 1658 1189 deduxit,

192 1209 239 1250 et
277 1206 435 1264 legatis
473 1207 522 1249 in
560 1207 668 1250 haec
706 1206 843 1249 uerba
885 1206 1135 1263 respondit:
1184 1205 1303 1248 Dum
1343 1206 1547 1250 omnibus
1587 1207 1657 1249 his

131 1284 174 1320 ¹⁵
192 1275 413 1326 membris,
433 1290 546 1332 quae
565 1275 709 1333 attigi,
729 1274 931 1318 resistere
949 1278 1084 1331 atque
1100 1274 1316 1332 imperare
1336 1278 1501 1332 potero,
1521 1276 1655 1318 michi

193 1344 330 1388 nichil
368 1345 547 1388 omnino
585 1344 738 1396 deerit,
772 1343 957 1400 ideoque
996 1344 1124 1387 uobis
1163 1347 1386 1387 reseruate
1424 1345 1654 1402 pecuniam
1675 1362 1702 1392 e

192 1414 482 1457 necessariam
509 1414 662 1457 usibus
688 1413 860 1464 uestris,
880 1427 960 1456 nec
988 1428 1084 1456 eam
1115 1413 1276 1470 quibus
1303 1414 1548 1457 necessaria
1577 1419 1659 1457 aut

193 1485 324 1541 grata
361 1498 451 1527 non
489 1486 557 1527 est
595 1482 836 1540 ingeratis;
885 1482 1074 1525 Romani
1114 1482 1331 1540 siquidem
1371 1498 1461 1527 non
1499 1487 1660 1527 curant

194 1552 356 1596 habere
395 1567 565 1606 aurum,
604 1552 681 1596 sed
719 1552 936 1608 imperare
983 1551 1143 1595 uolunt
1182 1552 1450 1596 habentibus
1489 1567 1660 1596 aurum.

134 1636 179 1662 πο
196 1621 293 1666 Hoc
321 1622 465 1666 Iulius
504 1622 672 1680 Iginus.
752 1621 994 1664 Frontinus
1023 1635 1129 1664 uero
1159 1620 1298 1664 refert
1327 1623 1445 1679 quod
1479 1622 1537 1665 ad
1579 1622 1661 1664 Fa-

195 1690 382 1734 bricium
402 1691 557 1735 ducem
573 1691 871 1734 Romanorum
892 1690 1087 1733 medicus
1109 1690 1222 1732 Pirri
1245 1690 1529 1748 Epirotarum
1545 1691 1662 1749 regis

193 1760 409 1818 peruenit,
429 1760 652 1818 pollicitus
671 1774 717 1803 se
737 1774 958 1802 uenenum
978 1759 1189 1802 daturum
1212 1759 1348 1811 Pirm,
1368 1760 1475 1803 dum
1497 1775 1662 1804 merces

194 1829 292 1880 sibi,
323 1829 371 1872 in
411 1844 499 1886 qua
537 1843 694 1887 operae
733 1828 926 1886 pretium
967 1827 1094 1879 foret,
1133 1828 1490 1872 constitueretur.
1564 1830 1664 1883 Quo

194 1897 390 1942 facinore
425 1898 652 1942 Fabricius
687 1912 815 1955 egere
849 1897 1082 1940 uictoriam
1123 1912 1248 1940 suam
1289 1912 1378 1941 non
1418 1898 1663 1942 arbitratus

134 1981 178 2016 ³5
195 1967 290 2025 regi
319 1968 536 2012 medicum
565 1967 737 2011 detexit
776 1970 910 2024 atque
941 1981 993 2010 ea
1030 1967 1118 2010 fide
1157 1967 1322 2010 meruit
1362 1970 1415 2010 ut
1456 1968 1512 2010 ad
1555 1969 1663 2010 ami-

194 2037 346 2081 citiam
370 2037 668 2080 Romanorum
689 2036 984 2094 appetendam
1004 2036 1285 2094 compelleret
1307 2036 1492 2079 Pirrum.
1552 2036 1664 2081 Pace

194 2120 293 2150 mea
322 2107 547 2151 decertent
575 2107 623 2150 in
652 2121 756 2151 casu
786 2106 872 2150 isto
891 2106 1097 2150 Valerius
1127 2106 1350 2149 Maximus
1377 2109 1422 2149 et
1450 2105 1664 2150 Claudius

198 2232 215 2260 1
242 2221 279 2258 vi
297 2222 343 2259 S:
366 2221 437 2259 νὶ*ιο
452 2222 492 2258 Μ
654 2232 684 2267 1,
702 2231 723 2257 2
749 2220 917 2257 uirorum
933 2220 1140 2257 illustrium
1157 2220 1197 2256 M
1357 2229 1377 2265 7
1405 2220 1617 2258 sannitibus
1638 2222 1663 2258 S

197 2280 241 2307 12
267 2270 415 2307 occulos
431 2268 464 2305 A
610 2279 653 2315 13
679 2280 720 2306 os
737 2270 777 2306 et
791 2269 842 2308 ad
859 2268 988 2315 gulam
1007 2268 1047 2304 M
1200 2276 1241 2315 15
1268 2267 1432 2305 resistite
1450 2269 1474 2304 S
1616 2271 1664 2307 26

194 2317 423 2364 apetendam
455 2316 480 2354 S

248 2429 264 2456 1
290 2421 413 2456 Iulius
441 2421 571 2466 qu'nus
603 2422 698 2458 etc.:
743 2432 776 2456 v.
810 2419 909 2456 Gell.
936 2419 960 2455 i.
994 2429 1048 2464 14.
1205 2430 1228 2465 4
1251 2421 1426 2456 secundo:
1452 2420 1533 2457 Hoc
1562 2431 1665 2456 voca-

197 2467 341 2510 bulum,
373 2468 473 2513 quod
507 2467 752 2522 interpretari
788 2479 946 2513 nequeo,
980 2479 1026 2505 ex
1062 2466 1211 2504 incuria
1244 2469 1312 2503 aut
1354 2467 1508 2504 Ioannis
1547 2467 1665 2514 ipsius

197 2517 267 2551 aut
299 2513 438 2551 codicis
471 2513 646 2559 Gelliam,
673 2527 746 2561 quo
779 2515 966 2558 utebatur,
1001 2515 1194 2562 scriptoris
1228 2518 1354 2551 ortum
1387 2517 1426 2551 et
1467 2526 1535 2562 pro
1566 2521 1666 2550 sexto

198 2561 384 2608 scriptum
425 2573 503 2599 esse
542 2562 736 2607 suspicion
785 2573 875 2598 nam
915 2562 971 2598 ita
1011 2574 1071 2608 ap.
1117 2562 1284 2599 Gellium
1325 2562 1494 2609 legitur:
1541 2564 1667 2598 Iulius

198 2611 369 2654 Hyyinue
398 2611 441 2644 in
472 2610 563 2646 libro
594 2611 638 2646 de
668 2612 747 2646 uita
777 2611 946 2656 rebusque
979 2611 1179 2646 illustr-ium
1207 2612 1374 2646 uirorum
1405 2616 1503 2646 sexto
1535 2611 1667 2656 leqatos

199 2657 287 2692 dicit
304 2659 375 2693 etc.
763 2657 805 2693 18
829 2659 987 2693 Romam·
1001 2659 1076 2694 etc.
1091 2670 1100 2693 ε
1126 2670 1158 2692 v.
1175 2656 1342 2694 Frontin.
1360 2659 1471 2694 Strat.
1489 2657 1534 2693 iv.
1554 2668 1574 2702 3
1597 2657 1615 2703 §
1632 2667 1665 2693 2.

199 2715 256 2745 20,
276 2714 317 2740 21
347 2705 396 2740 ad
418 2704 628 2740 Fabricium
652 2705 748 2741 etc.:
784 2702 955 2740 Frontin.
979 2706 1092 2740 Strat.
1109 2704 1157 2742 iv.
1174 2715 1197 2749 4
1217 2704 1236 2759 ᾗ
1258 2715 1290 2741 2.
1483 2715 1527 2741 22
1553 2706 1665 2740 dum:

198 2753 233 2787 ei
250 2751 422 2788 Frontin.
589 2752 646 2792 26,
666 2760 709 2796 27
735 2753 827 2787 Paeo
844 2763 922 2787 mea
939 2753 1011 2788 etc.
1027 2764 1035 2788 ε
1062 2764 1094 2788 v.
1111 2751 1208 2789 Gen.
1224 2750 1279 2787 1ii.
1297 2752 1329 2788 8.
1522 2761 1566 2795 27
1598 2753 1663 2787 Va-

200 2800 312 2835 terius
328 2799 535 2834 Maximus:
561 2797 688 2844 potius
699 2797 871 2834 Valerius
883 2798 1030 2835 Antias.
1066 2798 1178 2835 Haud
1195 2798 1334 2834 mirum
1347 2800 1406 2836 est
1424 2798 1606 2836 Ioannem
1622 2798 1663 2834 in

200 2856 339 2882 nomen
363 2845 490 2882 notius
514 2844 701 2888 incidisse,
720 2844 943 2891 praesertim
969 2857 1055 2882 cum
1079 2857 1140 2893 ap.
1157 2846 1242 2883 Val.
1260 2846 1361 2882 Max.
1380 2848 1415 2884 6.
1442 2855 1460 2893 5
1490 2846 1508 2893 ξ
1539 2857 1555 2883 1
1583 2857 1663 2882 rem

200 2893 364 2930 eandem
380 2893 427 2930 de
439 2891 662 2929 Timochare
678 2894 872 2928 narratam
889 2891 1107 2931 invenisset.

1491 2973 1554 3006 311
