1994 3190
196 138 284 186 460
303 135 333 175 d
679 131 944 176 IOANNIS
983 129 1500 179 SARESBERIENSIS
1655 131 1765 187 [Lm.
1782 141 1823 173 11

350 255 664 312 sompniantes,
687 253 807 297 inter
835 253 1031 310 aliquam
1061 255 1108 296 et
1130 252 1306 315 *nullam
1336 251 1633 295 substantiam
1662 247 1827 294 consti--

350 325 452 367 tuti.
512 323 701 366 Animae
730 322 932 379 quaesita
961 321 1132 379 origine
1162 321 1391 364 traducem
1417 320 1547 364 nobis
1573 319 1825 363 intellectus

350 393 548 450 opponit.
609 391 835 435 Postremo
864 392 913 434 in
941 391 1096 434 diuina
1125 389 1377 433 substantia
1407 389 1657 432 trinitatem
1681 388 1825 445 recipe

352 475 662 518 personarum3
703 461 791 503 nisi
822 460 870 503 in
900 460 1005 502 fidei
1034 460 1216 510 uirtute,
1247 457 1466 515 quomodo
1495 457 1617 500 Arrii
1645 457 1826 514 laqueos

351 531 623 574 declinabis?
693 530 959 573 Diuinitatis
1002 543 1138 571 unam
1178 527 1422 585 simplicem
1461 529 1507 570 et
1546 526 1826 569 indiuiduam
1844 545 1864 578 5

351 599 540 643 admitte
569 599 890 651 substantiam3
929 598 1147 655 quomodo
1178 596 1373 647 sabellii,
1393 596 1480 639 nisi
1509 595 1613 639 fidei
1642 595 1827 646 ratione,

351 683 511 712 manus
540 668 753 726 effugies?
814 667 937 711 Haec
966 670 1117 710 tamen
1146 681 1237 710 non
1266 666 1414 709 minus
1443 680 1552 708 uera
1580 666 1687 708 sunt
1722 663 1829 720 quia

352 738 507 781 multis
526 741 713 796 possunt
732 737 1065 794 quaestionibus
1086 735 1351 794 impugnari.
1401 735 1461 778 Et
1480 735 1584 778 licet
1597 732 1829 790 Sapientia

354 807 438 851 Dei
474 822 520 851 se
551 806 870 851 incarnationis
899 805 1099 848 misterio
1129 805 1257 848 nobis
1288 804 1511 847 uisibilem
1540 802 1709 855 fecerit,
1737 815 1828 844 non

209 878 288 925 461
308 887 338 916 a
354 880 505 920 tamen
539 890 730 933 eousque
765 890 813 918 se
847 874 1093 918 intellectui
1133 877 1286 917 nostro
1318 873 1427 917 fecit
1457 871 1738 930 palpabilem,
1775 873 1830 914 ut
1849 888 1891 913 10

353 960 454 989 cum
488 960 541 988 ea
574 945 792 1003 possimus
827 958 1142 1000 usquequaque
1177 943 1432 995 discurrere,
1463 942 1650 985 scientes
1680 954 1829 983 rerum

353 1015 552 1058 omnium
589 1017 758 1071 quanta
792 1013 853 1056 sit
885 1012 1120 1070 longitudo
1154 1012 1348 1056 latitudo
1383 1011 1622 1055 sullimitas
1652 1013 1699 1053 et
1727 1023 1830 1067 pro-

354 1084 558 1128 fundum.
618 1083 667 1127 Si
692 1098 799 1126 uero
825 1082 1241 1125 mathematicorum
1270 1082 1347 1125 uia
1374 1084 1489 1124 esset
1515 1092 1831 1137 usquequaque

354 1153 604 1204 laudabilis,
627 1167 717 1195 non
744 1155 978 1208 tantopere
1005 1151 1271 1208 penituisset
1296 1164 1510 1208 magnum
1525 1149 1830 1206 Augustinum

355 1236 403 1266 se
442 1236 594 1265 eorum
634 1220 1035 1264 consultationibus
1074 1219 1321 1263 inclinasse.
1397 1219 1470 1262 Ad
1519 1219 1628 1262 haec
1677 1217 1831 1260 doctor
1851 1232 1891 1267 15

356 1290 660 1334 sanctissimus
715 1289 790 1331 ille
840 1289 1092 1347 Gregorius,
1143 1288 1220 1346 qui
1276 1287 1433 1331 melleo
1488 1287 1831 1345 praedicationis

355 1360 513 1417 ymbre
552 1362 694 1402 totam
734 1358 903 1416 rigauit
942 1361 988 1401 et
1027 1357 1251 1400 debriauit
1290 1357 1528 1408 ecclesiam,
1567 1371 1658 1400 non
1700 1356 1831 1400 modo

357 1429 579 1473 mathesin
613 1428 744 1471 iussit
773 1428 831 1471 ab
861 1427 975 1479 aula,
1005 1427 1082 1471 sed
1111 1429 1165 1470 ut
1193 1427 1391 1471 traditur
1423 1442 1451 1471 a
1479 1427 1734 1481 maioribus,
1764 1427 1831 1471 in-

356 1498 512 1542 cendio
541 1497 666 1541 dedit
696 1497 956 1555 reprobatae
987 1496 1190 1541 lectionis

513 1589 679 1647 scripta
709 1589 940 1632 Palatinus
970 1602 1273 1646 quaecumque
1302 1588 1484 1631 tenebat
1513 1588 1686 1646 Apollo,
1852 1601 1895 1626 20

357 1682 405 1724 in
446 1681 607 1738 quibus
651 1684 780 1724 erant
819 1681 1069 1738 praecipua,
1117 1695 1230 1738 quae
1272 1680 1501 1724 celestium
1546 1683 1741 1724 mentem
1788 1683 1834 1724 et

359 1765 618 1807 superorum
649 1749 827 1793 oracula
855 1749 1126 1792 uidebantur
1155 1749 1410 1792 hominibus
1440 1749 1649 1794 reuelare.
1714 1748 1835 1803 Quid

359 1820 534 1863 multa?
594 1819 754 1862 Nonne
789 1819 899 1862 satis
933 1822 1001 1862 est
1033 1819 1151 1876 quod
1187 1819 1300 1863 hanc
1335 1819 1583 1862 uanitatem
1616 1818 1835 1863 catholica

311 1894 341 1933 b
360 1892 407 1932 et
435 1887 700 1931 uniuersalis
731 1887 912 1931 ecclesia
940 1888 1201 1939 detestatur,
1226 1891 1270 1931 et
1301 1902 1386 1939 e08,
1410 1887 1487 1945 qui
1517 1902 1614 1931 eam
1644 1887 1834 1931 ulterius

360 1972 563 2002 exercere
603 1957 991 2014 praesumpserint,
1032 1957 1243 2014 legitimis
1283 1957 1409 2014 penis
1448 1957 1678 2014 percellit?
1744 1957 1833 2001 Sed
1853 1968 1894 2002 25

360 2043 415 2071 ne
440 2027 787 2085 planetariorum
813 2041 901 2069 non
926 2029 1019 2070 tam
1049 2026 1253 2084 persequi
1285 2041 1417 2084 quam
1447 2026 1572 2083 sequi
1602 2026 1835 2070 uideamur

361 2112 565 2147 errorem,
596 2096 685 2139 iam
718 2096 774 2139 ad
815 2096 986 2153 reliqua
1024 2096 1336 2154 progrediatur
1375 2096 1530 2140 oratio.
1589 2096 1677 2149 Qui
1717 2096 1835 2139 enim

363 2166 466 2210 huic
485 2166 731 2211 curiositati
761 2165 1024 2216 inseruiunt,
1045 2181 1134 2209 non
1161 2166 1305 2224 magis
1331 2180 1510 2210 ueraces
1530 2180 1623 2209 esse
1650 2170 1837 2223 possunt

368 2291 381 2318 ι
411 2280 642 2317 somniantes
658 2279 718 2317 As
888 2289 930 2316 ¹2
957 2278 1175 2316 sublimitas
1193 2278 1217 2316 S
1388 2289 1430 2326 13
1457 2279 1788 2318 matematicorum
1805 2279 1837 2316 A

368 2338 407 2374 ¹7
436 2328 556 2365 imbre
575 2327 599 2364 S
742 2335 788 2374 25
814 2326 1014 2374 legittimis
1032 2326 1057 2363 S

412 2448 432 2484 3
459 2439 638 2474 Postremo
654 2439 725 2474 etc.
743 2449 751 2473 ε
779 2449 810 2472 v.
858 2446 928 2472 uae
945 2435 1082 2472 Noster
1099 2435 1137 2472 in
1155 2437 1250 2472 Hm.
1271 2437 1479 2481 Pontificalt’
1496 2447 1526 2472 c.
1546 2446 1588 2482 ¹3
1606 2447 1651 2472 ex
1668 2435 1840 2474 Gilberto

365 2486 570 2522 porretano
588 2485 634 2521 de
653 2484 780 2531 Scylla
801 2484 851 2520 Sa
877 2482 1019 2521 elliana
1041 2486 1080 2520 et
1098 2482 1288 2530 Charybdi
1309 2482 1450 2519 Ariana
1474 2483 1569 2520 citat
1591 2484 1715 2529 (Pertz
1740 2486 1840 2522 Mon.

368 2536 486 2568 Germ.
506 2534 600 2568 Hm.
622 2543 680 2568 xx.
702 2544 738 2579 p.
783 2534 856 2576 ²7)·
1004 2541 1045 2567 12
1073 2532 1258 2577 lonqieudo
1279 2532 1375 2567 eta:
1402 2529 1497 2576 Eph.
1517 2530 1570 2567 iii.
1595 2532 1646 2568 18.
1797 2541 1839 2577 14

365 2583 638 2627 Aqum'num:
680 2591 711 2615 v.
770 2581 852 2624 bns.
889 2577 950 2614 vii.
986 2579 1019 2615 6.
1200 2581 1241 2615 18
1282 2579 1481 2614 mathesin:
1522 2590 1553 2615 v.
1590 2578 1704 2626 Greg.
1744 2580 1837 2617 Mor.
1872 2573 1879 2581 ’

366 2627 497 2664 xxxiii.
528 2637 589 2670 103
617 2628 722 2663 Hom.
747 2629 787 2662 in
813 2628 897 2662 1300.
927 2625 949 2661 i.
982 2635 1034 2662 ιο.
1161 2631 1200 2662 ut
1227 2627 1390 2662 traditur
1416 2628 1513 2663 etc.:
1549 2626 1657 2663 Hanc
1687 2638 1766 2664 rem
1793 2626 1841 2664 de

366 2675 402 2712 S.
431 2674 613 2722 Gregorio
640 2674 783 2729 primun
807 2673 911 2710 inter
927 2675 1109 2710 ,auctores
1132 2675 1326 2710 exstantes
1350 2675 1479 2710 narrat
1504 2673 1658 2719 Noster;
1684 2686 1715 2710 v.
1744 2675 1838 2710 Dici.

368 2723 502 2807 glut-iet.
520 2724 621 2768 Bioa.
642 2721 680 2758 1i.
701 2734 736 2769 p.
758 2723 836 2768 788,
854 2733 881 2758 ι.
898 2733 928 2757 v.
953 2723 1145 2768 Gregorius
1166 2721 1254 2769 (51).
1402 2731 1449 2758 20
1472 2723 1607 2768 scripta
1625 2723 1695 2759 etc.
1714 2734 1723 2758 ε
1748 2721 1840 2759 Hor.

401 2783 440 2817 p.
460 2781 484 2806 1.
505 2780 536 2816 3.
561 2779 613 2815 17.

481 2850 541 2884 ¹⁴²
