<?xml version="1.0" encoding="UTF-8"?>
<!DOCTYPE html PUBLIC "-//W3C//DTD XHTML 1.0 Transitional//EN"
    "http://www.w3.org/TR/xhtml1/DTD/xhtml1-transitional.dtd">
<html xmlns="http://www.w3.org/1999/xhtml" xml:lang="en" lang="en">
 <head>
  <title>
</title>
<meta http-equiv="Content-Type" content="text/html;charset=utf-8" />
  <meta name='ocr-system' content='tesseract 3.04.00' />
  <meta name='ocr-capabilities' content='ocr_page ocr_carea ocr_par ocr_line ocrx_word'/>
</head>
<body>
  <div class='ocr_page' id='page_1' title='image "./policraticisived01john_0284.png"; bbox 0 0 1994 3190; ppageno 0'>
   <div class='ocr_carea' id='block_1_1' title="bbox 235 151 359 203">
    <p class='ocr_par' dir='ltr' id='par_1_1' title="bbox 235 151 359 203">
     <span class='ocr_line' id='line_1_1' title="bbox 235 151 359 203; baseline -0.008 -10"><span class='ocrx_word' id='word_1_1' title='bbox 235 151 359 203; x_wconf 85' lang='lat' dir='ltr'>510d</span> 
     </span>
    </p>
   </div>
   <div class='ocr_carea' id='block_1_2' title="bbox 246 413 359 452">
    <p class='ocr_par' dir='ltr' id='par_1_2' title="bbox 246 413 359 452">
     <span class='ocr_line' id='line_1_2' title="bbox 246 413 359 452; baseline 0.009 -10"><span class='ocrx_word' id='word_1_2' title='bbox 246 413 310 452; x_wconf 85' lang='lat'>511</span> <span class='ocrx_word' id='word_1_3' title='bbox 329 414 359 443; x_wconf 89' lang='lat' dir='ltr'>a</span> 
     </span>
    </p>
   </div>
   <div class='ocr_carea' id='block_1_3' title="bbox 329 1314 358 1353">
    <p class='ocr_par' dir='ltr' id='par_1_3' title="bbox 329 1314 358 1353">
     <span class='ocr_line' id='line_1_3' title="bbox 329 1314 358 1353; baseline 0 0"><span class='ocrx_word' id='word_1_4' title='bbox 329 1314 358 1353; x_wconf 89' lang='lat' dir='ltr'>b</span> 
     </span>
    </p>
   </div>
   <div class='ocr_carea' id='block_1_4' title="bbox 334 2222 359 2252">
    <p class='ocr_par' dir='ltr' id='par_1_4' title="bbox 334 2222 359 2252">
     <span class='ocr_line' id='line_1_4' title="bbox 334 2222 359 2252; baseline 0 0"><span class='ocrx_word' id='word_1_5' title='bbox 334 2222 359 2252; x_wconf 80' lang='lat' dir='ltr'>c</span> 
     </span>
    </p>
   </div>
   <div class='ocr_carea' id='block_1_5' title="bbox 702 145 1844 208">
    <p class='ocr_par' dir='ltr' id='par_1_5' title="bbox 702 145 1844 208">
     <span class='ocr_line' id='line_1_5' title="bbox 702 145 1844 208; baseline -0.001 -14"><span class='ocrx_word' id='word_1_6' title='bbox 702 149 964 194; x_wconf 85' lang='lat' dir='ltr'>IOANNIS</span> <span class='ocrx_word' id='word_1_7' title='bbox 1003 147 1516 193; x_wconf 86' lang='lat' dir='ltr'>SARESBERIENSIS</span> <span class='ocrx_word' id='word_1_8' title='bbox 1654 145 1767 208; x_wconf 79' lang='lat' dir='ltr'>[Lm.</span> <span class='ocrx_word' id='word_1_9' title='bbox 1783 160 1844 193; x_wconf 85' lang='lat'>111</span> 
     </span>
    </p>
   </div>
   <div class='ocr_carea' id='block_1_6' title="bbox 370 268 1932 2404">
    <p class='ocr_par' dir='ltr' id='par_1_6' title="bbox 370 268 1932 2404">
     <span class='ocr_line' id='line_1_6' title="bbox 375 268 1844 327; baseline -0.001 -13"><span class='ocrx_word' id='word_1_10' title='bbox 375 285 403 314; x_wconf 85' lang='lat' dir='ltr'>a</span> <span class='ocrx_word' id='word_1_11' title='bbox 441 283 640 314; x_wconf 83' lang='lat' dir='ltr'>sermone</span> <span class='ocrx_word' id='word_1_12' title='bbox 674 269 886 327; x_wconf 85' lang='lat' dir='ltr'>principis</span> <span class='ocrx_word' id='word_1_13' title='bbox 916 269 1092 312; x_wconf 88' lang='lat' dir='ltr'>tristem</span> <span class='ocrx_word' id='word_1_14' title='bbox 1124 268 1356 312; x_wconf 83' lang='lat' dir='ltr'>discedere.</span> <span class='ocrx_word' id='word_1_15' title='bbox 1415 268 1541 312; x_wconf 87' lang='lat' dir='ltr'>Idem</span> <span class='ocrx_word' id='word_1_16' title='bbox 1573 282 1747 326; x_wconf 91' lang='lat' dir='ltr'>quoque</span> <span class='ocrx_word' id='word_1_17' title='bbox 1777 283 1844 312; x_wconf 88' lang='lat' dir='ltr'>re-</span> 
     </span>
     <span class='ocr_line' id='line_1_7' title="bbox 374 337 1843 396; baseline -0.002 -13"><span class='ocrx_word' id='word_1_18' title='bbox 374 339 582 383; x_wconf 90' lang='lat' dir='ltr'>cordatus</span> <span class='ocrx_word' id='word_1_19' title='bbox 602 353 734 396; x_wconf 88' lang='lat' dir='ltr'>super</span> <span class='ocrx_word' id='word_1_20' title='bbox 759 353 912 382; x_wconf 89' lang='lat' dir='ltr'>cenam</span> <span class='ocrx_word' id='word_1_21' title='bbox 934 338 1052 395; x_wconf 92' lang='lat' dir='ltr'>quod</span> <span class='ocrx_word' id='word_1_22' title='bbox 1072 338 1209 381; x_wconf 88' lang='lat' dir='ltr'>nichil</span> <span class='ocrx_word' id='word_1_23' title='bbox 1229 341 1326 381; x_wconf 89' lang='lat' dir='ltr'>tota</span> <span class='ocrx_word' id='word_1_24' title='bbox 1346 338 1417 380; x_wconf 90' lang='lat' dir='ltr'>die</span> <span class='ocrx_word' id='word_1_25' title='bbox 1437 338 1643 395; x_wconf 77' lang='lat' dir='ltr'><strong>cuiquam</strong></span> <span class='ocrx_word' id='word_1_26' title='bbox 1658 337 1843 395; x_wconf 88' lang='lat' dir='ltr'>praesti—</span> 
     </span>
     <span class='ocr_line' id='line_1_8' title="bbox 375 407 1845 465; baseline 0 -14"><span class='ocrx_word' id='word_1_27' title='bbox 375 409 514 460; x_wconf 88' lang='lat' dir='ltr'>tisset,</span> <span class='ocrx_word' id='word_1_28' title='bbox 535 407 687 451; x_wconf 86' lang='lat' dir='ltr'>dolens</span> <span class='ocrx_word' id='word_1_29' title='bbox 711 410 757 450; x_wconf 92' lang='lat' dir='ltr'>et</span> <span class='ocrx_word' id='word_1_30' title='bbox 777 422 956 465; x_wconf 85' lang='lat' dir='ltr'>gemens</span> <span class='ocrx_word' id='word_1_31' title='bbox 979 407 1118 450; x_wconf 90' lang='lat' dir='ltr'>dixit:</span> <span class='ocrx_word' id='word_1_32' title='bbox 1149 407 1187 450; x_wconf 94' lang='grc' dir='ltr'>Ο</span> <span class='ocrx_word' id='word_1_33' title='bbox 1212 407 1354 458; x_wconf 92' lang='lat' dir='ltr'>amici,</span> <span class='ocrx_word' id='word_1_34' title='bbox 1374 408 1492 451; x_wconf 91' lang='lat' dir='ltr'>hunc</span> <span class='ocrx_word' id='word_1_35' title='bbox 1515 407 1632 450; x_wconf 92' lang='lat' dir='ltr'>diem</span> <span class='ocrx_word' id='word_1_36' title='bbox 1659 407 1845 464; x_wconf 87' lang='lat' dir='ltr'>perdidi.</span> 
     </span>
     <span class='ocr_line' id='line_1_9' title="bbox 375 476 1843 531; baseline 0 -11"><span class='ocrx_word' id='word_1_37' title='bbox 375 478 518 531; x_wconf 82' lang='lat' dir='ltr'>Quem</span> <span class='ocrx_word' id='word_1_38' title='bbox 546 478 594 520; x_wconf 92' lang='lat' dir='ltr'>in</span> <span class='ocrx_word' id='word_1_39' title='bbox 617 477 715 520; x_wconf 89' lang='lat' dir='ltr'>uita</span> <span class='ocrx_word' id='word_1_40' title='bbox 738 477 971 520; x_wconf 84' lang='lat' dir='ltr'>offenderit</span> <span class='ocrx_word' id='word_1_41' title='bbox 1000 491 1027 519; x_wconf 88' lang='lat' dir='ltr'>a</span> <span class='ocrx_word' id='word_1_42' title='bbox 1051 476 1407 520; x_wconf 89' lang='lat' dir='ltr'>Ierosolimorum</span> <span class='ocrx_word' id='word_1_43' title='bbox 1438 491 1641 520; x_wconf 82' lang='lat' dir='ltr'>reuersus</span> <span class='ocrx_word' id='word_1_44' title='bbox 1671 476 1843 520; x_wconf 89' lang='lat' dir='ltr'>excidio</span> 
     </span>
     <span class='ocr_line' id='line_1_10' title="bbox 373 545 1882 604; baseline -0.001 -14"><span class='ocrx_word' id='word_1_45' title='bbox 373 547 570 590; x_wconf 93' lang='lat' dir='ltr'>nondum</span> <span class='ocrx_word' id='word_1_46' title='bbox 591 546 703 604; x_wconf 82' lang='lat' dir='ltr'>legi3</span> <span class='ocrx_word' id='word_1_47' title='bbox 732 548 778 589; x_wconf 91' lang='lat' dir='ltr'>et</span> <span class='ocrx_word' id='word_1_48' title='bbox 805 545 921 589; x_wconf 81' lang='lat' dir='ltr'>forte</span> <span class='ocrx_word' id='word_1_49' title='bbox 945 546 1072 588; x_wconf 91' lang='lat' dir='ltr'>illum</span> <span class='ocrx_word' id='word_1_50' title='bbox 1097 546 1318 588; x_wconf 92' lang='lat' dir='ltr'>uindicem</span> <span class='ocrx_word' id='word_1_51' title='bbox 1342 546 1619 590; x_wconf 72' lang='lat' dir='ltr'>innocentiae</span> <span class='ocrx_word' id='word_1_52' title='bbox 1639 549 1685 590; x_wconf 86' lang='lat' dir='ltr'>et</span> <span class='ocrx_word' id='word_1_53' title='bbox 1704 546 1842 589; x_wconf 91' lang='lat' dir='ltr'>cruci·</span> <span class='ocrx_word' id='word_1_54' title='bbox 1862 565 1882 600; x_wconf 88' lang='lat'>5</span> 
     </span>
     <span class='ocr_line' id='line_1_11' title="bbox 370 615 1843 673; baseline -0.001 -13"><span class='ocrx_word' id='word_1_55' title='bbox 370 617 451 660; x_wconf 89' lang='lat' dir='ltr'>fixi</span> <span class='ocrx_word' id='word_1_56' title='bbox 480 616 790 673; x_wconf 84' lang='lat' dir='ltr'>Redemptoris</span> <span class='ocrx_word' id='word_1_57' title='bbox 817 615 952 673; x_wconf 87' lang='lat' dir='ltr'>elegit</span> <span class='ocrx_word' id='word_1_58' title='bbox 986 615 1216 665; x_wconf 84' lang='lat' dir='ltr'>Dominus,</span> <span class='ocrx_word' id='word_1_59' title='bbox 1236 615 1312 671; x_wconf 90' lang='lat' dir='ltr'>qui</span> <span class='ocrx_word' id='word_1_60' title='bbox 1342 615 1556 672; x_wconf 91' lang='lat' dir='ltr'>populum</span> <span class='ocrx_word' id='word_1_61' title='bbox 1588 617 1843 659; x_wconf 70' lang='lat' dir='ltr'>excecatum</span> 
     </span>
     <span class='ocr_line' id='line_1_12' title="bbox 370 683 1844 741; baseline 0 -13"><span class='ocrx_word' id='word_1_62' title='bbox 370 686 580 730; x_wconf 88' lang='lat' dir='ltr'>incolumi</span> <span class='ocrx_word' id='word_1_63' title='bbox 607 684 874 729; x_wconf 90' lang='lat' dir='ltr'>conscientia</span> <span class='ocrx_word' id='word_1_64' title='bbox 905 699 993 727; x_wconf 93' lang='lat' dir='ltr'>non</span> <span class='ocrx_word' id='word_1_65' title='bbox 1021 684 1151 727; x_wconf 91' lang='lat' dir='ltr'>modo</span> <span class='ocrx_word' id='word_1_66' title='bbox 1180 683 1438 727; x_wconf 91' lang='lat' dir='ltr'>innocenter</span> <span class='ocrx_word' id='word_1_67' title='bbox 1464 684 1542 727; x_wconf 90' lang='lat' dir='ltr'>sed</span> <span class='ocrx_word' id='word_1_68' title='bbox 1569 686 1614 727; x_wconf 92' lang='lat' dir='ltr'>et</span> <span class='ocrx_word' id='word_1_69' title='bbox 1641 685 1844 741; x_wconf 84' lang='lat' dir='ltr'>religiose</span> 
     </span>
     <span class='ocr_line' id='line_1_13' title="bbox 370 753 1843 813; baseline -0.003 -14"><span class='ocrx_word' id='word_1_70' title='bbox 370 756 637 813; x_wconf 88' lang='lat' dir='ltr'>deprimeret</span> <span class='ocrx_word' id='word_1_71' title='bbox 663 757 709 797; x_wconf 92' lang='lat' dir='ltr'>et</span> <span class='ocrx_word' id='word_1_72' title='bbox 735 754 911 796; x_wconf 92' lang='lat' dir='ltr'>deleret.</span> <span class='ocrx_word' id='word_1_73' title='bbox 973 753 1144 796; x_wconf 89' lang='lat' dir='ltr'>Nactus</span> <span class='ocrx_word' id='word_1_74' title='bbox 1173 753 1337 796; x_wconf 89' lang='lat' dir='ltr'>etenim</span> <span class='ocrx_word' id='word_1_75' title='bbox 1366 754 1521 796; x_wconf 91' lang='lat' dir='ltr'>horam</span> <span class='ocrx_word' id='word_1_76' title='bbox 1546 767 1635 810; x_wconf 91' lang='lat' dir='ltr'>qua</span> <span class='ocrx_word' id='word_1_77' title='bbox 1654 753 1843 795; x_wconf 91' lang='lat' dir='ltr'>morien-</span> 
     </span>
     <span class='ocr_line' id='line_1_14' title="bbox 371 822 1842 879; baseline -0.003 -11"><span class='ocrx_word' id='word_1_78' title='bbox 371 825 478 868; x_wconf 90' lang='lat' dir='ltr'>dum</span> <span class='ocrx_word' id='word_1_79' title='bbox 505 827 613 874; x_wconf 90' lang='lat' dir='ltr'>erat,</span> <span class='ocrx_word' id='word_1_80' title='bbox 639 838 740 867; x_wconf 91' lang='lat' dir='ltr'>cum</span> <span class='ocrx_word' id='word_1_81' title='bbox 768 823 923 866; x_wconf 90' lang='lat' dir='ltr'>lectica</span> <span class='ocrx_word' id='word_1_82' title='bbox 949 822 1198 873; x_wconf 88' lang='lat' dir='ltr'>ueheretur,</span> <span class='ocrx_word' id='word_1_83' title='bbox 1222 823 1471 879; x_wconf 86' lang='lat' dir='ltr'>suspexisse</span> <span class='ocrx_word' id='word_1_84' title='bbox 1498 822 1663 865; x_wconf 91' lang='lat' dir='ltr'>dicitur</span> <span class='ocrx_word' id='word_1_85' title='bbox 1688 822 1842 871; x_wconf 91' lang='lat' dir='ltr'>celum,</span> 
     </span>
     <span class='ocr_line' id='line_1_15' title="bbox 370 891 1905 950; baseline -0.002 -13"><span class='ocrx_word' id='word_1_86' title='bbox 370 894 649 950; x_wconf 88' lang='lat' dir='ltr'>multumque</span> <span class='ocrx_word' id='word_1_87' title='bbox 664 895 930 949; x_wconf 87' lang='lat' dir='ltr'>conquestus</span> <span class='ocrx_word' id='word_1_88' title='bbox 947 894 1015 934; x_wconf 90' lang='lat' dir='ltr'>est</span> <span class='ocrx_word' id='word_1_89' title='bbox 1030 891 1140 948; x_wconf 90' lang='lat' dir='ltr'>eripi</span> <span class='ocrx_word' id='word_1_90' title='bbox 1158 891 1241 934; x_wconf 88' lang='lat' dir='ltr'>sibi</span> <span class='ocrx_word' id='word_1_91' title='bbox 1263 892 1405 934; x_wconf 85' lang='lat' dir='ltr'>uitam</span> <span class='ocrx_word' id='word_1_92' title='bbox 1425 891 1687 941; x_wconf 89' lang='lat' dir='ltr'>immerenti,</span> <span class='ocrx_word' id='word_1_93' title='bbox 1700 905 1842 947; x_wconf 92' lang='lat' dir='ltr'>neque</span> <span class='ocrx_word' id='word_1_94' title='bbox 1863 909 1905 934; x_wconf 83' lang='lat'>10</span> 
     </span>
     <span class='ocr_line' id='line_1_16' title="bbox 371 960 1843 1017; baseline -0.003 -11"><span class='ocrx_word' id='word_1_95' title='bbox 371 963 489 1006; x_wconf 91' lang='lat' dir='ltr'>enim</span> <span class='ocrx_word' id='word_1_96' title='bbox 524 967 677 1006; x_wconf 83' lang='lat' dir='ltr'>extare</span> <span class='ocrx_word' id='word_1_97' title='bbox 712 962 853 1004; x_wconf 91' lang='lat' dir='ltr'>ullum</span> <span class='ocrx_word' id='word_1_98' title='bbox 889 961 1059 1004; x_wconf 89' lang='lat' dir='ltr'>factum</span> <span class='ocrx_word' id='word_1_99' title='bbox 1094 975 1224 1003; x_wconf 81' lang='lat' dir='ltr'>suum</span> <span class='ocrx_word' id='word_1_100' title='bbox 1265 961 1383 1017; x_wconf 92' lang='lat' dir='ltr'>quod</span> <span class='ocrx_word' id='word_1_101' title='bbox 1430 960 1515 1004; x_wconf 86' lang='lat' dir='ltr'>sibi</span> <span class='ocrx_word' id='word_1_102' title='bbox 1554 960 1843 1017; x_wconf 88' lang='lat' dir='ltr'>penitendum</span> 
     </span>
     <span class='ocr_line' id='line_1_17' title="bbox 372 1030 1844 1088; baseline -0.003 -11"><span class='ocrx_word' id='word_1_103' title='bbox 372 1035 497 1083; x_wconf 86' lang='lat' dir='ltr'>esset,</span> <span class='ocrx_word' id='word_1_104' title='bbox 518 1034 700 1088; x_wconf 88' lang='lat' dir='ltr'>excepto</span> <span class='ocrx_word' id='word_1_105' title='bbox 721 1046 810 1074; x_wconf 90' lang='lat' dir='ltr'>uno</span> <span class='ocrx_word' id='word_1_106' title='bbox 831 1031 1079 1074; x_wconf 84' lang='lat' dir='ltr'>dumtaxat.</span> <span class='ocrx_word' id='word_1_107' title='bbox 1140 1030 1195 1072; x_wconf 86' lang='lat' dir='ltr'>Id</span> <span class='ocrx_word' id='word_1_108' title='bbox 1215 1030 1344 1086; x_wconf 92' lang='lat' dir='ltr'>quale</span> <span class='ocrx_word' id='word_1_109' title='bbox 1365 1030 1504 1073; x_wconf 80' lang='lat' dir='ltr'>fuerit</span> <span class='ocrx_word' id='word_1_110' title='bbox 1523 1045 1603 1073; x_wconf 90' lang='lat' dir='ltr'>nec</span> <span class='ocrx_word' id='word_1_111' title='bbox 1623 1030 1717 1087; x_wconf 86' lang='lat' dir='ltr'>ipse</span> <span class='ocrx_word' id='word_1_112' title='bbox 1736 1031 1844 1072; x_wconf 91' lang='lat' dir='ltr'>tunc</span> 
     </span>
     <span class='ocr_line' id='line_1_18' title="bbox 372 1098 1845 1159; baseline -0.002 -14"><span class='ocrx_word' id='word_1_113' title='bbox 372 1101 569 1159; x_wconf 87' lang='lat' dir='ltr'>prodidit</span> <span class='ocrx_word' id='word_1_114' title='bbox 603 1115 746 1157; x_wconf 91' lang='lat' dir='ltr'>neque</span> <span class='ocrx_word' id='word_1_115' title='bbox 785 1100 991 1157; x_wconf 81' lang='lat' dir='ltr'>cuiquam</span> <span class='ocrx_word' id='word_1_116' title='bbox 1031 1102 1188 1142; x_wconf 90' lang='lat' dir='ltr'>notum</span> <span class='ocrx_word' id='word_1_117' title='bbox 1223 1099 1324 1143; x_wconf 79' lang='lat' dir='ltr'>fuit.</span> <span class='ocrx_word' id='word_1_118' title='bbox 1387 1099 1506 1153; x_wconf 82' lang='lat' dir='ltr'>Quid</span> <span class='ocrx_word' id='word_1_119' title='bbox 1537 1099 1592 1142; x_wconf 93' lang='lat' dir='ltr'>de</span> <span class='ocrx_word' id='word_1_120' title='bbox 1626 1098 1845 1156; x_wconf 83' lang='lat' dir='ltr'>patientia</span> 
     </span>
     <span class='ocr_line' id='line_1_19' title="bbox 372 1168 1842 1227; baseline -0.002 -13"><span class='ocrx_word' id='word_1_121' title='bbox 372 1171 507 1214; x_wconf 80' lang='lat' dir='ltr'>huius</span> <span class='ocrx_word' id='word_1_122' title='bbox 541 1171 707 1227; x_wconf 90' lang='lat' dir='ltr'>loquar,</span> <span class='ocrx_word' id='word_1_123' title='bbox 738 1170 863 1212; x_wconf 85' lang='lat' dir='ltr'>cuius</span> <span class='ocrx_word' id='word_1_124' title='bbox 892 1171 1022 1212; x_wconf 89' lang='lat' dir='ltr'>tanta</span> <span class='ocrx_word' id='word_1_125' title='bbox 1053 1169 1306 1226; x_wconf 87' lang='lat' dir='ltr'>benignitas</span> <span class='ocrx_word' id='word_1_126' title='bbox 1335 1171 1443 1220; x_wconf 88' lang='lat' dir='ltr'>erat,</span> <span class='ocrx_word' id='word_1_127' title='bbox 1474 1171 1527 1212; x_wconf 93' lang='lat' dir='ltr'>ut</span> <span class='ocrx_word' id='word_1_128' title='bbox 1556 1183 1638 1212; x_wconf 90' lang='lat' dir='ltr'>sua</span> <span class='ocrx_word' id='word_1_129' title='bbox 1666 1168 1842 1218; x_wconf 86' lang='lat' dir='ltr'>iniuria,</span> 
     </span>
     <span class='ocr_line' id='line_1_20' title="bbox 373 1238 1904 1295; baseline -0.002 -12"><span class='ocrx_word' id='word_1_130' title='bbox 373 1240 480 1283; x_wconf 91' lang='lat' dir='ltr'>dum</span> <span class='ocrx_word' id='word_1_131' title='bbox 501 1254 528 1282; x_wconf 92' lang='lat' dir='ltr'>a</span> <span class='ocrx_word' id='word_1_132' title='bbox 548 1239 803 1282; x_wconf 86' lang='lat' dir='ltr'>conciuibus</span> <span class='ocrx_word' id='word_1_133' title='bbox 825 1238 1081 1288; x_wconf 88' lang='lat' dir='ltr'>abstineret,</span> <span class='ocrx_word' id='word_1_134' title='bbox 1102 1238 1182 1280; x_wconf 93' lang='lat' dir='ltr'>uix</span> <span class='ocrx_word' id='word_1_135' title='bbox 1206 1238 1403 1281; x_wconf 91' lang='lat' dir='ltr'>crederet</span> <span class='ocrx_word' id='word_1_136' title='bbox 1429 1252 1695 1295; x_wconf 90' lang='lat' dir='ltr'>quemquam</span> <span class='ocrx_word' id='word_1_137' title='bbox 1715 1251 1842 1295; x_wconf 88' lang='lat' dir='ltr'>posse</span> <span class='ocrx_word' id='word_1_138' title='bbox 1862 1255 1904 1291; x_wconf 76' lang='lat'>¹5</span> 
     </span>
     <span class='ocr_line' id='line_1_21' title="bbox 375 1307 1842 1364; baseline -0.003 -11"><span class='ocrx_word' id='word_1_139' title='bbox 375 1310 574 1353; x_wconf 66' lang='lat' dir='ltr'>moueri&#39;l</span> <span class='ocrx_word' id='word_1_140' title='bbox 633 1309 802 1351; x_wconf 87' lang='lat' dir='ltr'>Tantae</span> <span class='ocrx_word' id='word_1_141' title='bbox 823 1307 1040 1364; x_wconf 88' lang='lat' dir='ltr'>siquidem</span> <span class='ocrx_word' id='word_1_142' title='bbox 1061 1307 1294 1351; x_wconf 85' lang='lat' dir='ltr'>ciuilitatis</span> <span class='ocrx_word' id='word_1_143' title='bbox 1314 1311 1360 1351; x_wconf 91' lang='lat' dir='ltr'>et</span> <span class='ocrx_word' id='word_1_144' title='bbox 1379 1307 1673 1350; x_wconf 86' lang='lat' dir='ltr'>humanitatis</span> <span class='ocrx_word' id='word_1_145' title='bbox 1693 1307 1740 1349; x_wconf 92' lang='lat' dir='ltr'>in</span> <span class='ocrx_word' id='word_1_146' title='bbox 1760 1307 1842 1350; x_wconf 90' lang='lat' dir='ltr'>im-</span> 
     </span>
     <span class='ocr_line' id='line_1_22' title="bbox 375 1376 1844 1436; baseline -0.002 -14"><span class='ocrx_word' id='word_1_147' title='bbox 375 1379 498 1436; x_wconf 88' lang='lat' dir='ltr'>perio</span> <span class='ocrx_word' id='word_1_148' title='bbox 529 1377 629 1428; x_wconf 82' lang='lat' dir='ltr'>fuit,</span> <span class='ocrx_word' id='word_1_149' title='bbox 650 1379 703 1419; x_wconf 91' lang='lat' dir='ltr'>ut</span> <span class='ocrx_word' id='word_1_150' title='bbox 732 1377 937 1419; x_wconf 86' lang='lat' dir='ltr'>omnibus</span> <span class='ocrx_word' id='word_1_151' title='bbox 961 1376 1166 1433; x_wconf 89' lang='lat' dir='ltr'>prodesse</span> <span class='ocrx_word' id='word_1_152' title='bbox 1190 1376 1450 1434; x_wconf 88' lang='lat' dir='ltr'>nullumque</span> <span class='ocrx_word' id='word_1_153' title='bbox 1478 1376 1637 1434; x_wconf 90' lang='lat' dir='ltr'>punire</span> <span class='ocrx_word' id='word_1_154' title='bbox 1663 1376 1844 1420; x_wconf 87' lang='lat' dir='ltr'>studue-</span> 
     </span>
     <span class='ocr_line' id='line_1_23' title="bbox 374 1445 1932 1500; baseline -0.003 -9"><span class='ocrx_word' id='word_1_155' title='bbox 374 1449 459 1500; x_wconf 90' lang='lat' dir='ltr'>rit;</span> <span class='ocrx_word' id='word_1_156' title='bbox 488 1447 712 1490; x_wconf 81' lang='lat' dir='ltr'>conuictos</span> <span class='ocrx_word' id='word_1_157' title='bbox 741 1445 1060 1489; x_wconf 88' lang='lat' dir='ltr'>coniurationis</span> <span class='ocrx_word' id='word_1_158' title='bbox 1089 1448 1244 1489; x_wconf 89' lang='lat' dir='ltr'>contra</span> <span class='ocrx_word' id='word_1_159' title='bbox 1271 1460 1318 1489; x_wconf 85' lang='lat' dir='ltr'>se</span> <span class='ocrx_word' id='word_1_160' title='bbox 1347 1446 1518 1489; x_wconf 88' lang='lat' dir='ltr'>dimisit</span> <span class='ocrx_word' id='word_1_161' title='bbox 1546 1446 1692 1489; x_wconf 87' lang='lat' dir='ltr'>illesos</span> <span class='ocrx_word' id='word_1_162' title='bbox 1722 1449 1767 1489; x_wconf 92' lang='lat' dir='ltr'>et</span> <span class='ocrx_word' id='word_1_163' title='bbox 1795 1445 1845 1488; x_wconf 89' lang='lat' dir='ltr'>in</span> <span class='ocrx_word' id='word_1_164' title='bbox 1928 1482 1932 1486; x_wconf 91' lang='lat'>.</span> 
     </span>
     <span class='ocr_line' id='line_1_24' title="bbox 373 1515 1844 1575; baseline -0.001 -15"><span class='ocrx_word' id='word_1_165' title='bbox 373 1517 608 1575; x_wconf 84' lang='lat' dir='ltr'>pristinam</span> <span class='ocrx_word' id='word_1_166' title='bbox 637 1515 991 1558; x_wconf 85' lang='lat' dir='ltr'>familiaritatem</span> <span class='ocrx_word' id='word_1_167' title='bbox 1018 1515 1211 1559; x_wconf 87' lang='lat' dir='ltr'>admisit.</span> <span class='ocrx_word' id='word_1_168' title='bbox 1270 1515 1358 1559; x_wconf 87' lang='lat' dir='ltr'>Sed</span> <span class='ocrx_word' id='word_1_169' title='bbox 1383 1518 1428 1559; x_wconf 93' lang='lat' dir='ltr'>et</span> <span class='ocrx_word' id='word_1_170' title='bbox 1451 1515 1746 1566; x_wconf 85' lang='lat' dir='ltr'>Domitianus,</span> <span class='ocrx_word' id='word_1_171' title='bbox 1767 1515 1844 1572; x_wconf 91' lang='lat' dir='ltr'>qui</span> 
     </span>
     <span class='ocr_line' id='line_1_25' title="bbox 373 1584 1907 1643; baseline -0.001 -15"><span class='ocrx_word' id='word_1_172' title='bbox 373 1586 683 1643; x_wconf 87' lang='lat' dir='ltr'>grauissimam</span> <span class='ocrx_word' id='word_1_173' title='bbox 715 1584 1039 1628; x_wconf 87' lang='lat' dir='ltr'>theomachiam</span> <span class='ocrx_word' id='word_1_174' title='bbox 1074 1585 1273 1628; x_wconf 91' lang='lat' dir='ltr'>exercuit</span> <span class='ocrx_word' id='word_1_175' title='bbox 1306 1589 1408 1643; x_wconf 88' lang='lat' dir='ltr'>post</span> <span class='ocrx_word' id='word_1_176' title='bbox 1443 1585 1676 1636; x_wconf 90' lang='lat' dir='ltr'>Neronem,</span> <span class='ocrx_word' id='word_1_177' title='bbox 1710 1584 1844 1628; x_wconf 84' lang='lat' dir='ltr'>huius</span> <span class='ocrx_word' id='word_1_178' title='bbox 1864 1601 1907 1627; x_wconf 61' lang='grc' dir='ltr'>πο</span> 
     </span>
     <span class='ocr_line' id='line_1_26' title="bbox 373 1654 1845 1712; baseline 0.001 -14"><span class='ocrx_word' id='word_1_179' title='bbox 373 1656 558 1699; x_wconf 90' lang='lat' dir='ltr'>uirtutis</span> <span class='ocrx_word' id='word_1_180' title='bbox 597 1655 767 1712; x_wconf 92' lang='lat' dir='ltr'>aliquid</span> <span class='ocrx_word' id='word_1_181' title='bbox 807 1654 1066 1711; x_wconf 90' lang='lat' dir='ltr'>plerumque</span> <span class='ocrx_word' id='word_1_182' title='bbox 1106 1654 1294 1698; x_wconf 90' lang='lat' dir='ltr'>indulsit</span> <span class='ocrx_word' id='word_1_183' title='bbox 1332 1655 1517 1706; x_wconf 87' lang='lat' dir='ltr'>ciuibus,</span> <span class='ocrx_word' id='word_1_184' title='bbox 1551 1655 1655 1698; x_wconf 90' lang='lat' dir='ltr'>licet</span> <span class='ocrx_word' id='word_1_185' title='bbox 1688 1655 1736 1698; x_wconf 93' lang='lat' dir='ltr'>in</span> <span class='ocrx_word' id='word_1_186' title='bbox 1771 1669 1845 1699; x_wconf 85' lang='lat' dir='ltr'>eos</span> 
     </span>
     <span class='ocr_line' id='line_1_27' title="bbox 373 1723 1847 1782; baseline 0 -15"><span class='ocrx_word' id='word_1_187' title='bbox 373 1724 515 1782; x_wconf 86' lang='lat' dir='ltr'>gratis</span> <span class='ocrx_word' id='word_1_188' title='bbox 554 1723 818 1781; x_wconf 90' lang='lat' dir='ltr'>quandoque</span> <span class='ocrx_word' id='word_1_189' title='bbox 857 1723 1084 1774; x_wconf 89' lang='lat' dir='ltr'>insaniret,</span> <span class='ocrx_word' id='word_1_190' title='bbox 1124 1724 1256 1767; x_wconf 91' lang='lat' dir='ltr'>homo</span> <span class='ocrx_word' id='word_1_191' title='bbox 1305 1724 1484 1781; x_wconf 89' lang='lat' dir='ltr'>quidem</span> <span class='ocrx_word' id='word_1_192' title='bbox 1531 1738 1847 1782; x_wconf 87' lang='lat' dir='ltr'>usquequaque</span> 
     </span>
     <span class='ocr_line' id='line_1_28' title="bbox 374 1792 1846 1851; baseline 0 -15"><span class='ocrx_word' id='word_1_193' title='bbox 374 1794 548 1837; x_wconf 87' lang='lat' dir='ltr'>inutilis</span> <span class='ocrx_word' id='word_1_194' title='bbox 566 1796 611 1836; x_wconf 92' lang='lat' dir='ltr'>et</span> <span class='ocrx_word' id='word_1_195' title='bbox 632 1793 708 1850; x_wconf 91' lang='lat' dir='ltr'>qui</span> <span class='ocrx_word' id='word_1_196' title='bbox 730 1792 866 1836; x_wconf 90' lang='lat' dir='ltr'>nichil</span> <span class='ocrx_word' id='word_1_197' title='bbox 883 1792 1004 1835; x_wconf 88' lang='lat' dir='ltr'>aliud</span> <span class='ocrx_word' id='word_1_198' title='bbox 1020 1793 1214 1836; x_wconf 90' lang='lat' dir='ltr'>habebat</span> <span class='ocrx_word' id='word_1_199' title='bbox 1233 1793 1363 1836; x_wconf 88' lang='lat' dir='ltr'>uirile</span> <span class='ocrx_word' id='word_1_200' title='bbox 1383 1793 1470 1837; x_wconf 91' lang='lat' dir='ltr'>nisi</span> <span class='ocrx_word' id='word_1_201' title='bbox 1484 1808 1644 1837; x_wconf 90' lang='lat' dir='ltr'>nomen</span> <span class='ocrx_word' id='word_1_202' title='bbox 1659 1793 1846 1851; x_wconf 89' lang='lat' dir='ltr'>imperii.</span> 
     </span>
     <span class='ocr_line' id='line_1_29' title="bbox 375 1861 1845 1920; baseline 0.001 -15"><span class='ocrx_word' id='word_1_203' title='bbox 375 1862 438 1905; x_wconf 92' lang='lat' dir='ltr'>Vt</span> <span class='ocrx_word' id='word_1_204' title='bbox 467 1866 617 1905; x_wconf 82' lang='lat' dir='ltr'>tamen</span> <span class='ocrx_word' id='word_1_205' title='bbox 644 1862 871 1919; x_wconf 85' lang='lat' dir='ltr'>ignauiam</span> <span class='ocrx_word' id='word_1_206' title='bbox 899 1861 1061 1904; x_wconf 87' lang='lat' dir='ltr'>mentis</span> <span class='ocrx_word' id='word_1_207' title='bbox 1088 1864 1134 1904; x_wconf 92' lang='lat' dir='ltr'>et</span> <span class='ocrx_word' id='word_1_208' title='bbox 1160 1862 1366 1905; x_wconf 89' lang='lat' dir='ltr'>inertiam</span> <span class='ocrx_word' id='word_1_209' title='bbox 1391 1862 1586 1920; x_wconf 87' lang='lat' dir='ltr'>corporis</span> <span class='ocrx_word' id='word_1_210' title='bbox 1610 1863 1694 1906; x_wconf 86' lang='lat' dir='ltr'>sub</span> <span class='ocrx_word' id='word_1_211' title='bbox 1720 1875 1845 1920; x_wconf 86' lang='lat' dir='ltr'>prae-</span> 
     </span>
     <span class='ocr_line' id='line_1_30' title="bbox 374 1930 1907 1988; baseline 0 -13"><span class='ocrx_word' id='word_1_212' title='bbox 374 1934 504 1975; x_wconf 85' lang='lat' dir='ltr'>textu</span> <span class='ocrx_word' id='word_1_213' title='bbox 535 1931 810 1988; x_wconf 87' lang='lat' dir='ltr'>principatus</span> <span class='ocrx_word' id='word_1_214' title='bbox 837 1930 1065 1980; x_wconf 87' lang='lat' dir='ltr'>occuleret,</span> <span class='ocrx_word' id='word_1_215' title='bbox 1092 1930 1252 1988; x_wconf 67' lang='lat' dir='ltr'>cotidie</span> <span class='ocrx_word' id='word_1_216' title='bbox 1279 1931 1363 1974; x_wconf 89' lang='lat' dir='ltr'>sibi</span> <span class='ocrx_word' id='word_1_217' title='bbox 1391 1934 1608 1975; x_wconf 87' lang='lat' dir='ltr'>secretum</span> <span class='ocrx_word' id='word_1_218' title='bbox 1635 1932 1844 1975; x_wconf 88' lang='lat' dir='ltr'>horarum</span> <span class='ocrx_word' id='word_1_219' title='bbox 1866 1950 1907 1986; x_wconf 79' lang='lat'>²⁵</span> 
     </span>
     <span class='ocr_line' id='line_1_31' title="bbox 375 1999 1846 2058; baseline 0.001 -15"><span class='ocrx_word' id='word_1_220' title='bbox 375 2000 568 2058; x_wconf 87' lang='lat' dir='ltr'>spatium</span> <span class='ocrx_word' id='word_1_221' title='bbox 590 1999 867 2050; x_wconf 81' lang='lat' dir='ltr'>uendicabat,</span> <span class='ocrx_word' id='word_1_222' title='bbox 888 2013 967 2043; x_wconf 88' lang='lat' dir='ltr'>nec</span> <span class='ocrx_word' id='word_1_223' title='bbox 995 1999 1230 2056; x_wconf 88' lang='lat' dir='ltr'>quicquam</span> <span class='ocrx_word' id='word_1_224' title='bbox 1255 2000 1480 2043; x_wconf 89' lang='lat' dir='ltr'>interdum</span> <span class='ocrx_word' id='word_1_225' title='bbox 1501 1999 1646 2044; x_wconf 86' lang='lat' dir='ltr'>facere</span> <span class='ocrx_word' id='word_1_226' title='bbox 1666 2015 1846 2045; x_wconf 89' lang='lat' dir='ltr'>consue-</span> 
     </span>
     <span class='ocr_line' id='line_1_32' title="bbox 375 2069 1846 2127; baseline 0.001 -15"><span class='ocrx_word' id='word_1_227' title='bbox 375 2072 515 2120; x_wconf 84' lang='lat' dir='ltr'>uerat,</span> <span class='ocrx_word' id='word_1_228' title='bbox 545 2069 629 2112; x_wconf 86' lang='lat' dir='ltr'>nisi</span> <span class='ocrx_word' id='word_1_229' title='bbox 661 2073 839 2126; x_wconf 85' lang='lat' dir='ltr'>captare</span> <span class='ocrx_word' id='word_1_230' title='bbox 870 2082 1041 2111; x_wconf 84' lang='lat' dir='ltr'>muscas</span> <span class='ocrx_word' id='word_1_231' title='bbox 1071 2072 1116 2111; x_wconf 91' lang='lat' dir='ltr'>et</span> <span class='ocrx_word' id='word_1_232' title='bbox 1147 2069 1320 2112; x_wconf 87' lang='lat' dir='ltr'>easdem</span> <span class='ocrx_word' id='word_1_233' title='bbox 1347 2069 1451 2112; x_wconf 90' lang='lat' dir='ltr'>stilo</span> <span class='ocrx_word' id='word_1_234' title='bbox 1480 2072 1718 2127; x_wconf 88' lang='lat' dir='ltr'>praeacuto</span> <span class='ocrx_word' id='word_1_235' title='bbox 1744 2084 1846 2114; x_wconf 90' lang='lat' dir='ltr'>con·</span> 
     </span>
     <span class='ocr_line' id='line_1_33' title="bbox 375 2137 1845 2195; baseline 0.001 -14"><span class='ocrx_word' id='word_1_236' title='bbox 375 2139 533 2195; x_wconf 84' lang='lat' dir='ltr'>figerc;</span> <span class='ocrx_word' id='word_1_237' title='bbox 582 2141 635 2181; x_wconf 89' lang='lat' dir='ltr'>ut</span> <span class='ocrx_word' id='word_1_238' title='bbox 674 2138 850 2181; x_wconf 90' lang='lat' dir='ltr'>cuidam</span> <span class='ocrx_word' id='word_1_239' title='bbox 892 2137 1185 2195; x_wconf 83' lang='lat' dir='ltr'>interroganti</span> <span class='ocrx_word' id='word_1_240' title='bbox 1228 2138 1384 2195; x_wconf 88' lang='lat' dir='ltr'>nequis</span> <span class='ocrx_word' id='word_1_241' title='bbox 1429 2139 1552 2182; x_wconf 88' lang='lat' dir='ltr'>intus</span> <span class='ocrx_word' id='word_1_242' title='bbox 1592 2142 1707 2183; x_wconf 86' lang='lat' dir='ltr'>esset</span> <span class='ocrx_word' id='word_1_243' title='bbox 1745 2154 1845 2183; x_wconf 90' lang='lat' dir='ltr'>cum</span> 
     </span>
     <span class='ocr_line' id='line_1_34' title="bbox 377 2207 1846 2264; baseline 0.001 -12"><span class='ocrx_word' id='word_1_244' title='bbox 377 2207 548 2259; x_wconf 80' lang='lat' dir='ltr'>cesare,</span> <span class='ocrx_word' id='word_1_245' title='bbox 583 2222 671 2250; x_wconf 90' lang='lat' dir='ltr'>non</span> <span class='ocrx_word' id='word_1_246' title='bbox 711 2207 900 2250; x_wconf 87' lang='lat' dir='ltr'>absurde</span> <span class='ocrx_word' id='word_1_247' title='bbox 941 2207 1024 2249; x_wconf 85' lang='lat' dir='ltr'>eibi</span> <span class='ocrx_word' id='word_1_248' title='bbox 1066 2221 1322 2264; x_wconf 87' lang='lat' dir='ltr'>responsum</span> <span class='ocrx_word' id='word_1_249' title='bbox 1363 2207 1423 2251; x_wconf 90' lang='lat' dir='ltr'>sit</span> <span class='ocrx_word' id='word_1_250' title='bbox 1461 2222 1489 2251; x_wconf 92' lang='lat' dir='ltr'>a</span> <span class='ocrx_word' id='word_1_251' title='bbox 1529 2208 1730 2252; x_wconf 86' lang='lat' dir='ltr'>Metello:</span> <span class='ocrx_word' id='word_1_252' title='bbox 1775 2209 1846 2253; x_wconf 92' lang='lat' dir='ltr'>Ne</span> 
     </span>
     <span class='ocr_line' id='line_1_35' title="bbox 376 2276 1906 2336; baseline 0.001 -16"><span class='ocrx_word' id='word_1_253' title='bbox 376 2291 527 2321; x_wconf 81' lang='lat' dir='ltr'>musca</span> <span class='ocrx_word' id='word_1_254' title='bbox 553 2276 741 2334; x_wconf 87' lang='lat' dir='ltr'>quidem.</span> <span class='ocrx_word' id='word_1_255' title='bbox 802 2276 930 2329; x_wconf 84' lang='lat' dir='ltr'>Quod</span> <span class='ocrx_word' id='word_1_256' title='bbox 955 2276 1058 2319; x_wconf 89' lang='lat' dir='ltr'>licet</span> <span class='ocrx_word' id='word_1_257' title='bbox 1084 2276 1344 2333; x_wconf 87' lang='lat' dir='ltr'>impiissimo</span> <span class='ocrx_word' id='word_1_258' title='bbox 1370 2277 1557 2334; x_wconf 89' lang='lat' dir='ltr'>principi</span> <span class='ocrx_word' id='word_1_259' title='bbox 1589 2277 1846 2331; x_wconf 88' lang='lat' dir='ltr'>innotuerit,</span> <span class='ocrx_word' id='word_1_260' title='bbox 1864 2301 1906 2336; x_wconf 79' lang='lat'>30</span> 
     </span>
     <span class='ocr_line' id='line_1_36' title="bbox 374 2345 1846 2404; baseline 0.003 -16"><span class='ocrx_word' id='word_1_261' title='bbox 374 2345 652 2389; x_wconf 82' lang='lat' dir='ltr'>dissimulare</span> <span class='ocrx_word' id='word_1_262' title='bbox 687 2345 847 2388; x_wconf 81' lang='lat' dir='ltr'>maluit</span> <span class='ocrx_word' id='word_1_263' title='bbox 881 2360 1013 2403; x_wconf 83' lang='lat' dir='ltr'>quam</span> <span class='ocrx_word' id='word_1_264' title='bbox 1044 2346 1213 2403; x_wconf 86' lang='lat' dir='ltr'>punire.</span> <span class='ocrx_word' id='word_1_265' title='bbox 1272 2345 1360 2389; x_wconf 87' lang='lat' dir='ltr'>Sed</span> <span class='ocrx_word' id='word_1_266' title='bbox 1389 2360 1469 2390; x_wconf 88' lang='lat' dir='ltr'>cur</span> <span class='ocrx_word' id='word_1_267' title='bbox 1498 2347 1740 2404; x_wconf 86' lang='lat' dir='ltr'>patientiae</span> <span class='ocrx_word' id='word_1_268' title='bbox 1770 2363 1846 2392; x_wconf 89' lang='lat' dir='ltr'>ex-</span> 
     </span>
    </p>
   </div>
   <div class='ocr_carea' id='block_1_7' title="bbox 373 2454 1847 2503">
    <p class='ocr_par' dir='ltr' id='par_1_7' title="bbox 373 2454 1847 2503">
     <span class='ocr_line' id='line_1_37' title="bbox 373 2454 1847 2503; baseline 0.003 -12"><span class='ocrx_word' id='word_1_269' title='bbox 373 2465 396 2501; x_wconf 77' lang='lat'>⁴</span> <span class='ocrx_word' id='word_1_270' title='bbox 422 2454 749 2493; x_wconf 76' lang='lat' dir='ltr'>iherosolimorum</span> <span class='ocrx_word' id='word_1_271' title='bbox 769 2454 798 2490; x_wconf 87' lang='lat' dir='ltr'><strong>B</strong></span> <span class='ocrx_word' id='word_1_272' title='bbox 895 2464 941 2501; x_wconf 86' lang='lat'>29</span> <span class='ocrx_word' id='word_1_273' title='bbox 966 2454 1124 2492; x_wconf 78' lang='lat' dir='ltr'>metallo</span> <span class='ocrx_word' id='word_1_274' title='bbox 1142 2454 1167 2491; x_wconf 84' lang='lat' dir='ltr'>S</span> <span class='ocrx_word' id='word_1_275' title='bbox 1240 2454 1317 2492; x_wconf 85' lang='lat' dir='ltr'>Nec</span> <span class='ocrx_word' id='word_1_276' title='bbox 1336 2455 1375 2492; x_wconf 88' lang='grc' dir='ltr'><strong>Μ</strong></span> <span class='ocrx_word' id='word_1_277' title='bbox 1481 2466 1528 2503; x_wconf 81' lang='grc' dir='ltr'>3ο</span> <span class='ocrx_word' id='word_1_278' title='bbox 1552 2469 1720 2494; x_wconf 80' lang='lat' dir='ltr'>muscam</span> <span class='ocrx_word' id='word_1_279' title='bbox 1735 2456 1847 2495; x_wconf 81' lang='lat' dir='ltr'>0¹SM</span> 
     </span>
    </p>
   </div>
   <div class='ocr_carea' id='block_1_8' title="bbox 378 2552 1849 2839">
    <p class='ocr_par' dir='ltr' id='par_1_8' title="bbox 382 2552 1848 2661">
     <span class='ocr_line' id='line_1_38' title="bbox 423 2552 1848 2604; baseline 0.003 -13"><span class='ocrx_word' id='word_1_280' title='bbox 423 2555 445 2591; x_wconf 90' lang='grc'><strong>8</strong></span> <span class='ocrx_word' id='word_1_281' title='bbox 464 2555 606 2590; x_wconf 62' lang='lat' dir='ltr'>Nactus</span> <span class='ocrx_word' id='word_1_282' title='bbox 619 2555 691 2590; x_wconf 77' lang='lat' dir='ltr'>etc.</span> <span class='ocrx_word' id='word_1_283' title='bbox 707 2566 716 2589; x_wconf 74' lang='lat' dir='ltr'>t</span> <span class='ocrx_word' id='word_1_284' title='bbox 742 2565 773 2591; x_wconf 85' lang='lat' dir='ltr'>v.</span> <span class='ocrx_word' id='word_1_285' title='bbox 788 2552 891 2590; x_wconf 77' lang='lat' dir='ltr'>suet.</span> <span class='ocrx_word' id='word_1_286' title='bbox 910 2555 979 2590; x_wconf 74' lang='lat' dir='ltr'>Tn&#39;t.</span> <span class='ocrx_word' id='word_1_287' title='bbox 999 2564 1051 2591; x_wconf 86' lang='lat'>10.</span> <span class='ocrx_word' id='word_1_288' title='bbox 1153 2555 1195 2591; x_wconf 87' lang='lat'>16</span> <span class='ocrx_word' id='word_1_289' title='bbox 1217 2556 1355 2591; x_wconf 70' lang='lat' dir='ltr'>Tantae</span> <span class='ocrx_word' id='word_1_290' title='bbox 1370 2557 1440 2592; x_wconf 85' lang='lat' dir='ltr'>etc.</span> <span class='ocrx_word' id='word_1_291' title='bbox 1457 2567 1465 2592; x_wconf 89' lang='lat'>:</span> <span class='ocrx_word' id='word_1_292' title='bbox 1493 2568 1524 2592; x_wconf 86' lang='lat' dir='ltr'>v.</span> <span class='ocrx_word' id='word_1_293' title='bbox 1539 2555 1696 2604; x_wconf 83' lang='lat' dir='ltr'>Eutrop.</span> <span class='ocrx_word' id='word_1_294' title='bbox 1710 2556 1772 2594; x_wconf 86' lang='lat' dir='ltr'>vii.</span> <span class='ocrx_word' id='word_1_295' title='bbox 1790 2567 1848 2595; x_wconf 83' lang='lat'>21.</span> 
     </span>
     <span class='ocr_line' id='line_1_39' title="bbox 382 2602 1848 2661; baseline 0.003 -23"><span class='ocrx_word' id='word_1_296' title='bbox 382 2610 393 2638; x_wconf 85' lang='grc'>1</span> <span class='ocrx_word' id='word_1_297' title='bbox 425 2628 434 2646; x_wconf 83' lang='grc'>,</span> <span class='ocrx_word' id='word_1_298' title='bbox 453 2611 500 2637; x_wconf 82' lang='lat'>20</span> <span class='ocrx_word' id='word_1_299' title='bbox 516 2603 584 2661; x_wconf 62' lang='grc' dir='ltr'>φη·</span> <span class='ocrx_word' id='word_1_300' title='bbox 606 2602 861 2655; x_wconf 58' lang='lat' dir='ltr'>graui-nimam</span> <span class='ocrx_word' id='word_1_301' title='bbox 883 2603 1138 2638; x_wconf 69' lang='lat' dir='ltr'>theomachiam</span> <span class='ocrx_word' id='word_1_302' title='bbox 1158 2604 1314 2638; x_wconf 64' lang='lat' dir='ltr'>exemti:</span> <span class='ocrx_word' id='word_1_303' title='bbox 1333 2608 1416 2657; x_wconf 69' lang='lat' dir='ltr'>post</span> <span class='ocrx_word' id='word_1_304' title='bbox 1432 2604 1629 2640; x_wconf 75' lang='lat' dir='ltr'>Neronem:</span> <span class='ocrx_word' id='word_1_305' title='bbox 1664 2616 1694 2639; x_wconf 92' lang='lat' dir='ltr'>v.</span> <span class='ocrx_word' id='word_1_306' title='bbox 1714 2604 1848 2643; x_wconf 77' lang='lat' dir='ltr'>Euseb.</span> 
     </span>
    </p>

    <p class='ocr_par' dir='ltr' id='par_1_9' title="bbox 378 2647 1849 2839">
     <span class='ocr_line' id='line_1_40' title="bbox 420 2647 1849 2699; baseline 0.003 -15"><span class='ocrx_word' id='word_1_307' title='bbox 420 2650 473 2684; x_wconf 72' lang='lat' dir='ltr'>iet.</span> <span class='ocrx_word' id='word_1_308' title='bbox 491 2650 586 2684; x_wconf 56' lang='lat' dir='ltr'>lacet.</span> <span class='ocrx_word' id='word_1_309' title='bbox 607 2660 659 2684; x_wconf 80' lang='grc' dir='ltr'><strong>ιιι.</strong></span> <span class='ocrx_word' id='word_1_310' title='bbox 682 2657 721 2694; x_wconf 82' lang='lat'>17</span> <span class='ocrx_word' id='word_1_311' title='bbox 741 2660 831 2684; x_wconf 75' lang='lat' dir='ltr'>vern.</span> <span class='ocrx_word' id='word_1_312' title='bbox 852 2647 1063 2685; x_wconf 74' lang='lat' dir='ltr'>Ruffinianu.</span> <span class='ocrx_word' id='word_1_313' title='bbox 1080 2649 1155 2695; x_wconf 85' lang='lat' dir='ltr'>(ed.</span> <span class='ocrx_word' id='word_1_314' title='bbox 1173 2650 1352 2692; x_wconf 77' lang='lat' dir='ltr'>Caccian.</span> <span class='ocrx_word' id='word_1_315' title='bbox 1369 2662 1403 2696; x_wconf 89' lang='lat' dir='ltr'>p.</span> <span class='ocrx_word' id='word_1_316' title='bbox 1426 2652 1517 2696; x_wconf 85' lang='lat'>138).</span> <span class='ocrx_word' id='word_1_317' title='bbox 1660 2661 1704 2699; x_wconf 84' lang='lat'>25</span> <span class='ocrx_word' id='word_1_318' title='bbox 1723 2653 1849 2689; x_wconf 64' lang='lat' dir='ltr'>cotidie</span> 
     </span>
     <span class='ocr_line' id='line_1_41' title="bbox 378 2694 1847 2754; baseline 0.004 -23"><span class='ocrx_word' id='word_1_319' title='bbox 378 2699 473 2733; x_wconf 76' lang='lat' dir='ltr'>ete.z</span> <span class='ocrx_word' id='word_1_320' title='bbox 508 2707 539 2750; x_wconf 45' lang='grc' dir='ltr'>ν..</span> <span class='ocrx_word' id='word_1_321' title='bbox 575 2694 675 2732; x_wconf 84' lang='lat' dir='ltr'>Suet.</span> <span class='ocrx_word' id='word_1_322' title='bbox 708 2697 808 2732; x_wconf 90' lang='lat' dir='ltr'>Dom.</span> <span class='ocrx_word' id='word_1_323' title='bbox 843 2706 872 2743; x_wconf 85' lang='lat'>3.</span> <span class='ocrx_word' id='word_1_324' title='bbox 1033 2707 1079 2743; x_wconf 86' lang='lat'>²9</span> <span class='ocrx_word' id='word_1_325' title='bbox 1105 2698 1267 2751; x_wconf 73' lang='lat' dir='ltr'>Metello:</span> <span class='ocrx_word' id='word_1_326' title='bbox 1312 2699 1409 2734; x_wconf 70' lang='lat' dir='ltr'>Vibio</span> <span class='ocrx_word' id='word_1_327' title='bbox 1441 2700 1569 2753; x_wconf 46' lang='lat' dir='ltr'>Crispo</span> <span class='ocrx_word' id='word_1_328' title='bbox 1596 2697 1699 2736; x_wconf 87' lang='lat' dir='ltr'>Suet.</span> <span class='ocrx_word' id='word_1_329' title='bbox 1715 2712 1723 2745; x_wconf 85' lang='lat'>;</span> <span class='ocrx_word' id='word_1_330' title='bbox 1763 2699 1847 2754; x_wconf 59' lang='lat' dir='ltr'>vide</span> 
     </span>
     <span class='ocr_line' id='line_1_42' title="bbox 379 2742 1846 2797; baseline 0.004 -19"><span class='ocrx_word' id='word_1_331' title='bbox 379 2742 611 2797; x_wconf 70' lang='lat' dir='ltr'>Woplfflmuu</span> <span class='ocrx_word' id='word_1_332' title='bbox 629 2744 746 2786; x_wconf 75' lang='lat' dir='ltr'>(Caec.</span> <span class='ocrx_word' id='word_1_333' title='bbox 765 2744 869 2780; x_wconf 79' lang='lat' dir='ltr'>Balb.</span> <span class='ocrx_word' id='word_1_334' title='bbox 887 2754 923 2790; x_wconf 87' lang='lat' dir='ltr'>p.</span> <span class='ocrx_word' id='word_1_335' title='bbox 939 2743 995 2787; x_wconf 69' lang='grc' dir='ltr'>ια)</span> <span class='ocrx_word' id='word_1_336' title='bbox 1012 2756 1021 2789; x_wconf 72' lang='lat'>3</span> <span class='ocrx_word' id='word_1_337' title='bbox 1043 2748 1051 2762; x_wconf 80' lang='lat'>⁸</span> <span class='ocrx_word' id='word_1_338' title='bbox 1066 2747 1277 2791; x_wconf 73' lang='lat' dir='ltr'>putaverxm</span> <span class='ocrx_word' id='word_1_339' title='bbox 1290 2771 1298 2781; x_wconf 91' lang='lat'>.</span> <span class='ocrx_word' id='word_1_340' title='bbox 1313 2771 1321 2781; x_wconf 91' lang='lat'>.</span> <span class='ocrx_word' id='word_1_341' title='bbox 1337 2772 1344 2780; x_wconf 93' lang='lat'>.</span> <span class='ocrx_word' id='word_1_342' title='bbox 1363 2744 1513 2782; x_wconf 67' lang='lat' dir='ltr'>Ioannis</span> <span class='ocrx_word' id='word_1_343' title='bbox 1531 2745 1608 2783; x_wconf 85' lang='lat' dir='ltr'>Sar.</span> <span class='ocrx_word' id='word_1_344' title='bbox 1625 2758 1846 2784; x_wconf 74' lang='lat' dir='ltr'>memoriam</span> 
     </span>
     <span class='ocr_line' id='line_1_43' title="bbox 378 2789 1475 2839; baseline 0.002 -11"><span class='ocrx_word' id='word_1_345' title='bbox 378 2790 426 2828; x_wconf 74' lang='lat' dir='ltr'>nd</span> <span class='ocrx_word' id='word_1_346' title='bbox 445 2789 539 2827; x_wconf 74' lang='lat' dir='ltr'>xllud</span> <span class='ocrx_word' id='word_1_347' title='bbox 557 2791 759 2837; x_wconf 67' lang='lat' dir='ltr'>aben-nme,</span> <span class='ocrx_word' id='word_1_348' title='bbox 776 2790 876 2838; x_wconf 89' lang='lat' dir='ltr'>quod</span> <span class='ocrx_word' id='word_1_349' title='bbox 894 2792 1025 2838; x_wconf 70' lang='lat' dir='ltr'>supra·</span> <span class='ocrx_word' id='word_1_350' title='bbox 1045 2792 1129 2839; x_wconf 87' lang='lat'>(507</span> <span class='ocrx_word' id='word_1_351' title='bbox 1145 2794 1189 2839; x_wconf 79' lang='lat' dir='ltr'>D)</span> <span class='ocrx_word' id='word_1_352' title='bbox 1211 2796 1220 2811; x_wconf 79' lang='lat'><strong>⁴</strong></span> <span class='ocrx_word' id='word_1_353' title='bbox 1235 2793 1475 2830; x_wconf 58' lang='lat' dir='ltr'>narraverat?</span> 
     </span>
    </p>
   </div>
   <div class='ocr_carea' id='block_1_9' title="bbox 490 2871 555 2905">
    <p class='ocr_par' dir='ltr' id='par_1_10' title="bbox 490 2871 555 2905">
     <span class='ocr_line' id='line_1_44' title="bbox 490 2871 555 2905; baseline -0.015 -8"><span class='ocrx_word' id='word_1_354' title='bbox 490 2871 555 2905; x_wconf 77' lang='lat'>²30</span> 
     </span>
    </p>
   </div>
  </div>
 </body>
</html>
