1994 3190
192 164 292 202 oar.
307 151 401 214 vn]
710 153 1148 201 POLICRATICVS
1667 163 1742 206 554
1759 154 1790 195 d

193 273 428 332 cognoscit,
461 272 548 316 nisi
581 272 773 316 fideliter
804 272 1014 316 membris
1051 273 1266 318 cohereat.
1337 274 1460 319 Haec
1493 274 1580 326 ille,
1611 276 1658 318 et

196 343 374 400 quidem
394 342 619 400 eleganter
637 344 684 385 et
703 355 818 385 uere.
863 341 963 392 Sed,
978 344 1031 384 ut
1049 342 1183 386 michi
1204 343 1394 395 uidetur,
1406 344 1659 388 coherentia

195 411 338 456 fidelis
372 413 418 455 et
448 411 578 454 firma
611 425 704 470 esse
738 425 828 453 non
862 412 1020 467 potest,
1051 411 1127 453 ubi
1162 426 1252 454 non
1285 416 1352 456 est
1383 416 1520 457 tenax
1551 413 1657 456 unio
1673 423 1749 465 555
1767 424 1797 454 a

195 481 479 525 uoluntatum
517 482 564 523 et
609 479 734 537 quasi
783 479 980 537 ipsarum
1029 480 1277 523 animarum
1326 483 1659 539 conglutinatio.

157 567 178 603 5
198 550 321 604 Quae
350 549 388 592 si
415 549 619 600 defuerit,
648 549 877 592 hominum
908 548 1077 592 frustra
1110 549 1194 592 sibi
1229 555 1482 608 congruunt
1515 567 1660 610 opera,

195 633 297 664 cum
335 619 462 662 dolus
501 619 548 662 in
587 618 824 676 perniciem
863 621 1022 675 pergat
1059 618 1154 662 sine
1189 619 1350 662 affectu
1389 621 1658 677 proficiendi.

195 688 498 739 Simulatores,
511 687 659 744 inquit
678 687 772 739 Iob,
785 689 830 731 et
849 686 996 731 callidi
1012 690 1256 744 prouocant
1276 688 1388 731 iram
1410 689 1506 740 Dei,
1518 704 1660 746 neque

195 757 452 802 clamabunt
463 771 563 801 cum
575 756 716 800 uincti
730 755 900 799 fuerint
912 770 933 808 ;·
951 756 1166 799 morietur
1178 756 1224 799 in
1237 760 1500 815 tempestate
1512 759 1661 802 anima

198 841 363 880 eorum,
383 829 429 871 et
448 826 545 870 uita
564 841 716 870 eorum
736 826 854 870 inter
872 825 1158 870 effeminatos.
1225 826 1444 884 Operibus
1471 842 1661 885 namque

139 913 183 941 ιο
198 911 376 956 causam
391 899 590 954 praestat
609 910 726 939 nunc
745 895 899 953 pudor,
910 895 1046 938 timor
1064 895 1300 939 interdum.
1348 895 1435 940 Sed
1456 897 1663 941 iunctura

201 966 280 1010 illa
293 965 558 1010 solidissima
573 968 641 1009 est
655 979 768 1022 quae
788 979 845 1008 ex
859 964 989 1022 adipe
1009 964 1111 1008 fidei
1132 967 1178 1008 et
1197 965 1446 1009 dilectionis
1465 966 1664 1023 procedit

200 1038 247 1079 et
262 1035 310 1078 in
330 1035 422 1079 solo
441 1034 625 1079 uirtutis
646 1033 937 1077 fundamento
957 1034 1170 1078 subsistit.
1222 1034 1370 1092 Opera
1383 1037 1545 1087 tamen,
1558 1036 1664 1092 quia

199 1118 374 1147 morum
388 1106 652 1162 argumenta
666 1105 784 1154 sunt,
795 1103 987 1161 gratiam
1007 1103 1202 1160 pariunt,
1218 1104 1324 1161 quia
1338 1104 1474 1148 nichil
1495 1105 1663 1156 utilius,

199 1173 337 1218 nichil
361 1173 578 1217 efficacius
597 1175 665 1217 est
684 1172 741 1216 ad
764 1174 933 1216 statum
957 1172 1301 1230 magistratuum
1329 1180 1375 1218 et
1401 1189 1665 1232 processum.

143 1261 183 1296 ¹5
201 1242 313 1288 Inde
353 1246 421 1287 est
466 1242 577 1286 illud
616 1241 895 1300 imperatoris
934 1244 1015 1285 aut
1053 1240 1109 1300 (si
1152 1244 1312 1302 mauis)
1352 1244 1665 1288 uersificatoris

202 1312 380 1371 egregii,
410 1311 517 1355 dum
547 1314 697 1355 tamen
726 1310 843 1354 idem
874 1325 947 1354 eos
976 1312 1162 1355 sensisse
1192 1326 1281 1356 non
1310 1313 1534 1371 ambigas:
1683 1319 1712 1357 b

317 1393 390 1437 Sis
419 1392 519 1451 pius
550 1392 597 1434 in
626 1391 805 1450 primis3
844 1406 960 1443 nam,
989 1406 1090 1436 eum
1117 1393 1350 1437 uincamur
1378 1394 1426 1437 in
1456 1394 1576 1438 omni

316 1465 510 1502 munere,
533 1450 627 1494 sola
654 1450 759 1494 deos
786 1454 951 1507 aequat
979 1451 1213 1494 clementia
1241 1452 1378 1495 nobis.

318 1509 421 1554 Neu
451 1508 584 1552 dubie
613 1511 842 1576 suspectus
870 1523 978 1576 agas
1008 1524 1095 1552 neu
1125 1509 1265 1553 falsus
1293 1511 1447 1555 amicis

144 1588 188 1613 ιο
318 1581 602 1611 rumorumue
631 1567 817 1620 amdus;
876 1581 923 1610 ui
953 1567 1063 1610 talia
1090 1571 1230 1619 curat,
1259 1569 1414 1613 inanes

318 1625 518 1669 horrebit
547 1625 771 1683 strepitus,
801 1639 864 1668 nu
882 1625 926 1668 la
955 1640 1043 1668 non
1074 1626 1235 1669 anxius
1264 1627 1385 1671 hora.

318 1683 423 1727 Non
453 1683 514 1728 sic
543 1683 754 1726 excubiae
783 1698 863 1727 nec
892 1683 1225 1727 circumstantia
1252 1685 1345 1752 pila

319 1756 451 1800 quam
482 1743 660 1785 tutatur
688 1756 822 1785 amor.
874 1741 977 1784 Non
1006 1743 1289 1800 extorquebls
1318 1744 1483 1797 amari;

319 1801 401 1846 hoe
429 1799 603 1844 alterna
631 1799 752 1851 fides,
780 1800 863 1844 hoc
891 1800 1083 1857 simplex
1111 1801 1259 1858 gratia
1288 1802 1437 1846 donat.

145 1897 186 1932 2⁵
261 1880 526 1931 Alexander,
563 1894 664 1925 cum
703 1880 847 1924 hieme
885 1880 1049 1924 ducens
1087 1882 1330 1926 exercitum
1361 1882 1573 1926 resideret
1611 1883 1668 1926 ad

203 1951 364 2010 ignem,
398 1964 703 2008 recognoscere
741 1952 1074 2007 praetereuntes
1111 1951 1259 2008 copias
1297 1952 1453 2010 eoepit,
1482 1967 1670 2010 cumque

202 2021 503 2078 conspexisset
541 2019 761 2077 quendam
800 2033 936 2077 prope
975 2020 1279 2063 exanimatum
1319 2020 1496 2079 frigore,
1540 2022 1672 2065 iussit

202 2104 305 2134 eum
334 2090 484 2134 sedere
513 2089 562 2132 in
590 2089 685 2133 loco
714 2103 806 2142 suo,
834 2088 1010 2132 dicens:
1050 2088 1099 2132 Si
1129 2089 1177 2131 in
1207 2090 1351 2133 Persis
1380 2094 1514 2134 natus
1543 2107 1671 2142 esses,

204 2159 252 2202 in
287 2159 410 2218 regia
442 2159 551 2203 sella
584 2158 795 2202 resedisse
832 2158 1021 2216 capitale
1057 2157 1184 2210 foret,
1219 2160 1295 2202 sed
1330 2160 1378 2202 in
1412 2161 1671 2205 Macedonia

145 2246 187 2279 30
205 2231 312 2272 nato
346 2229 609 2274 conceditur.
671 2228 833 2272 Fertur
866 2231 912 2272 et
943 2228 1065 2271 aliud
1100 2227 1155 2272 de
1187 2229 1365 2282 eodem3
1409 2231 1539 2287 quod,
1569 2245 1669 2274 cum
1687 2250 1712 2279 c

205 2298 333 2356 uirgo
362 2298 550 2342 eximiae
578 2297 934 2356 pulchritudinis,
957 2297 1173 2341 finitimae
1201 2299 1348 2356 gentis
1376 2300 1566 2357 principi
1596 2300 1670 2344 de-

205 2370 426 2426 sponsata,
445 2367 564 2411 inter
591 2367 792 2425 captiuas
821 2367 973 2410 adesse
1002 2367 1298 2419 nuntiaretur,
1329 2368 1369 2412 ei
1399 2369 1672 2413 abstinentia

206 2451 380 2480 summa
405 2437 611 2494 pepercit,
634 2440 687 2480 ut
721 2452 777 2480 ne
803 2436 927 2480 illam
954 2436 1132 2494 quidem
1160 2438 1384 2494 aspexerit
1396 2452 1406 2491 3
1450 2453 1539 2495 qua
1565 2453 1670 2482 mox

207 2547 230 2583 3
254 2535 344 2572 unio
360 2537 478 2572 tenax
494 2535 534 2571 M
654 2546 674 2572 2
679 2544 697 2583 5
723 2535 859 2583 hyeme
875 2535 916 2571 M
1029 2544 1072 2580 27
1099 2535 1369 2583 conspexisset]
1388 2536 1613 2584 respexisset
1629 2538 1670 2574 M

207 2594 250 2630 31
279 2582 545 2630 pulcritudinis
563 2581 622 2619 AS

255 2685 276 2721 7
302 2677 536 2712 simulatores
553 2677 646 2712 etc.:
674 2675 740 2712 Iob
757 2675 879 2712 xxxvi.
893 2686 948 2722 13,
963 2686 1017 2722 ¹4·
1146 2685 1186 2724 15
1213 2678 1466 2722 imperatoris:
1492 2689 1542 2713 sc.
1555 2677 1670 2714 Theo—

206 2722 315 2760 dosii.
477 2730 518 2767 17
543 2723 604 2758 sis
612 2724 702 2768 pius
717 2724 803 2759 etc.:
828 2723 1023 2760 claudian.
1039 2725 1217 2770 Panoyyr.
1234 2726 1276 2760 de
1301 2726 1362 2760 IV
1385 2725 1487 2760 Cons.
1511 2726 1672 2761 Honorii

209 2770 383 2816 276-283.
528 2778 572 2815 25
592 2771 800 2806 Alexander
815 2772 886 2807 stc.
902 2782 912 2807 ε
939 2771 1111 2807 Frontin.
1125 2773 1237 2808 Strat.
1254 2771 1302 2807 iv.
1320 2773 1343 2808 6
1362 2771 1380 2817 ξ
1401 2782 1433 2817 3.
1544 2782 1601 2817 27,
1623 2773 1669 2809 28

208 2820 314 2855 iussit
330 2827 446 2863 usque
463 2816 512 2852 ad
527 2818 670 2852 dicens:
695 2819 876 2854 considere
891 2819 965 2854 loco
979 2830 1044 2854 suo
1060 2820 1165 2854 iussit
1179 2821 1342 2865 dixitque
1358 2818 1527 2856 Frontin-
1623 2829 1667 2866 31

206 2867 313 2912 uir-90
336 2865 490 2901 eximiae
514 2865 614 2901 ste.:
639 2875 671 2900 v.
697 2863 870 2902 Frontin.
892 2865 1001 2902 sime.
1018 2864 1059 2902 ii.
1079 2875 1117 2903 11
1147 2864 1165 2912 ξ
1191 2867 1226 2903 6.

1495 2945 1562 2982 ³09
