1994 3190
234 176 306 226 581
323 177 354 216 b
701 175 961 220 IOANNIS
1002 175 1515 221 SARESBERIENSIS
1682 175 1790 238 [mn.
1806 189 1838 221 v

372 294 676 355 proximorum
705 296 935 340 decantet:
974 296 1126 340 Gloria
1154 296 1202 338 in
1232 295 1414 339 excelsis
1443 296 1538 340 Deo
1568 299 1613 340 et
1642 297 1689 339 in
1719 299 1841 340 terra

372 381 463 423 pax
489 366 741 409 hominibus
768 366 908 410 bonae
934 365 1193 410 uoluntatis.
1252 365 1349 409 Hoc
1374 366 1591 423 siquidem
1617 367 1840 410 canticum

374 438 442 478 est
475 434 673 477 fidelium
707 435 1005 492 praelatorum
1045 435 1121 491 qui
1161 435 1366 492 speciosis
1405 435 1616 478 incedunt
1654 435 1842 492 pedibus

374 507 420 547 et
439 519 496 547 ex
516 518 567 547 eo
590 504 732 547 beatis
753 505 870 562 quod
896 519 1047 562 pacem
1074 506 1257 561 portant
1276 507 1322 547 et
1347 518 1498 561 pacem
1526 505 1842 548 sanctimoniae

373 573 536 616 sociam
571 573 666 616 sine
701 588 789 630 qua
817 588 946 616 nemo
975 573 1147 616 uidebit
1177 573 1333 617 Deum.
1392 573 1560 616 Dicunt
1590 576 1635 616 et
1664 567 1715 616 hi'
1741 588 1842 617 cum
1861 592 1880 626 5

375 642 606 699 Sapientia
635 643 740 699 quia
769 643 884 686 bona
914 645 982 686 est
1011 642 1263 685 substantia
1291 642 1362 685 cui
1393 649 1483 684 n'on
1513 645 1581 685 est
1614 646 1844 700 peccatum

374 712 422 753 in
471 711 750 764 conscientia,
789 715 835 755 et
878 711 1147 768 nequissima
1195 713 1436 768 paupertas
1484 711 1532 753 in
1581 726 1656 755 ore
1704 711 1845 769 impii.

334 793 359 822 c
377 780 622 825 Clamitant
649 781 696 823 in
716 781 875 838 plateis
896 781 1001 837 quia
1027 781 1184 823 beatus
1211 780 1283 822 uir
1312 780 1388 837 qui
1419 780 1628 824 inuentus
1656 783 1724 824 est
1750 781 1845 824 sine

375 850 548 893 macula
571 853 617 893 et
642 851 718 907 qui
744 853 845 907 post
865 865 1023 893 aurum
1044 864 1133 892 non
1153 849 1276 892 abiit.
1335 849 1400 892 Ac
1428 849 1465 892 si
1491 852 1644 906 aperte
1670 850 1845 894 dicant:

377 919 588 976 Quisquis
614 919 661 962 in
688 935 869 963 munere
898 919 1134 963 cuiuslibet
1163 919 1454 976 magistratus
1480 933 1639 962 aurum
1661 920 1847 976 quaerit,
1865 935 1907 960 10

375 989 595 1032 maculam
634 989 819 1040 inuenit,
851 989 946 1032 sine
986 1003 1075 1045 qua
1114 1002 1193 1031 nec
1233 988 1409 1045 adquiri
1448 1003 1528 1032 nec
1569 1004 1662 1032 esse
1700 982 1849 1047 potest

377 1058 496 1115 apud
526 1057 708 1100 auidum
738 1072 1041 1114 possessorem.
1111 1057 1222 1110 Quis
1250 1072 1462 1114 umquam
1491 1058 1722 1114 pecuniam
1753 1058 1847 1101 sine

378 1127 676 1171 sordidatione
714 1142 929 1170 manuum
969 1126 1183 1170 tractauit
1222 1126 1424 1170 diutius?
1496 1126 1566 1169 Ex
1605 1142 1658 1170 ea
1697 1130 1848 1171 tamen

377 1199 496 1240 certe
543 1197 691 1239 minus
735 1211 894 1239 manus
943 1196 1092 1239 sordet
1141 1210 1275 1252 quam
1316 1196 1503 1240 animus.
1582 1196 1698 1240 Nolo
1736 1196 1848 1239 mihi

378 1267 596 1309 maiorum
635 1266 878 1323 frigescant
916 1265 1072 1308 limina
1111 1269 1191 1308 aut
1230 1265 1285 1307 de
1328 1280 1435 1308 nare
1484 1266 1643 1309 canina
1692 1280 1848 1309 sonare
1868 1283 1908 1318 15

379 1335 451 1378 hic
481 1335 633 1378 littera
661 1335 895 1386 uideatur3
934 1349 1024 1377 non
1054 1348 1169 1391 pono
1200 1348 1248 1377 os
1279 1340 1426 1377 meum
1456 1335 1503 1377 in
1539 1335 1681 1378 celum
1711 1337 1764 1378 ut
1793 1334 1849 1378 de

379 1405 594 1463 patribus,
634 1405 711 1461 qui
750 1403 900 1447 orbem
941 1403 1140 1446 iudicant
1180 1406 1226 1446 et
1271 1418 1299 1446 a
1336 1403 1459 1447 nullo
1498 1404 1754 1448 iudicantur
1801 1404 1850 1447 in

380 1474 524 1524 terris,
544 1473 713 1530 aliquid
733 1472 877 1515 dicam
901 1472 987 1515 nisi
1012 1472 1192 1529 plenum
1212 1472 1299 1515 fide
1319 1473 1504 1516 caritate
1524 1475 1570 1516 et
1590 1473 1850 1516 reuerentia.

382 1544 538 1587 Dicam
574 1546 724 1586 tamen
756 1542 873 1598 quod
908 1556 1063 1585 uerum
1093 1544 1161 1584 est
1194 1542 1304 1585 adeo
1338 1545 1391 1585 ut
1425 1542 1464 1585 ei
1494 1557 1623 1586 nemo
1650 1543 1849 1586 fidelium

300 1616 303 1618 ’
339 1619 368 1659 d
384 1613 547 1656 audeat
570 1611 810 1669 refragari;
841 1611 984 1654 dicam
1009 1611 1126 1667 quod
1154 1610 1239 1667 ipsi
1264 1611 1531 1668 praedicant.
1591 1611 1759 1663 Dicam,
1778 1612 1846 1654 in·
1868 1628 1913 1654 πο

383 1697 528 1740 quam,
568 1682 674 1739 quia
711 1695 801 1724 non
850 1684 997 1738 potest
1036 1679 1195 1723 ciuitas
1235 1680 1442 1724 abscondi
1481 1696 1616 1739 supra
1655 1684 1851 1725 montem

382 1752 529 1809 posita
568 1754 614 1794 et
651 1765 931 1807 nequaquam
972 1749 1110 1792 latere
1158 1753 1344 1807 possunt
1383 1750 1590 1794 notitiam
1630 1751 1852 1809 publicam

384 1835 497 1878 quae
517 1820 563 1862 in
584 1821 819 1876 conspectu
838 1818 1039 1876 gentium
1060 1819 1201 1871 fiunt3
1230 1818 1447 1875 siquidem

501 1926 630 1955 omne
659 1910 796 1953 animi
827 1910 989 1952 uitium
1020 1913 1148 1953 tanto
1177 1911 1453 1967 conspectius
1482 1911 1530 1954 in
1559 1925 1606 1954 se

502 1970 668 2014 crimen
693 1969 839 2019 habet,
869 1972 1036 2024 quanto
1066 1968 1207 2012 maior
1236 1969 1312 2026 qui
1342 1972 1494 2026 peccat
1523 1970 1723 2013 habetur.
1870 1988 1912 2024 ²5

387 2061 463 2106 Sal
503 2074 676 2118 quoque
709 2058 982 2102 infatuatum
1018 2059 1075 2102 ad
1107 2059 1320 2104 nichilum
1355 2060 1477 2104 ualet
1510 2060 1642 2111 ultra,
1676 2061 1761 2105 nisi
1801 2063 1855 2105 ut

388 2192 429 2219 21
459 2180 594 2218 ciuitas
610 2191 687 2217 non
706 2181 834 2226 potest
852 2179 884 2213 A

442 2301 456 2328 1
488 2292 614 2327 Gloria
631 2291 671 2325 in
688 2290 833 2325 excelsis
850 2290 919 2324 etc.
939 2299 946 2323 :
973 2287 1062 2323 Luc.
1081 2286 1121 2323 ii.
1143 2298 1195 2332 14.
1338 2297 1359 2334 3
1383 2289 1551 2334 speciosis
1572 2290 1666 2326 etc-z
1693 2301 1727 2326 v.
1746 2289 1856 2327 Rom.

391 2351 424 2374 x,
448 2347 511 2384 153
537 2337 583 2374 cs,
603 2338 674 2374 1⁸3„
692 2336 749 2372 lii,
767 2345 800 2380 7,
942 2346 978 2379 4,
999 2344 1016 2381 5
1038 2347 1163 2381 pacem
1176 2337 1432 2371 sanctimoniae
1443 2338 1575 2372 sociam
1589 2338 1687 2373 etc.:
1713 2349 1747 2373 v.
1761 2337 1856 2375 Heb.
1924 2331 1927 2335 ’
1983 2325 1985 2331 ⁴

390 2385 454 2422 xii.
477 2395 528 2430 ¹⁴·
686 2384 709 2420 6
734 2385 823 2420 bona
840 2387 889 2418 est
905 2384 1107 2418 &abstantia
1124 2385 1221 2419 etc.:
1251 2382 1356 2419 Eccli
1373 2382 1456 2419 xiii.
1474 2393 1530 2429 30.
1690 2384 1711 2420 8
1736 2386 1859 2422 beatus

389 2435 451 2480 qui
468 2435 640 2468 inuenta:
654 2432 726 2469 etc.
742 2442 750 2467 :
777 2442 809 2466 v.
826 2428 929 2467 Eccli
944 2429 1042 2466 xxxi.
1060 2431 1093 2466 8.
1189 2439 1227 2476 15
1257 2432 1435 2466 masor-um
1452 2432 1542 2467 etc.:
1567 2442 1600 2466 v.
1621 2430 1719 2469 Pera.
1735 2433 1811 2470 Sat.
1830 2431 1857 2468 i.

395 2484 567 2517 108-110.
748 2487 803 2525 15,
825 2479 866 2514 16
890 2480 1023 2513 canina
1041 2478 1158 2513 littera
1174 2488 1183 2512 t
1210 2490 1261 2514 sc.
1280 2477 1312 2513 R
1328 2490 1336 2520 3
1362 2490 1396 2513 v.
1415 2477 1606 2514 Donatum
1622 2480 1671 2515 ad
1691 2479 1767 2516 Ter.
1785 2481 1859 2517 Ad.

390 2530 430 2564 ii.
458 2538 495 2573 4.
529 2530 575 2563 18
607 2527 666 2570 (ne
698 2527 731 2561 ei
756 2527 870 2571 maffia
899 2526 1067 2560 irritatus
1091 2527 1171 2570 niet)
1198 2526 1351 2561 Irritam'
1370 2527 1520 2571 pmpm'e
1547 2537 1652 2562 canes
1676 2528 1859 2564 dicuntur.

392 2576 556 2611 lucilius
581 2575 623 2609 de
647 2575 766 2609 littera
793 2574 834 2608 R.
854 2573 1028 2607 ‘It-ritum
1053 2575 1155 2608 cunin
1177 2574 1271 2618 quod
1294 2573 1395 2608 homo
1419 2585 1528 2619 quam
1550 2574 1702 2620 planius
1723 2573 1859 2611 dictat!

393 2627 438 2664 (v.
467 2621 583 2658 Lucil.
606 2622 681 2657 Sat.
708 2620 730 2656 i.
755 2630 796 2657 ιο
820 2620 876 2656 ed.
906 2619 1098 2657 Baehrens
1125 2621 1218 2655 I’oet.
1240 2621 1321 2656 Lae.
1347 2621 1440 2655 Min.
1459 2619 1506 2657 vi.
1529 2621 1619 2665 141.)
1816 2621 1858 2659 16

390 2681 484 2723 pono
500 2671 572 2705 etc.
589 2679 608 2722 ε.
625 2680 658 2703 v.
680 2667 735 2722 Ρη.
754 2666 859 2722 lxxii:
878 2677 913 2713 9.
1089 2676 1127 2711 17
1153 2668 1216 2713 qut·
1231 2668 1347 2703 orbem
1364 2669 1528 2703 iudicant
1545 2669 1642 2704 etc.:
1669 2667 1717 2704 cf.
1738 2677 1752 2704 1
1773 2667 1858 2706 Cor.

393 2717 432 2753 ιί.
455 2725 494 2762 15
512 2716 558 2752 de
576 2726 653 2752 viro
670 2714 875 2762 spmtuah.
1065 2725 1103 2750 21
1134 2726 1206 2749 mm
1222 2719 1334 2759 potent
1351 2716 1482 2750 ciuitas
1499 2717 1592 2751 eto.:
1620 2714 1733 2751 Matt.
1752 2727 1783 2751 v.
1805 2726 1858 2760 14.

395 2775 438 2807 2⁴
463 2775 566 2800 omne
582 2765 700 2799 animi
715 2764 811 2798 etc.:
842 2762 916 2798 Iuv.
934 2763 1009 2798 Sat.
1027 2760 1103 2797 viii.
1125 2772 1199 2806 ¹⁴0·
1226 2771 1300 2805 ¹4¹·
1482 2763 1529 2798 26
1553 2763 1618 2799 Sal
1634 2764 1858 2808 infatuatum

393 2816 465 2849 etc.
481 2822 489 2847 :
519 2810 628 2847 Matt.
641 2822 673 2846 v.
694 2820 733 2856 ¹3
748 2822 755 2852 ;
772 2810 818 2847 de
837 2808 1010 2851 lectione,
1030 2821 1125 2855 quae
1140 2808 1187 2846 ub
1199 2809 1255 2846 ed.
1270 2807 1457 2856 volgatae
1473 2808 1636 2847 lectione
1654 2809 1857 2857 discrepat,

505 2880 568 2925 35⁶
