1994 3190
235 172 316 221 388
333 170 364 212 d
708 170 969 215 IOANNIS
1008 169 1523 215 SARESBERIENSIS
1699 169 1810 232 [Lm.
1824 181 1845 213 1

378 291 589 343 Platonis,
608 290 883 334 Affricanum
905 290 1106 334 Ciceroni
1133 291 1470 348 sompniantem,
1491 293 1536 334 et
1562 291 1846 348 philosophos

378 359 637 403 Saturnalia
675 363 928 404 exercentes
970 363 1156 413 accuset,
1197 363 1277 404 aut
1323 363 1556 404 auctorum
1595 361 1846 418 nostrisque

377 422 603 487 figmentis
637 430 880 487 indulgeat,
911 430 949 473 si
983 430 1186 486 publicae
1220 430 1424 473 seruiunt
1454 430 1657 474 utilitati.
1715 430 1845 474 Prae-

379 502 502 542 terea
521 499 675 543 lectori
695 503 740 542 et
759 499 954 542 auditori
974 502 1143 556 quanta
1167 513 1346 556 possum
1373 500 1608 543 deuotione
1634 500 1846 557 supplico,

229 568 312 617 389
334 578 363 608 a
380 573 432 612 ut
470 584 541 612 me
580 569 699 626 patri
736 569 1136 612 misericordiarum
1175 569 1479 612 commendare
1519 570 1760 627 dignentur
1798 570 1846 612 in
1866 585 1885 619 5

378 638 654 682 orationibus
683 638 787 691 suis,
818 641 864 681 et
903 638 1123 681 erratibus
1153 638 1276 691 meis,
1309 638 1386 696 qui
1419 638 1706 695 multiplicati
1740 643 1847 682 sunt

378 722 511 765 super
543 722 790 760 numerum,
820 708 998 750 ueniam
1027 707 1238 750 studeant
1267 707 1480 764 optinere.
1539 708 1659 750 Nam
1689 711 1735 751 et
1764 722 1846 766 ego

378 792 506 835 spero
537 792 607 820 me
639 777 901 834 participem
933 791 1026 820 esse
1058 777 1257 820 omnium
1288 776 1546 820 timentium
1581 777 1846 830 Dominum;

377 850 424 891 et
457 847 586 891 corde
622 850 667 890 et
701 861 808 890 uoce
838 846 1035 889 uicissim
1069 861 1150 903 pro
1179 846 1485 903 indigentibus
1514 861 1603 899 oro,
1633 849 1687 890 ut
1720 849 1847 890 actus

378 919 424 960 et
472 916 762 974 cogitationes
804 917 980 958 nostras
1028 915 1307 972 omnipotens
1357 918 1403 958 et
1441 915 1675 959 miserator
1723 916 1846 960 Deus
1865 929 1907 954 ιο

377 986 612 1038 emundet;
646 988 692 1028 et
720 999 777 1027 ne
806 985 1020 1027 uitiorum
1051 985 1279 1042 rapiamur
1308 984 1542 1037 erroribus,
1573 985 1735 1042 spiritu
1765 999 1845 1030 suo

376 1059 547 1098 mentes
566 1057 741 1098 nostras
761 1054 985 1097 illustrare
1006 1053 1217 1111 dignetur
1236 1054 1388 1111 magni
1408 1054 1579 1098 consilii
1600 1054 1796 1112 angelus.

726 1172 952 1217 Exrmcrr
992 1172 1233 1217 Pnotocvs
1271 1172 1309 1218 L
1350 1172 1501 1217 LIBRI.

653 1420 839 1463 INc11>1r
869 1419 1015 1463 LIBER
1046 1420 1226 1464 anvs
1255 1419 1572 1465 Pomona-101.

581 1529 689 1588 Cap.
725 1544 763 1574 1.
808 1530 933 1585 Quid
961 1529 1163 1575 maxime
1191 1534 1346 1575 noceat
1372 1530 1637 1583 fortunatis.
1863 1552 1903 1587 15

435 1633 562 1676 Inter
591 1634 740 1677 omnia
769 1648 882 1691 quae
911 1634 1022 1677 uiris
1049 1634 1193 1677 solent
1220 1635 1370 1678 obesse
1399 1635 1684 1692 principibus,
1704 1635 1844 1679 nichil

376 1703 663 1760 perniciosius
699 1717 791 1746 esse
827 1703 1031 1755 arbitror,
1065 1718 1198 1760 quam
1233 1704 1350 1760 quod
1385 1704 1448 1747 eis
1479 1703 1686 1748 fortunae
1716 1705 1843 1749 blan-

377 1772 540 1816 dientis
565 1772 769 1816 illecebra
798 1775 1023 1830 aspectum
1045 1773 1270 1817 subtrahit
1289 1773 1504 1824 ueritatis,
1525 1774 1631 1816 dum
1660 1774 1843 1819 diuitias

330 1847 360 1886 b
377 1856 479 1885 suas
512 1846 558 1886 et
591 1842 769 1886 delicias
807 1843 1007 1900 congerit
1041 1843 1245 1894 mundus,
1280 1843 1440 1900 quibus
1470 1843 1647 1887 delicati
1686 1859 1843 1888 sensus

376 1911 650 1970 pruriginem
666 1911 860 1955 uicissim
874 1911 1047 1955 refouet
1067 1915 1112 1955 et
1127 1912 1338 1964 accendit,
1352 1915 1404 1956 ut
1416 1913 1591 1956 animus
1606 1914 1841 1972 multiplici
1860 1935 1905 1961 20

375 1980 692 2024 lenociniorum
731 1980 888 2023 fraude
927 1984 1095 2038 captus,
1135 1982 1325 2038 quadam
1364 1982 1630 2026 alienatione
1669 1983 1738 2026 sui
1785 1983 1843 2027 ab

375 2050 585 2093 interiore
634 2050 748 2093 bono
788 2050 994 2093 deficiens
1043 2064 1122 2107 per
1165 2051 1387 2094 exteriora
1433 2051 1663 2094 mendacia
1705 2053 1843 2096 uariis

376 2119 741 2177 concupiscentiis
770 2123 997 2178 euagetur.
1058 2120 1262 2164 Nouerca
1285 2120 1502 2178 siquidem
1529 2121 1713 2164 uirtutis
1742 2137 1842 2179 pro-

377 2251 582 2334 hffiliyhosc
602 2251 679 2335 ,bots
697 2250 725 2288 C
754 2298 766 2335 ¹
838 2262 860 2288 2
879 2253 1013 2334 Xcuset
1030 2250 1054 2288 S
1162 2262 1180 2335 J
1188 2262 1208 2299 3
1232 2250 1403 2336 ‚Egplipit
1420 2252 1710 2337 prplcffitlisllilbri
1728 2254 1842 2337 primi

374 2358 415 2382 ω
447 2310 791 2400 12u1a¹l2223¹119¹3328
794 2311 970 2401 {Zigana
988 2346 1016 2383 1.
1033 2309 1137 2382 nbii‘.
1181 2312 1611 2394 iffiffllissss¹ss¹p¹¹rim1is
1627 2308 1842 2394 ἱοῗῑὲιέίῗῖἷ

374 2392 403 2428 C
442 2394 501 2430 M:
530 2393 638 2430 Hunc
657 2393 794 2429 librum
813 2394 907 2430 fecit
924 2394 1082 2431 domnus
1106 2394 1246 2441 Symon
1266 2395 1382 2431 abbas
1404 2397 1535 2431 sancto
1558 2394 1703 2432 Albano
1727 2408 1842 2443 quem

374 2441 440 2486 qui
464 2440 501 2478 ei
520 2440 724 2477 abstulerit
747 2443 814 2478 aut
836 2441 993 2477 titulum
1018 2441 1205 2479 deleuerit
1227 2442 1289 2478 uel
1315 2442 1756 2484 mutauerit‚anatl1ema
1781 2444 1841 2486 sit,

375 2499 499 2530 amen,
525 2499 646 2530 amen,
674 2500 795 2525 amen.
846 2488 987 2535 Incipit
1012 2488 1109 2525 liber
1137 2489 1282 2535 primun
1308 2488 1528 2526 Policratici
1553 2490 1606 2527 A:
1645 2490 1728 2527 Inci
1758 2491 1843 2529 iunt

374 2534 553 2618 capti-tani}
587 2534 701 2582 primi
742 2535 830 2572 libri
862 2541 895 2573 et
931 2541 1012 2582 pon
1044 2538 1206 2584 capitula
1242 2536 1387 2584 Incipit
1427 2536 1523 2573 liber
1563 2536 1707 2583 primus
1773 2538 1841 2576 oli-

376 2593 442 2619 cra
462 2594 510 2619 ici

422 2704 445 2740 6
471 2703 703 2749 multiplicati
716 2715 828 2749 eupvr
843 2714 1053 2740 numm-um:
1083 2702 1139 2739 Pe.
1159 2703 1283 2740 xxxix.
1301 2704 1335 2740 6.
1466 2706 1487 2740 8
1511 2707 1726 2752 participem
1743 2708 1838 2745 etc-t

375 2749 433 2787 1³..
452 2749 576 2786 cxviii.
594 2752 650 2795 63.
806 2760 845 2787 η
873 2752 995 2795 maqm‘
1017 2752 1157 2786 consilii
1179 2752 1350 2797 anqelus:
1377 2763 1408 2789 v.
1428 2752 1475 2788 ad
1493 2754 1635 2790 Enthee.
1650 2755 1698 2789 ad
1710 2755 1839 2792 Polio-r.

378 2807 456 2844 173.
551 2807 595 2845 23
621 2798 782 2835 Nouerca
800 2799 899 2836 cta:
926 2797 973 2835 cf.
994 2797 1029 2835 S.
1050 2797 1230 2836 Bet-nard.
1247 2800 1290 2836 de
1310 2800 1600 2838 consideratione
1617 2800 1656 2837 ii.
1680 2810 1721 2848 13
1741 2803 1760 2848 §
1780 2810 1837 2840 22.
