1994 3190
182 243 185 250 ι
197 226 296 259 cAP.
310 213 351 274 1]
702 208 1136 255 POLIORATICVS
1653 211 1794 263 ,41632

197 333 360 376 Beatus
391 331 654 374 Benedictus
683 329 811 386 signo
840 328 981 372 crucis
1011 342 1091 371 uas
1120 327 1400 372 mortiferum
1430 328 1578 386 fregit,
1604 343 1655 373 ac

194 401 232 444 si
251 416 332 458 pro
352 401 478 457 signo
498 399 687 456 lapidem
709 398 967 441 intorsisset.
1013 396 1222 454 Capitula
1242 398 1461 455 euangelii
1481 401 1656 456 gestata

193 470 265 513 uel
296 469 450 512 audita
483 468 555 511 uel
585 467 705 510 dicta
734 466 1026 509 inueniuntur
1054 466 1273 522 profuisse
1305 468 1652 523 quamplurimis.

193 538 315 581 Haec
339 537 540 594 equidem
567 539 613 579 et
639 535 800 578 similia
826 550 915 578 non
938 535 1069 578 modo
1095 535 1218 578 licita
1245 535 1321 578 sed
1348 539 1394 578 et
1417 537 1654 579 utilissima

153 628 172 662 5
191 610 307 650 sunt.
367 607 470 650 Alia
503 620 608 648 uero
641 619 731 647 non
761 608 853 647 tam
883 604 1233 660 contempnenda
1263 619 1395 660 quam
1427 604 1652 661 fugienda.

191 677 372 720 Certum
407 675 622 731 siquidem
658 677 725 716 est
759 673 877 730 quod
911 673 1200 730 diligentibus
1230 672 1373 715 Deum
1403 674 1552 716 omnia
1581 689 1652 717 co-

189 748 428 803 operantur
443 745 489 786 in
509 744 686 786 bonum.
736 742 942 785 Infideles
963 746 1112 785 autem
1128 745 1174 784 et
1194 742 1401 798 reprobos
1417 745 1496 784 aut
1516 743 1650 784 etiam

188 815 430 858 hesitantes
463 813 510 855 in
541 812 627 855 fide
667 811 820 854 multis
853 811 1076 868 permittit
1115 810 1236 853 Deus
1275 810 1651 854 ludificationibus

187 884 421 928 subiacere.
482 882 642 925 Omnia
668 884 817 924 tamen
844 881 993 923 omina
1019 883 1196 923 tantum
1224 883 1409 936 possunt
1434 886 1651 936 quantum

131 972 172 996 10
189 952 447 1010 excipientis
486 951 594 994 fides
627 950 859 1008 permittit.
935 949 1062 992 Vnde
1097 951 1143 992 et
1183 949 1326 991 Iulius
1361 947 1498 993 Cesar
1529 950 1652 992 nullo

187 1022 374 1080 augin-io
402 1021 580 1064 nullane
607 1020 920 1077 superstitione
950 1034 978 1061 a
1002 1032 1275 1075 quocumque
1301 1018 1476 1075 incepto
1503 1019 1651 1076 potuit

187 1091 432 1134 absterreri.
491 1090 692 1147 Contigit
719 1089 837 1132 enim
862 1092 914 1131 ut
941 1088 1203 1145 quandoque
1225 1087 1271 1130 in
1292 1088 1502 1131 Affricam
1523 1089 1648 1131 naui·
1667 1105 1691 1134 c

185 1161 259 1219 gio
277 1160 554 1218 proficiscens
574 1160 620 1201 in
641 1173 819 1216 egressu
840 1158 968 1200 nauis
989 1157 1316 1214 prolaberetur,
1346 1172 1474 1200 uerso
1499 1158 1649 1214 itaque

185 1230 243 1273 ad
262 1229 418 1272 melius
437 1229 594 1279 omine,
610 1229 754 1271 Teneo
770 1231 826 1278 te,
844 1228 1001 1284 inquit,
1018 1227 1205 1269 Affrica:
1236 1241 1420 1283 eamque
1441 1227 1648 1271 obtinuit.

127 1317 168 1354 ¹5
186 1299 418 1342 Praeterea
445 1297 688 1355 Calpurnia
710 1312 824 1340 uxor
854 1297 948 1339 eius
979 1311 1031 1339 ea
1060 1300 1200 1347 nocte,
1226 1310 1358 1352 quam
1390 1296 1427 1338 is
1455 1296 1501 1338 in
1529 1300 1649 1340 terra

184 1368 386 1412 ultimam
412 1367 560 1425 gessit,
580 1367 696 1410 uidit
723 1381 823 1410 eum
850 1366 1004 1408 multis
1034 1365 1293 1408 uulneribus
1319 1365 1569 1408 confectum
1600 1366 1647 1408 in

183 1437 283 1481 sinu
302 1452 381 1480 suo
401 1437 552 1490 iacere,
567 1451 812 1494 rogansque
832 1439 884 1479 ut
904 1435 975 1478 die
990 1435 1191 1491 sequenti
1213 1449 1240 1477 a
1253 1435 1376 1477 curia
1391 1435 1646 1488 abstineret,

183 1521 271 1550 non
291 1507 496 1557 obtinuit,
516 1522 571 1550 ne
591 1507 665 1549 ille
686 1507 732 1548 in
753 1506 849 1549 uita
869 1520 950 1548 sua
965 1504 1133 1561 aliquid
1149 1504 1356 1547 timidum
1372 1519 1646 1562 quocumque

183 1576 376 1634 auspicio
396 1576 535 1633 egisse
554 1576 793 1620 uideretur.
852 1576 907 1618 In
932 1574 1103 1618 excidio
1124 1574 1477 1625 Massiliensium,
1497 1575 1645 1618 lucum

124 1660 167 1684 πο
184 1645 259 1703 (1111
279 1645 364 1689 diis
383 1648 580 1689 sacratus
602 1645 860 1695 habebatur,
880 1645 1050 1701 primus
1078 1658 1212 1686 ausus
1240 1647 1307 1686 est
1333 1643 1525 1695 caedere,
1546 1659 1644 1702 pro-

181 1714 291 1758 bans
322 1729 368 1758 se
402 1714 459 1757 ab
493 1714 611 1757 omni
644 1714 958 1771 superstitione
997 1713 1204 1756 alienum.
1266 1713 1431 1755 Beatus
1470 1728 1644 1770 quoque

182 1783 355 1828 Marcus
375 1784 706 1842 euangelizandi
733 1798 866 1827 causa
893 1783 1211 1826 Alexandriam
1231 1783 1522 1840 proficiscens,
1542 1798 1643 1826 cum

179 1867 338 1896 nauem
366 1868 564 1911 egressus
591 1853 782 1911 rupisset
808 1853 1014 1903 calceum,
1037 1852 1206 1909 gratias
1234 1866 1369 1909 agens
1397 1852 1483 1895 iter
1512 1867 1641 1894 suum

181 1923 434 1980 expeditum
469 1938 561 1966 esse
600 1926 871 1980 protestatus
906 1926 985 1965 est.
1047 1922 1095 1965 Si
1125 1922 1224 1978 quis
1257 1925 1490 1964 reuocatur
1523 1922 1642 1964 inter
1657 1924 1685 1964 d

123 2007 163 2042 25
181 1991 384 2043 eundum,
403 2006 491 2035 non
521 1993 577 2035 ob
606 1993 699 2043 hoc,
726 1992 763 2035 si
794 1992 972 2049 quidem
1002 1992 1049 2034 in
1076 1991 1253 2034 nomine
1281 1991 1461 2034 Domini
1492 1991 1641 2034 fuerat

180 2059 444 2112 inchoatum,
474 2062 813 2118 praetermittat,
844 2062 930 2104 nisi
961 2061 1077 2104 forte
1106 2075 1280 2104 omnem
1316 2061 1641 2104 reuocationem

179 2130 419 2173 ominosam
439 2146 531 2174 esse
551 2131 671 2174 corui
691 2131 983 2188 persuadetur
997 2131 1209 2188 exemplo,
1226 2130 1302 2187 qui
1318 2130 1475 2173 coloris
1490 2131 1640 2174 amisit

178 2202 466 2250 uenustatem,
486 2201 592 2243 dum
613 2204 845 2244 reuocatus
864 2216 892 2243 a
911 2201 1084 2244 cornice
1102 2200 1309 2258 progredi
1326 2200 1485 2243 maluit
1506 2215 1639 2256 quam

177 2282 363 2312 manere.
423 2269 508 2312 His
527 2285 632 2313 uero
651 2285 775 2314 mens
790 2270 923 2328 nugis
943 2271 1122 2314 incauta
1141 2270 1378 2322 seducitur,
1398 2270 1475 2313 sed
1496 2270 1638 2314 fidelis

118 2354 164 2387 30
178 2351 452 2394 nequaquam
473 2339 726 2395 adquiescit.

181 2467 224 2502 14
249 2457 416 2504 optinuit
432 2458 466 2493 A
609 2461 651 2496 18
676 2459 844 2507 optinuit
861 2460 894 2494 A
1036 2471 1056 2497 2
1061 2469 1079 2507 5
1106 2459 1199 2506 quid
1217 2459 1258 2496 M
1401 2461 1447 2497 26
1473 2471 1583 2497 omen
1597 2459 1637 2495 M

212 2577 248 2624 '1-
265 2569 400 2625 Beatus
416 2570 508 2606 etc.:
535 2569 646 2616 Greg.
662 2570 789 2625 Magn.
804 2573 905 2609 Dial.
918 2572 957 2608 11.
973 2583 993 2618 3
1013 2571 1160 2618 (Migne
1177 2574 1217 2608 P.
1237 2573 1280 2607 L.
1299 2570 1386 2607 lxvi.
1410 2571 1503 2618 136).
1615 2574 1638 2610 6

180 2615 408 2660 damnabas
429 2618 522 2653 etc.:
549 2617 654 2654 Rom.
679 2618 753 2654 viii.
782 2621 837 2656 28.
982 2630 1023 2656 12
1052 2621 1207 2665 Comiyit
1232 2622 1328 2656 etc.:
1355 2619 1455 2655 Suet.
1481 2621 1553 2655 Iul.
1582 2629 1637 2666 59.

185 2669 224 2707 15
246 2663 447 2716 Calpurnia
466 2667 558 2701 etc.:
583 2677 613 2700 v.
632 2665 712 2701 Val.
731 2665 830 2702 Max.
848 2666 872 2702 i.
891 2675 911 2710 7
932 2666 950 2714 ξ
970 2677 1002 2702 2.
1102 2677 1144 2712 19
1163 2669 1211 2702 In
1228 2669 1365 2702 eaecidio
1381 2669 1473 2702 etc.:
1499 2679 1532 2703 v.
1549 2667 1636 2703 Luc.

180 2708 307 2744 Phara.
324 2720 377 2744 111.
398 2711 468 2755 436
484 2722 585 2757 seqq.
727 2723 769 2748 21
798 2714 934 2750 Beatus
958 2715 1052 2751 etc.:
1078 2726 1110 2750 v.
1128 2716 1220 2750 Acta
1244 2715 1306 2750 SS.
1331 2715 1421 2760 Apr.
1440 2713 1494 2750 iii.
1513 2716 1581 2760 348
1594 2724 1634 2750 Α.

182 2763 226 2799 27
251 2759 351 2792 corui
366 2757 437 2793 etc.
453 2769 461 2792 :
486 2769 517 2794 v.
535 2757 598 2794 Ov.
615 2760 698 2796 Met.
719 2759 760 2796 ii.
778 2769 844 2807 547
858 2771 959 2807 seqq.

1478 2908 1522 2951 67
