1994 3190
254 247 332 288 572
351 248 382 278 a
721 237 983 281 IOANNIS
1023 212 1538 282 SARESBERIENSIS
1707 235 1820 293 [ΜΒ.
1833 246 1874 278 v-

397 358 475 402 sed
514 358 563 400 in
601 361 864 415 argumento
902 372 1076 415 quoque
1114 358 1201 402 isto
1236 358 1418 402 euicero.
1491 357 1622 401 Disce
1661 371 1768 414 ergo
1801 359 1865 407 tu,

397 428 610 485 magister
650 427 983 484 sapientissime,
1022 431 1212 484 utroque
1252 427 1383 470 modo
1423 426 1628 470 futurum
1667 427 1736 470 uti
1775 439 1867 469 non

398 497 580 540 reddam
616 497 734 554 quod
764 497 890 554 petis,
926 498 1021 540 siue
1052 496 1206 540 contra
1237 511 1308 539 me
1347 496 1687 554 pronuntiatum
1727 494 1867 538 fuerit

350 572 380 610 b
399 566 494 609 siue
525 581 606 623 pro
639 581 722 610 me.
781 566 912 618 Nam,
932 566 970 609 si
1004 565 1170 608 iudices
1209 580 1289 622 pro
1329 579 1461 608 causa
1499 579 1598 607 mea
1635 564 1866 614 senserint,

398 635 536 679 nichil
556 635 640 678 tibi
656 651 712 679 ex
729 635 950 679 sententia
970 635 1214 686 debebitur,
1227 635 1333 691 quia
1354 649 1436 692 ego
1455 634 1603 677 uicero
1619 647 1629 686 3
1657 634 1695 677 si
1710 635 1866 677 contra
1884 643 1904 678 5

397 705 739 762 pronuntiatum
762 704 912 755 fuerit,
939 704 1076 747 nichil
1106 704 1190 746 tibi
1221 718 1277 746 ex
1307 707 1436 760 pacto
1466 703 1614 754 debeo,
1642 703 1747 760 quia
1776 717 1867 746 non

397 774 556 818 uicero.
617 774 691 817 Sic
717 774 775 816 ab
801 774 1076 817 adolescente
1103 773 1320 830 discipulo
1349 773 1562 831 magister
1591 772 1868 829 eloquentiae

399 843 579 886 inclitus
619 857 699 886 suo
738 846 1001 900 argumento
1040 842 1300 885 confutatus
1332 845 1399 885 est
1438 845 1484 885 et
1521 842 1740 900 captionis
1769 856 1867 885 uer·

398 916 525 955 sutae
564 916 610 955 et
648 913 924 970 excogitatae
973 912 1217 955 frustratus
1255 911 1355 954 fuit.
1435 912 1549 963 Tum
1598 911 1777 964 iudices,
1815 914 1868 954 ut

398 982 609 1038 antiquae
629 981 778 1024 uerbis
799 985 902 1023 utar
928 981 1150 1031 historiae,
1170 980 1404 1023 dubiosum
1430 981 1512 1024 hoc
1539 979 1867 1038 inexplicabile·
1886 997 1929 1023 10

399 1066 485 1108 que
517 1066 610 1094 esse
641 1051 759 1108 quod
793 1051 1018 1107 utrimque
1053 1050 1283 1093 dicebatur
1314 1050 1415 1103 rati,
1447 1065 1504 1094 ne
1535 1050 1757 1094 sententia
1787 1065 1869 1093 sua

398 1125 634 1177 utramque
674 1121 721 1162 in
757 1124 930 1177 partem
965 1120 1085 1163 dieta
1120 1120 1217 1177 ipsa
1246 1135 1340 1163 sese
1369 1119 1648 1170 rescinderet,
1677 1134 1771 1163 rem
1801 1119 1868 1162 in-

398 1190 639 1234 iudicatam
680 1190 967 1246 reliquerunt,
998 1204 1175 1233 causam
1209 1189 1256 1231 in
1286 1189 1404 1232 diem
1433 1189 1739 1247 longissimum
1768 1203 1868 1246 pro-

399 1260 600 1303 telantes.
660 1259 754 1302 Nec
780 1259 971 1302 multum
999 1258 1138 1302 refert
1165 1258 1221 1301 ad
1250 1258 1526 1315 propositum
1552 1258 1785 1316 Pitagoras
1809 1272 1868 1301 an

401 1329 677 1386 Protagoras,
698 1329 812 1371 sicut
843 1328 1120 1381 Quintiliano
1140 1328 1285 1386 placet
1314 1332 1360 1371 et
1389 1328 1575 1386 Agellio,
1595 1328 1868 1386 litigauerit;
1888 1343 1928 1377 15

400 1414 543 1456 neque
563 1399 681 1441 enim
700 1398 771 1441 uis
791 1401 858 1441 est
884 1398 933 1440 in
952 1398 1140 1449 nomine,
1161 1398 1268 1440 dum
1295 1401 1467 1442 constet
1493 1413 1586 1441 rem
1614 1398 1869 1456 ambiguam

359 1483 384 1512 c
401 1469 495 1511 sine
528 1468 778 1511 temeritate
813 1467 995 1510 diffiniri
1027 1482 1117 1510 non
1155 1482 1292 1524 posse.
1367 1467 1484 1511 Sunt
1518 1470 1668 1526 autem
1702 1467 1870 1511 multae

400 1538 621 1595 captiosae
642 1537 931 1594 quaestiones,
952 1551 1064 1594 quae
1084 1537 1228 1580 tutius
1248 1540 1294 1580 et
1319 1537 1589 1580 commodius
1609 1537 1871 1594 praesertim

399 1609 447 1649 in
477 1607 652 1650 iudiciis
681 1607 949 1649 differuntur
978 1621 1111 1662 quam
1141 1606 1448 1650 accelerentur.
1518 1606 1646 1649 Vnde
1675 1609 1721 1650 et
1750 1606 1870 1663 apud

401 1676 652 1720 dialecticos
671 1690 811 1734 genus
831 1676 913 1719 hoc
934 1678 1103 1719 tractus
1122 1675 1373 1732 appellatur
1392 1678 1438 1719 et
1461 1690 1488 1718 a
1515 1675 1666 1719 Grecis
1692 1676 1869 1728 dicitur,
1888 1692 1932 1717 πο

401 1747 479 1790 ubi
511 1746 722 1803 quicquid
748 1760 904 1788 uerum
929 1759 1021 1788 esse
1049 1745 1259 1788 statueris
1290 1744 1454 1788 falsum
1479 1746 1739 1802 repperitur.
1800 1745 1870 1797 Et,

401 1816 438 1859 si
468 1816 727 1873 plerumque
761 1815 809 1856 in
839 1814 909 1857 his
938 1828 1017 1871 per
1046 1814 1348 1871 exceptionem
1378 1814 1468 1857 doli
1498 1814 1604 1857 mali
1634 1815 1774 1872 possit
1801 1829 1872 1859 res

400 1884 652 1942 temperari,
678 1887 723 1927 et
752 1884 952 1940 aequitas
982 1884 1078 1940 ipsa
1108 1883 1217 1927 iuris
1246 1883 1470 1926 interdum
1501 1887 1636 1941 queat
1665 1884 1871 1942 mitigare

397 1955 605 2012 rigorem,
620 1954 706 1996 nisi
727 1953 1042 2011 urgentissima
1062 1968 1210 1996 rerum
1229 1953 1466 1996 necessitas
1485 1957 1626 2011 cogat,
1639 1954 1686 1996 in
1706 1954 1871 1998 talibus

402 2024 669 2067 sententiam
709 2023 890 2080 expedit
929 2022 1104 2066 differre
1144 2037 1277 2079 quam
1318 2023 1445 2067 ferre.
1487 2057 1489 2059 .
1519 2023 1629 2067 Fere
1667 2038 1695 2066 a
1733 2038 1871 2081 puero
1889 2042 1931 2078 ²⁵

404 2132 421 2170 5
450 2122 597 2159 uiscero
614 2122 646 2158 A
790 2131 810 2167 7
837 2121 980 2158 uiscero
999 2121 1044 2155 A¹
1151 2119 1417 2157 adholescente
1435 2120 1469 2156 A
1623 2122 1645 2158 8
1671 2123 1728 2158 est
1745 2133 1813 2159 om.
1831 2122 1872 2159 M

403 2181 426 2216 9
451 2169 642 2216 cogitatae
661 2169 700 2205 M
850 2179 891 2205 ιο
915 2167 1081 2215 hystorie
1100 2168 1154 2203 B:
1180 2168 1368 2250 ὴῖρδοτίαο
1387 2168 1426 2204 Μ
1582 2178 1625 2213 14
1650 2168 1760 2215 pitha
1789 2181 1873 2207 oran

402 2217 458 2254 CS
584 2226 623 2263 15
651 2216 897 2263 prothagoras
914 2216 969 2252 CS
1065 2218 1105 2252 et
1123 2215 1208 2262 agel
1226 2227 1263 2251 10
1281 2215 1409 2261 placet
1425 2214 1493 2252 0¹8
1613 2226 1660 2252 20
1683 2217 1768 2263 apel
1809 2219 1874 2255 tur

573 2275 614 2301 21
645 2264 833 2310 reperitur
850 2264 910 2301 CB
1054 2274 1098 2309 23
1125 2262 1319 2309 mittigare
1338 2261 1362 2298 S

456 2361 494 2399 15
525 2353 773 2396 Quintiliano:
799 2363 831 2387 v.
848 2351 938 2386 Inst.
961 2350 1019 2385 Or.
1039 2348 1094 2385 iii.
1115 2359 1128 2385 1
1152 2347 1169 2395 §
1194 2359 1246 2385 10.
1413 2358 1464 2394 19,
1483 2358 1530 2384 20
1552 2351 1654 2395 apud
1669 2351 1874 2387 dialecticos

404 2402 495 2436 etc.:
531 2412 563 2435 v.
595 2401 678 2445 Βία.
706 2410 813 2434 xxxv.
839 2408 874 2434 2.
901 2399 946 2433 88
971 2398 1053 2432 dixi
1076 2400 1143 2433 τῶν
1167 2395 1304 2443 ἀπόρων
1328 2396 1422 2432 hanc
1445 2399 1686 2443 quamionem
1711 2409 1782 2434 esse
1809 2399 1873 2445 qui

403 2452 577 2483 tractatus
599 2448 702 2493 apud
725 2447 927 2482 dialecticos
949 2447 1011 2481 τοῦ
1031 2444 1247 2490 ψευδομένου
1272 2445 1418 2488 dicitur,
1440 2445 1569 2480 etenim
1591 2446 1767 2491 quidquid
1789 2456 1872 2482 con-

402 2497 627 2531 menter-imus
642 2506 770 2530 uerum
786 2505 856 2529 eane
867 2493 1011 2538 salsum
1032 2493 1257 2538 repperietur
1272 2516 1281 2526 .
1301 2517 1309 2526 .
1331 2518 1339 2527 .
1357 2502 1438 2536 erqo
1459 2503 1527 2545 per
1543 2494 1782 2538 exceptionem
1798 2493 1873 2528 dola·

404 2545 494 2578 mali
510 2547 582 2578 toea
600 2554 641 2577 ea
659 2553 714 2577 ree
730 2541 962 2587 temperanda
979 2540 1059 2574 erit.
1112 2538 1154 2574 In
1174 2539 1378 2574 Policratici
1388 2537 1579 2575 codicibus
1590 2539 1764 2576 omnibus
1780 2550 1876 2586 quon

405 2588 562 2644 inspexi,
581 2588 620 2624 in
643 2588 698 2624 ed.
722 2587 895 2634 principe
918 2589 957 2622 et
984 2585 1023 2621 in
1050 2586 1107 2622 ed.
1135 2585 1215 2621 Par.
1239 2594 1326 2631 ¹5¹3
1345 2585 1488 2622 omissis
1505 2586 1697 2623 vocabulis
1719 2586 1873 2624 Graecis

405 2637 548 2683 legitur
563 2638 626 2672 hoc
643 2641 778 2671 tmceus
793 2636 1001 2681 appellatur
1015 2639 1045 2668 et
1062 2646 1085 2669 a
1102 2635 1239 2678 qraecis
1254 2635 1391 2668 dicitur
1404 2635 1476 2675 ubi.
1492 2636 1564 2670 etc.
1616 2634 1659 2670 In
1678 2635 1735 2672 ed.
1754 2633 1873 2682 Lugd-

411 2695 423 2721 1
432 2694 469 2731 51
479 2696 499 2730 3
526 2685 611 2730 pout
635 2685 771 2719 dicitur
793 2682 963 2728 nequitur
988 2681 1147 2723 lacuum
1174 2691 1268 2726 quae
1296 2680 1334 2716 in
1365 2680 1450 2717 edd.
1470 2680 1586 2728 Lugd.
1612 2681 1696 2718 Bat.
1721 2690 1807 2728 1595
1835 2683 1874 2719 et

411 2734 500 2777 1639
526 2730 704 2768 vocabulo
731 2731 867 2775 ζήτησις
892 2728 1088 2775 expletum
1114 2731 1205 2764 nota
1230 2730 1359 2764 tamen
1388 2727 1428 2763 in
1454 2729 1624 2775 margine
1649 2728 1782 2766 addita
1805 2730 1873 2767 ¹01.

406 2779 537 2816 abo-t:
581 2778 624 2814 In
643 2777 872 2815 editionibus·
891 2774 1165 2813 recentioribus
1182 2787 1298 2821 unque
1315 2775 1362 2811 ad
1380 2777 1546 2812 nostram
1564 2775 1705 2823 legitur
1722 2777 1872 2824 ζήτησις,

406 2826 506 2873 quod
525 2826 745 2862 vocabulum
765 2824 862 2861 unde
881 2823 1026 2860 venerit
1043 2823 1083 2859 in
1100 2821 1181 2859 eius
1199 2824 1364 2859 mentem
1382 2822 1448 2868 qui
1467 2821 1672 2861 editionem
1692 2822 1874 2861 Plautini-

405 2885 518 2910 ηοω
539 2873 674 2920 (Lnga.
694 2872 776 2909 Bat.
799 2872 902 2919 1595)
921 2870 1149 2918 recognovit,
1167 2881 1315 2917 promus
1332 2870 1478 2917 ignoro.

517 2945 583 2988 ³³8
