<?xml version="1.0" encoding="UTF-8"?>
<!DOCTYPE html PUBLIC "-//W3C//DTD XHTML 1.0 Transitional//EN"
    "http://www.w3.org/TR/xhtml1/DTD/xhtml1-transitional.dtd">
<html xmlns="http://www.w3.org/1999/xhtml" xml:lang="en" lang="en">
 <head>
  <title>
</title>
<meta http-equiv="Content-Type" content="text/html;charset=utf-8" />
  <meta name='ocr-system' content='tesseract 3.04.00' />
  <meta name='ocr-capabilities' content='ocr_page ocr_carea ocr_par ocr_line ocrx_word'/>
</head>
<body>
  <div class='ocr_page' id='page_1' title='image "./policraticisived01john_0412.png"; bbox 0 0 1994 3190; ppageno 0'>
   <div class='ocr_carea' id='block_1_1' title="bbox 202 153 1816 216">
    <p class='ocr_par' dir='ltr' id='par_1_1' title="bbox 202 153 1816 216">
     <span class='ocr_line' id='line_1_1' title="bbox 202 153 1816 216; baseline 0.002 -18"><span class='ocrx_word' id='word_1_1' title='bbox 202 159 282 208; x_wconf 80' lang='lat'><strong>5&#39;82</strong></span> <span class='ocrx_word' id='word_1_2' title='bbox 299 160 330 200; x_wconf 87' lang='lat' dir='ltr'>b</span> <span class='ocrx_word' id='word_1_3' title='bbox 674 156 937 202; x_wconf 88' lang='lat' dir='ltr'><strong>IOANNIS</strong></span> <span class='ocrx_word' id='word_1_4' title='bbox 977 153 1491 201; x_wconf 86' lang='lat' dir='ltr'><strong>SARESBERIENSIS</strong></span> <span class='ocrx_word' id='word_1_5' title='bbox 1655 153 1769 216; x_wconf 70' lang='grc' dir='ltr'><strong>[ΜΒ.</strong></span> <span class='ocrx_word' id='word_1_6' title='bbox 1784 167 1816 202; x_wconf 80' lang='lat' dir='ltr'>v</span> 
     </span>
    </p>
   </div>
   <div class='ocr_carea' id='block_1_2' title="bbox 345 276 1817 392">
    <p class='ocr_par' dir='ltr' id='par_1_2' title="bbox 345 276 1817 392">
     <span class='ocr_line' id='line_1_2' title="bbox 346 276 1817 336; baseline -0.001 -14"><span class='ocrx_word' id='word_1_7' title='bbox 346 279 601 336; x_wconf 87' lang='lat' dir='ltr'>penetrauit</span> <span class='ocrx_word' id='word_1_8' title='bbox 626 278 751 336; x_wconf 87' lang='lat' dir='ltr'>celos,</span> <span class='ocrx_word' id='word_1_9' title='bbox 772 278 921 322; x_wconf 86' lang='lat' dir='ltr'>Iesum</span> <span class='ocrx_word' id='word_1_10' title='bbox 948 277 1112 321; x_wconf 88' lang='lat' dir='ltr'>Filium</span> <span class='ocrx_word' id='word_1_11' title='bbox 1139 277 1235 330; x_wconf 90' lang='lat' dir='ltr'>Dei,</span> <span class='ocrx_word' id='word_1_12' title='bbox 1254 277 1419 334; x_wconf 89' lang='lat' dir='ltr'>ubique</span> <span class='ocrx_word' id='word_1_13' title='bbox 1444 276 1641 321; x_wconf 88' lang='lat' dir='ltr'>locorum</span> <span class='ocrx_word' id='word_1_14' title='bbox 1667 276 1817 320; x_wconf 84' lang='lat' dir='ltr'>offerri</span> 
     </span>
     <span class='ocr_line' id='line_1_3' title="bbox 345 349 477 392; baseline 0 0"><span class='ocrx_word' id='word_1_15' title='bbox 345 349 477 392; x_wconf 88' lang='lat' dir='ltr'>debet</span> 
     </span>
    </p>
   </div>
   <div class='ocr_carea' id='block_1_3' title="bbox 463 438 1700 556">
    <p class='ocr_par' dir='ltr' id='par_1_3' title="bbox 463 438 1700 556">
     <span class='ocr_line' id='line_1_4' title="bbox 463 438 1700 498; baseline -0.003 -14"><span class='ocrx_word' id='word_1_16' title='bbox 463 441 754 498; x_wconf 89' lang='lat' dir='ltr'>compositum</span> <span class='ocrx_word' id='word_1_17' title='bbox 784 440 854 483; x_wconf 92' lang='lat' dir='ltr'>ius</span> <span class='ocrx_word' id='word_1_18' title='bbox 883 439 1039 497; x_wconf 82' lang='lat' dir='ltr'>fasque</span> <span class='ocrx_word' id='word_1_19' title='bbox 1069 439 1218 490; x_wconf 90' lang='lat' dir='ltr'>animi,</span> <span class='ocrx_word' id='word_1_20' title='bbox 1247 438 1476 495; x_wconf 74' lang='lat' dir='ltr'><strong>sanctique</strong></span> <span class='ocrx_word' id='word_1_21' title='bbox 1505 451 1700 481; x_wconf 79' lang='lat' dir='ltr'>recessus</span> 
     </span>
     <span class='ocr_line' id='line_1_5' title="bbox 463 497 1614 556; baseline -0.003 -14"><span class='ocrx_word' id='word_1_22' title='bbox 463 499 637 549; x_wconf 90' lang='lat' dir='ltr'>mentis,</span> <span class='ocrx_word' id='word_1_23' title='bbox 667 501 713 542; x_wconf 90' lang='lat' dir='ltr'>et</span> <span class='ocrx_word' id='word_1_24' title='bbox 741 499 962 542; x_wconf 90' lang='lat' dir='ltr'>incoctum</span> <span class='ocrx_word' id='word_1_25' title='bbox 992 512 1204 556; x_wconf 87' lang='lat' dir='ltr'>generoso</span> <span class='ocrx_word' id='word_1_26' title='bbox 1233 500 1387 554; x_wconf 88' lang='lat' dir='ltr'>pectus</span> <span class='ocrx_word' id='word_1_27' title='bbox 1416 497 1614 539; x_wconf 89' lang='lat' dir='ltr'>honesto.</span> 
     </span>
    </p>
   </div>
   <div class='ocr_carea' id='block_1_4' title="bbox 304 587 1942 1482">
    <p class='ocr_par' dir='ltr' id='par_1_4' title="bbox 304 587 1942 1410">
     <span class='ocr_line' id='line_1_6' title="bbox 304 587 1855 649; baseline -0.005 -11"><span class='ocrx_word' id='word_1_28' title='bbox 304 606 331 638; x_wconf 83' lang='lat' dir='ltr'>c</span> <span class='ocrx_word' id='word_1_29' title='bbox 348 591 454 635; x_wconf 86' lang='lat' dir='ltr'>Veri</span> <span class='ocrx_word' id='word_1_30' title='bbox 494 591 712 649; x_wconf 83' lang='lat' dir='ltr'>siquidem</span> <span class='ocrx_word' id='word_1_31' title='bbox 746 590 1001 634; x_wconf 74' lang='lat' dir='ltr'>adoratores</span> <span class='ocrx_word' id='word_1_32' title='bbox 1034 590 1097 633; x_wconf 89' lang='lat' dir='ltr'>sic</span> <span class='ocrx_word' id='word_1_33' title='bbox 1135 589 1324 632; x_wconf 90' lang='lat' dir='ltr'>adorant</span> <span class='ocrx_word' id='word_1_34' title='bbox 1358 588 1536 632; x_wconf 88' lang='lat' dir='ltr'>Patrem</span> <span class='ocrx_word' id='word_1_35' title='bbox 1567 588 1616 630; x_wconf 94' lang='lat' dir='ltr'>in</span> <span class='ocrx_word' id='word_1_36' title='bbox 1654 587 1817 645; x_wconf 88' lang='lat' dir='ltr'>spiritu</span> <span class='ocrx_word' id='word_1_37' title='bbox 1836 603 1855 638; x_wconf 84' lang='lat'><strong>5</strong></span> 
     </span>
     <span class='ocr_line' id='line_1_7' title="bbox 347 657 1818 716; baseline -0.003 -12"><span class='ocrx_word' id='word_1_38' title='bbox 347 664 394 704; x_wconf 90' lang='lat' dir='ltr'>et</span> <span class='ocrx_word' id='word_1_39' title='bbox 433 661 636 704; x_wconf 72' lang='lat' dir='ltr'>ueritate,</span> <span class='ocrx_word' id='word_1_40' title='bbox 694 661 824 704; x_wconf 87' lang='lat' dir='ltr'>Anne</span> <span class='ocrx_word' id='word_1_41' title='bbox 864 675 965 703; x_wconf 89' lang='lat' dir='ltr'>eum</span> <span class='ocrx_word' id='word_1_42' title='bbox 1004 659 1146 703; x_wconf 90' lang='lat' dir='ltr'>credis</span> <span class='ocrx_word' id='word_1_43' title='bbox 1185 658 1402 716; x_wconf 88' lang='lat' dir='ltr'>accepisse</span> <span class='ocrx_word' id='word_1_44' title='bbox 1435 657 1605 715; x_wconf 86' lang='lat' dir='ltr'>aliquid</span> <span class='ocrx_word' id='word_1_45' title='bbox 1639 657 1818 700; x_wconf 91' lang='lat' dir='ltr'>nomine</span> 
     </span>
     <span class='ocr_line' id='line_1_8' title="bbox 347 727 1819 788; baseline -0.003 -14"><span class='ocrx_word' id='word_1_46' title='bbox 347 731 678 788; x_wconf 61' lang='lat' dir='ltr'>sportularum?</span> <span class='ocrx_word' id='word_1_47' title='bbox 736 730 834 774; x_wconf 91' lang='lat' dir='ltr'>Hoc</span> <span class='ocrx_word' id='word_1_48' title='bbox 854 730 971 772; x_wconf 88' lang='lat' dir='ltr'>enim</span> <span class='ocrx_word' id='word_1_49' title='bbox 998 731 1236 786; x_wconf 83' lang='lat' dir='ltr'>praetextu</span> <span class='ocrx_word' id='word_1_50' title='bbox 1255 742 1345 771; x_wconf 92' lang='lat' dir='ltr'>non</span> <span class='ocrx_word' id='word_1_51' title='bbox 1371 730 1468 781; x_wconf 87' lang='lat' dir='ltr'>tam</span> <span class='ocrx_word' id='word_1_52' title='bbox 1491 727 1658 771; x_wconf 90' lang='lat' dir='ltr'>iudices</span> <span class='ocrx_word' id='word_1_53' title='bbox 1684 741 1819 784; x_wconf 88' lang='lat' dir='ltr'>quam</span> 
     </span>
     <span class='ocr_line' id='line_1_9' title="bbox 347 796 1820 856; baseline -0.001 -13"><span class='ocrx_word' id='word_1_54' title='bbox 347 800 611 843; x_wconf 91' lang='lat' dir='ltr'>iudiciorum</span> <span class='ocrx_word' id='word_1_55' title='bbox 641 813 871 856; x_wconf 80' lang='lat' dir='ltr'>caupones,</span> <span class='ocrx_word' id='word_1_56' title='bbox 901 799 978 855; x_wconf 92' lang='lat' dir='ltr'>qui</span> <span class='ocrx_word' id='word_1_57' title='bbox 1012 798 1258 854; x_wconf 73' lang='lat' dir='ltr'>nequitiam</span> <span class='ocrx_word' id='word_1_58' title='bbox 1288 812 1414 840; x_wconf 89' lang='lat' dir='ltr'>suam</span> <span class='ocrx_word' id='word_1_59' title='bbox 1444 797 1631 840; x_wconf 86' lang='lat' dir='ltr'>honesta</span> <span class='ocrx_word' id='word_1_60' title='bbox 1659 796 1820 841; x_wconf 84' lang='lat' dir='ltr'>uolunt</span> 
     </span>
     <span class='ocr_line' id='line_1_10' title="bbox 347 866 1818 927; baseline -0.003 -15"><span class='ocrx_word' id='word_1_61' title='bbox 347 869 532 927; x_wconf 76' lang='lat' dir='ltr'>palliare</span> <span class='ocrx_word' id='word_1_62' title='bbox 552 869 741 919; x_wconf 86' lang='lat' dir='ltr'>licentia,</span> <span class='ocrx_word' id='word_1_63' title='bbox 761 868 1044 925; x_wconf 88' lang='lat' dir='ltr'>iniquitatem</span> <span class='ocrx_word' id='word_1_64' title='bbox 1072 882 1198 910; x_wconf 87' lang='lat' dir='ltr'>suam</span> <span class='ocrx_word' id='word_1_65' title='bbox 1225 866 1419 910; x_wconf 89' lang='lat' dir='ltr'>colorare</span> <span class='ocrx_word' id='word_1_66' title='bbox 1445 866 1666 916; x_wconf 88' lang='lat' dir='ltr'>nituntur,</span> <span class='ocrx_word' id='word_1_67' title='bbox 1686 880 1818 922; x_wconf 84' lang='lat' dir='ltr'>quae-</span> 
     </span>
     <span class='ocr_line' id='line_1_11' title="bbox 348 936 1882 994; baseline -0.004 -13"><span class='ocrx_word' id='word_1_68' title='bbox 348 942 496 982; x_wconf 89' lang='lat' dir='ltr'>rentes</span> <span class='ocrx_word' id='word_1_69' title='bbox 516 938 682 982; x_wconf 90' lang='lat' dir='ltr'>scilicet</span> <span class='ocrx_word' id='word_1_70' title='bbox 708 938 859 994; x_wconf 83' lang='lat' dir='ltr'>aliqua</span> <span class='ocrx_word' id='word_1_71' title='bbox 885 937 1182 980; x_wconf 88' lang='lat' dir='ltr'>emolumenta</span> <span class='ocrx_word' id='word_1_72' title='bbox 1208 936 1503 994; x_wconf 88' lang='lat' dir='ltr'>negotiorum,</span> <span class='ocrx_word' id='word_1_73' title='bbox 1522 949 1710 992; x_wconf 89' lang='lat' dir='ltr'>quorum</span> <span class='ocrx_word' id='word_1_74' title='bbox 1737 949 1817 992; x_wconf 87' lang='lat' dir='ltr'>pro</span> <span class='ocrx_word' id='word_1_75' title='bbox 1839 951 1882 976; x_wconf 86' lang='lat'>10</span> 
     </span>
     <span class='ocr_line' id='line_1_12' title="bbox 348 1003 1819 1065; baseline -0.003 -14"><span class='ocrx_word' id='word_1_76' title='bbox 348 1011 476 1065; x_wconf 87' lang='lat' dir='ltr'>parte</span> <span class='ocrx_word' id='word_1_77' title='bbox 495 1022 630 1050; x_wconf 90' lang='lat' dir='ltr'>onera</span> <span class='ocrx_word' id='word_1_78' title='bbox 656 1009 850 1064; x_wconf 87' lang='lat' dir='ltr'>portant.</span> <span class='ocrx_word' id='word_1_79' title='bbox 908 1006 1002 1049; x_wconf 89' lang='lat' dir='ltr'>Aut</span> <span class='ocrx_word' id='word_1_80' title='bbox 1027 1006 1065 1048; x_wconf 91' lang='lat' dir='ltr'>si</span> <span class='ocrx_word' id='word_1_81' title='bbox 1094 1005 1441 1048; x_wconf 89' lang='lat' dir='ltr'>emolumentum</span> <span class='ocrx_word' id='word_1_82' title='bbox 1469 1019 1561 1047; x_wconf 89' lang='lat' dir='ltr'>esse</span> <span class='ocrx_word' id='word_1_83' title='bbox 1588 1019 1677 1047; x_wconf 91' lang='lat' dir='ltr'>non</span> <span class='ocrx_word' id='word_1_84' title='bbox 1703 1003 1819 1055; x_wconf 90' lang='lat' dir='ltr'>licet,</span> 
     </span>
     <span class='ocr_line' id='line_1_13' title="bbox 348 1073 1820 1133; baseline -0.003 -13"><span class='ocrx_word' id='word_1_85' title='bbox 348 1077 409 1120; x_wconf 89' lang='lat' dir='ltr'>sit</span> <span class='ocrx_word' id='word_1_86' title='bbox 457 1077 614 1120; x_wconf 85' lang='lat' dir='ltr'>saltem</span> <span class='ocrx_word' id='word_1_87' title='bbox 654 1076 952 1133; x_wconf 79' lang='lat' dir='ltr'>compensatio</span> <span class='ocrx_word' id='word_1_88' title='bbox 990 1078 1249 1132; x_wconf 89' lang='lat' dir='ltr'>sumptuum</span> <span class='ocrx_word' id='word_1_89' title='bbox 1293 1077 1340 1118; x_wconf 88' lang='lat' dir='ltr'>et</span> <span class='ocrx_word' id='word_1_90' title='bbox 1378 1074 1682 1132; x_wconf 89' lang='lat' dir='ltr'>dampnorum.</span> <span class='ocrx_word' id='word_1_91' title='bbox 1756 1073 1820 1116; x_wconf 88' lang='lat' dir='ltr'>Hi</span> 
     </span>
     <span class='ocr_line' id='line_1_14' title="bbox 348 1142 1817 1198; baseline -0.002 -9"><span class='ocrx_word' id='word_1_92' title='bbox 348 1150 499 1189; x_wconf 87' lang='lat' dir='ltr'>tamen</span> <span class='ocrx_word' id='word_1_93' title='bbox 520 1145 609 1188; x_wconf 89' lang='lat' dir='ltr'>rari</span> <span class='ocrx_word' id='word_1_94' title='bbox 630 1148 747 1188; x_wconf 85' lang='lat' dir='ltr'>sunt.</span> <span class='ocrx_word' id='word_1_95' title='bbox 807 1145 918 1198; x_wconf 84' lang='lat' dir='ltr'>Quis</span> <span class='ocrx_word' id='word_1_96' title='bbox 938 1145 1055 1188; x_wconf 92' lang='lat' dir='ltr'>enim</span> <span class='ocrx_word' id='word_1_97' title='bbox 1086 1144 1304 1187; x_wconf 89' lang='lat' dir='ltr'>erubescit</span> <span class='ocrx_word' id='word_1_98' title='bbox 1333 1143 1503 1187; x_wconf 89' lang='lat' dir='ltr'>dicere:</span> <span class='ocrx_word' id='word_1_99' title='bbox 1534 1142 1654 1196; x_wconf 83' lang='lat' dir='ltr'>Quid</span> <span class='ocrx_word' id='word_1_100' title='bbox 1682 1142 1817 1186; x_wconf 86' lang='lat' dir='ltr'>michi</span> 
     </span>
     <span class='ocr_line' id='line_1_15' title="bbox 349 1213 1819 1270; baseline -0.003 -11"><span class='ocrx_word' id='word_1_101' title='bbox 349 1216 476 1259; x_wconf 84' lang='lat' dir='ltr'>dabis</span> <span class='ocrx_word' id='word_1_102' title='bbox 510 1218 563 1258; x_wconf 88' lang='lat' dir='ltr'>ut</span> <span class='ocrx_word' id='word_1_103' title='bbox 596 1215 680 1258; x_wconf 90' lang='lat' dir='ltr'>tibi</span> <span class='ocrx_word' id='word_1_104' title='bbox 715 1214 934 1258; x_wconf 90' lang='lat' dir='ltr'>iustitiam</span> <span class='ocrx_word' id='word_1_105' title='bbox 965 1214 1157 1258; x_wconf 60' lang='lat' dir='ltr'>faciam?</span> <span class='ocrx_word' id='word_1_106' title='bbox 1216 1213 1334 1256; x_wconf 84' lang='lat' dir='ltr'>Nam</span> <span class='ocrx_word' id='word_1_107' title='bbox 1365 1216 1418 1256; x_wconf 93' lang='lat' dir='ltr'>ut</span> <span class='ocrx_word' id='word_1_108' title='bbox 1451 1227 1533 1270; x_wconf 91' lang='lat' dir='ltr'>pro</span> <span class='ocrx_word' id='word_1_109' title='bbox 1568 1213 1712 1270; x_wconf 89' lang='lat' dir='ltr'>seipsa</span> <span class='ocrx_word' id='word_1_110' title='bbox 1743 1227 1819 1256; x_wconf 85' lang='lat' dir='ltr'>ex-</span> 
     </span>
     <span class='ocr_line' id='line_1_16' title="bbox 350 1282 1942 1341; baseline -0.002 -14"><span class='ocrx_word' id='word_1_111' title='bbox 350 1285 570 1335; x_wconf 87' lang='lat' dir='ltr'>hibeatur,</span> <span class='ocrx_word' id='word_1_112' title='bbox 591 1284 760 1327; x_wconf 85' lang='lat' dir='ltr'>frustra</span> <span class='ocrx_word' id='word_1_113' title='bbox 781 1287 997 1341; x_wconf 83' lang='lat' dir='ltr'>expectas.</span> <span class='ocrx_word' id='word_1_114' title='bbox 1058 1283 1218 1326; x_wconf 92' lang='lat' dir='ltr'>Nonne</span> <span class='ocrx_word' id='word_1_115' title='bbox 1239 1283 1381 1326; x_wconf 89' lang='lat' dir='ltr'>simile</span> <span class='ocrx_word' id='word_1_116' title='bbox 1402 1286 1470 1326; x_wconf 90' lang='lat' dir='ltr'>est</span> <span class='ocrx_word' id='word_1_117' title='bbox 1488 1297 1539 1326; x_wconf 90' lang='lat' dir='ltr'>ac</span> <span class='ocrx_word' id='word_1_118' title='bbox 1559 1282 1597 1326; x_wconf 90' lang='lat' dir='ltr'>si</span> <span class='ocrx_word' id='word_1_119' title='bbox 1617 1282 1817 1326; x_wconf 83' lang='lat' dir='ltr'>dicatur:</span> <span class='ocrx_word' id='word_1_120' title='bbox 1839 1301 1879 1335; x_wconf 85' lang='lat'>15</span> <span class='ocrx_word' id='word_1_121' title='bbox 1934 1303 1942 1307; x_wconf 93' lang='lat'><em>-</em></span> 
     </span>
     <span class='ocr_line' id='line_1_17' title="bbox 355 1350 1819 1410; baseline -0.002 -13"><span class='ocrx_word' id='word_1_122' title='bbox 355 1354 474 1408; x_wconf 83' lang='lat' dir='ltr'>Quid</span> <span class='ocrx_word' id='word_1_123' title='bbox 514 1353 647 1397; x_wconf 87' lang='lat' dir='ltr'>michi</span> <span class='ocrx_word' id='word_1_124' title='bbox 681 1353 820 1396; x_wconf 91' lang='lat' dir='ltr'>uultis</span> <span class='ocrx_word' id='word_1_125' title='bbox 851 1352 957 1396; x_wconf 86' lang='lat' dir='ltr'>dare</span> <span class='ocrx_word' id='word_1_126' title='bbox 996 1356 1049 1396; x_wconf 91' lang='lat' dir='ltr'>ut</span> <span class='ocrx_word' id='word_1_127' title='bbox 1087 1367 1157 1396; x_wconf 90' lang='lat' dir='ltr'>me</span> <span class='ocrx_word' id='word_1_128' title='bbox 1195 1352 1342 1410; x_wconf 90' lang='lat' dir='ltr'>ipsum</span> <span class='ocrx_word' id='word_1_129' title='bbox 1376 1352 1603 1410; x_wconf 87' lang='lat' dir='ltr'>abnegem,</span> <span class='ocrx_word' id='word_1_130' title='bbox 1627 1350 1819 1395; x_wconf 89' lang='lat' dir='ltr'>officium</span> 
     </span>
    </p>

    <p class='ocr_par' dir='ltr' id='par_1_5' title="bbox 308 1422 1129 1482">
     <span class='ocr_line' id='line_1_18' title="bbox 308 1422 1129 1482; baseline -0.001 -15"><span class='ocrx_word' id='word_1_131' title='bbox 308 1437 337 1477; x_wconf 75' lang='grc' dir='ltr'>(ι</span> <span class='ocrx_word' id='word_1_132' title='bbox 353 1424 548 1482; x_wconf 87' lang='lat' dir='ltr'>prodam,</span> <span class='ocrx_word' id='word_1_133' title='bbox 578 1426 624 1466; x_wconf 90' lang='lat' dir='ltr'>et</span> <span class='ocrx_word' id='word_1_134' title='bbox 651 1422 879 1465; x_wconf 89' lang='lat' dir='ltr'>dominum</span> <span class='ocrx_word' id='word_1_135' title='bbox 908 1422 1129 1466; x_wconf 63' lang='lat' dir='ltr'>uendam‘i</span> 
     </span>
    </p>
   </div>
   <div class='ocr_carea' id='block_1_5' title="bbox 353 1573 1819 1704">
    <p class='ocr_par' dir='ltr' id='par_1_6' title="bbox 353 1573 1819 1704">
     <span class='ocr_line' id='line_1_19' title="bbox 353 1573 1819 1634; baseline -0.002 -13"><span class='ocrx_word' id='word_1_136' title='bbox 353 1576 458 1634; x_wconf 82' lang='lat' dir='ltr'>Cap.</span> <span class='ocrx_word' id='word_1_137' title='bbox 484 1587 548 1631; x_wconf 89' lang='lat'>17.</span> <span class='ocrx_word' id='word_1_138' title='bbox 598 1575 855 1619; x_wconf 76' lang='lat' dir='ltr'>Pecuniam</span> <span class='ocrx_word' id='word_1_139' title='bbox 884 1574 1291 1632; x_wconf 62' lang='lat' dir='ltr'>contempnendam</span> <span class='ocrx_word' id='word_1_140' title='bbox 1320 1588 1403 1618; x_wconf 82' lang='lat' dir='ltr'>esse</span> <span class='ocrx_word' id='word_1_141' title='bbox 1436 1587 1525 1631; x_wconf 71' lang='lat' dir='ltr'>pro</span> <span class='ocrx_word' id='word_1_142' title='bbox 1554 1573 1786 1631; x_wconf 75' lang='lat' dir='ltr'>sapientia</span> <span class='ocrx_word' id='word_1_143' title='bbox 1799 1591 1819 1626; x_wconf 89' lang='lat'><em>;</em></span> 
     </span>
     <span class='ocr_line' id='line_1_20' title="bbox 410 1642 1771 1704; baseline -0.002 -14"><span class='ocrx_word' id='word_1_144' title='bbox 410 1646 531 1704; x_wconf 78' lang='lat' dir='ltr'>quod</span> <span class='ocrx_word' id='word_1_145' title='bbox 550 1646 688 1689; x_wconf 63' lang='lat' dir='ltr'>dmm</span> <span class='ocrx_word' id='word_1_146' title='bbox 703 1648 910 1689; x_wconf 80' lang='lat' dir='ltr'>ueterum</span> <span class='ocrx_word' id='word_1_147' title='bbox 923 1643 1294 1701; x_wconf 76' lang='lat' dir='ltr'>philosophorum</span> <span class='ocrx_word' id='word_1_148' title='bbox 1311 1643 1534 1701; x_wconf 78' lang='lat' dir='ltr'>probatur</span> <span class='ocrx_word' id='word_1_149' title='bbox 1548 1642 1771 1700; x_wconf 72' lang='lat' dir='ltr'>eoeemplis.</span> 
     </span>
    </p>
   </div>
   <div class='ocr_carea' id='block_1_6' title="bbox 351 1746 1884 2015">
    <p class='ocr_par' dir='ltr' id='par_1_7' title="bbox 351 1746 1884 2015">
     <span class='ocr_line' id='line_1_21' title="bbox 411 1746 1884 1807; baseline -0.001 -16"><span class='ocrx_word' id='word_1_150' title='bbox 411 1749 643 1807; x_wconf 87' lang='lat' dir='ltr'>Leguntur</span> <span class='ocrx_word' id='word_1_151' title='bbox 691 1748 871 1806; x_wconf 89' lang='lat' dir='ltr'>plurimi</span> <span class='ocrx_word' id='word_1_152' title='bbox 921 1747 1282 1805; x_wconf 89' lang='lat' dir='ltr'>philosophorum</span> <span class='ocrx_word' id='word_1_153' title='bbox 1331 1747 1515 1791; x_wconf 89' lang='lat' dir='ltr'>diuitias</span> <span class='ocrx_word' id='word_1_154' title='bbox 1554 1761 1644 1790; x_wconf 90' lang='lat' dir='ltr'>non</span> <span class='ocrx_word' id='word_1_155' title='bbox 1690 1746 1821 1790; x_wconf 90' lang='lat' dir='ltr'>modo</span> <span class='ocrx_word' id='word_1_156' title='bbox 1841 1763 1884 1789; x_wconf 80' lang='lat'>20</span> 
     </span>
     <span class='ocr_line' id='line_1_22' title="bbox 352 1815 1822 1875; baseline -0.003 -13"><span class='ocrx_word' id='word_1_157' title='bbox 352 1818 665 1875; x_wconf 82' lang='lat' dir='ltr'>contempsisse</span> <span class='ocrx_word' id='word_1_158' title='bbox 694 1817 770 1861; x_wconf 90' lang='lat' dir='ltr'>sed</span> <span class='ocrx_word' id='word_1_159' title='bbox 797 1817 1006 1860; x_wconf 89' lang='lat' dir='ltr'>abiecisse</span> <span class='ocrx_word' id='word_1_160' title='bbox 1033 1817 1159 1874; x_wconf 80' lang='lat' dir='ltr'>quasi</span> <span class='ocrx_word' id='word_1_161' title='bbox 1187 1817 1552 1875; x_wconf 87' lang='lat' dir='ltr'>impedimentum</span> <span class='ocrx_word' id='word_1_162' title='bbox 1579 1815 1822 1874; x_wconf 76' lang='lat' dir='ltr'>sapientiae</span> 
     </span>
     <span class='ocr_line' id='line_1_23' title="bbox 351 1885 1823 1943; baseline -0.002 -12"><span class='ocrx_word' id='word_1_163' title='bbox 351 1891 398 1931; x_wconf 90' lang='lat' dir='ltr'>et</span> <span class='ocrx_word' id='word_1_164' title='bbox 431 1888 625 1931; x_wconf 83' lang='lat' dir='ltr'>uirtutis.</span> <span class='ocrx_word' id='word_1_165' title='bbox 700 1886 823 1930; x_wconf 89' lang='lat' dir='ltr'>Fecit</span> <span class='ocrx_word' id='word_1_166' title='bbox 853 1886 935 1930; x_wconf 92' lang='lat' dir='ltr'>hoc</span> <span class='ocrx_word' id='word_1_167' title='bbox 978 1886 1192 1937; x_wconf 86' lang='lat' dir='ltr'>Socrates,</span> <span class='ocrx_word' id='word_1_168' title='bbox 1225 1901 1355 1943; x_wconf 90' lang='lat' dir='ltr'>quem</span> <span class='ocrx_word' id='word_1_169' title='bbox 1395 1886 1592 1929; x_wconf 91' lang='lat' dir='ltr'>omnium</span> <span class='ocrx_word' id='word_1_170' title='bbox 1631 1885 1823 1943; x_wconf 89' lang='lat' dir='ltr'>philoso-</span> 
     </span>
     <span class='ocr_line' id='line_1_24' title="bbox 351 1954 1823 2015; baseline -0.003 -14"><span class='ocrx_word' id='word_1_171' title='bbox 351 1957 541 2015; x_wconf 90' lang='lat' dir='ltr'>phorum</span> <span class='ocrx_word' id='word_1_172' title='bbox 562 1961 706 2001; x_wconf 87' lang='lat' dir='ltr'>sectae</span> <span class='ocrx_word' id='word_1_173' title='bbox 726 1958 851 2014; x_wconf 85' lang='lat' dir='ltr'>quasi</span> <span class='ocrx_word' id='word_1_174' title='bbox 879 1956 1140 2015; x_wconf 77' lang='lat' dir='ltr'>prudentiae</span> <span class='ocrx_word' id='word_1_175' title='bbox 1161 1959 1206 2000; x_wconf 85' lang='lat' dir='ltr'>et</span> <span class='ocrx_word' id='word_1_176' title='bbox 1230 1955 1435 2000; x_wconf 82' lang='lat' dir='ltr'>ueritatis</span> <span class='ocrx_word' id='word_1_177' title='bbox 1452 1955 1632 1999; x_wconf 91' lang='lat' dir='ltr'>unicum</span> <span class='ocrx_word' id='word_1_178' title='bbox 1652 1954 1823 1998; x_wconf 85' lang='lat' dir='ltr'>fontem</span> 
     </span>
    </p>
   </div>
   <div class='ocr_carea' id='block_1_7' title="bbox 357 2091 1821 2191">
    <p class='ocr_par' dir='ltr' id='par_1_8' title="bbox 357 2091 1821 2191">
     <span class='ocr_line' id='line_1_25' title="bbox 357 2091 1821 2142; baseline -0.003 -8"><span class='ocrx_word' id='word_1_179' title='bbox 357 2098 400 2134; x_wconf 85' lang='lat'>16</span> <span class='ocrx_word' id='word_1_180' title='bbox 425 2095 542 2133; x_wconf 77' lang='lat' dir='ltr'>uultis</span> <span class='ocrx_word' id='word_1_181' title='bbox 561 2095 677 2132; x_wconf 85' lang='lat' dir='ltr'>michi</span> <span class='ocrx_word' id='word_1_182' title='bbox 695 2095 735 2131; x_wconf 83' lang='lat' dir='ltr'>M</span> <span class='ocrx_word' id='word_1_183' title='bbox 896 2096 938 2132; x_wconf 88' lang='lat'>18</span> <span class='ocrx_word' id='word_1_184' title='bbox 965 2093 1298 2142; x_wconf 76' lang='lat' dir='ltr'>contemplandam</span> <span class='ocrx_word' id='word_1_185' title='bbox 1315 2092 1438 2130; x_wconf 84' lang='lat' dir='ltr'>C¹BA¹</span> <span class='ocrx_word' id='word_1_186' title='bbox 1551 2091 1637 2140; x_wconf 83' lang='lat' dir='ltr'>pro]</span> <span class='ocrx_word' id='word_1_187' title='bbox 1653 2103 1746 2140; x_wconf 77' lang='lat' dir='ltr'>prae</span> <span class='ocrx_word' id='word_1_188' title='bbox 1761 2091 1821 2130; x_wconf 82' lang='lat' dir='ltr'>As</span> 
     </span>
     <span class='ocr_line' id='line_1_26' title="bbox 357 2140 1452 2191; baseline -0.005 -9"><span class='ocrx_word' id='word_1_189' title='bbox 357 2155 401 2191; x_wconf 87' lang='lat'>19</span> <span class='ocrx_word' id='word_1_190' title='bbox 425 2143 747 2191; x_wconf 83' lang='lat' dir='ltr'>phylosophorum</span> <span class='ocrx_word' id='word_1_191' title='bbox 764 2142 803 2179; x_wconf 83' lang='lat' dir='ltr'>M</span> <span class='ocrx_word' id='word_1_192' title='bbox 948 2153 994 2179; x_wconf 89' lang='lat'>20</span> <span class='ocrx_word' id='word_1_193' title='bbox 1017 2154 1094 2179; x_wconf 87' lang='lat' dir='ltr'>non</span> <span class='ocrx_word' id='word_1_194' title='bbox 1110 2142 1221 2179; x_wconf 87' lang='lat' dir='ltr'>modo</span> <span class='ocrx_word' id='word_1_195' title='bbox 1238 2140 1395 2178; x_wconf 80' lang='lat' dir='ltr'>diuitias</span> <span class='ocrx_word' id='word_1_196' title='bbox 1412 2140 1452 2177; x_wconf 87' lang='grc' dir='ltr'>Μ</span> 
     </span>
    </p>
   </div>
   <div class='ocr_carea' id='block_1_8' title="bbox 354 2264 1824 2458">
    <p class='ocr_par' dir='ltr' id='par_1_9' title="bbox 354 2264 1824 2458">
     <span class='ocr_line' id='line_1_27' title="bbox 407 2264 1823 2315; baseline -0.004 -8"><span class='ocrx_word' id='word_1_197' title='bbox 407 2280 437 2314; x_wconf 82' lang='lat'>1,</span> <span class='ocrx_word' id='word_1_198' title='bbox 455 2281 475 2307; x_wconf 90' lang='lat'>2</span> <span class='ocrx_word' id='word_1_199' title='bbox 501 2272 565 2306; x_wconf 72' lang='lat' dir='ltr'>ubo·</span> <span class='ocrx_word' id='word_1_200' title='bbox 587 2283 629 2306; x_wconf 82' lang='lat' dir='ltr'>ue</span> <span class='ocrx_word' id='word_1_201' title='bbox 647 2271 805 2307; x_wconf 77' lang='lat' dir='ltr'>locorum</span> <span class='ocrx_word' id='word_1_202' title='bbox 820 2270 944 2315; x_wconf 75' lang='lat' dir='ltr'>offerri</span> <span class='ocrx_word' id='word_1_203' title='bbox 959 2270 1057 2305; x_wconf 74' lang='lat' dir='ltr'>debet</span> <span class='ocrx_word' id='word_1_204' title='bbox 1074 2270 1172 2305; x_wconf 86' lang='lat' dir='ltr'>etc.:</span> <span class='ocrx_word' id='word_1_205' title='bbox 1198 2266 1368 2314; x_wconf 81' lang='lat' dir='ltr'>Respicit</span> <span class='ocrx_word' id='word_1_206' title='bbox 1391 2266 1439 2303; x_wconf 83' lang='lat' dir='ltr'>ad</span> <span class='ocrx_word' id='word_1_207' title='bbox 1465 2265 1555 2303; x_wconf 74' lang='lat' dir='ltr'>Mal.</span> <span class='ocrx_word' id='word_1_208' title='bbox 1578 2264 1602 2301; x_wconf 89' lang='grc' dir='ltr'>ἰ.</span> <span class='ocrx_word' id='word_1_209' title='bbox 1622 2276 1675 2310; x_wconf 86' lang='lat'>10,</span> <span class='ocrx_word' id='word_1_210' title='bbox 1699 2276 1736 2302; x_wconf 82' lang='lat'>11</span> <span class='ocrx_word' id='word_1_211' title='bbox 1757 2264 1823 2302; x_wconf 90' lang='lat' dir='ltr'>ubi</span> 
     </span>
     <span class='ocr_line' id='line_1_28' title="bbox 355 2315 1824 2355; baseline -0.003 -1"><span class='ocrx_word' id='word_1_212' title='bbox 355 2318 402 2355; x_wconf 75' lang='lat' dir='ltr'>nd</span> <span class='ocrx_word' id='word_1_213' title='bbox 422 2317 537 2354; x_wconf 81' lang='lat' dir='ltr'>lsrael</span> <span class='ocrx_word' id='word_1_214' title='bbox 589 2317 658 2354; x_wconf 86' lang='lat' dir='ltr'>icit</span> <span class='ocrx_word' id='word_1_215' title='bbox 684 2317 782 2354; x_wconf 80' lang='lat' dir='ltr'>Deus</span> <span class='ocrx_word' id='word_1_216' title='bbox 806 2318 887 2353; x_wconf 83' lang='lat' dir='ltr'>Non</span> <span class='ocrx_word' id='word_1_217' title='bbox 913 2322 962 2352; x_wconf 75' lang='lat' dir='ltr'>est</span> <span class='ocrx_word' id='word_1_218' title='bbox 987 2317 1079 2352; x_wconf 79' lang='lat' dir='ltr'>mihi</span> <span class='ocrx_word' id='word_1_219' title='bbox 1102 2317 1272 2353; x_wconf 76' lang='lat' dir='ltr'>uoluntas</span> <span class='ocrx_word' id='word_1_220' title='bbox 1297 2317 1337 2351; x_wconf 76' lang='lat' dir='ltr'>iu</span> <span class='ocrx_word' id='word_1_221' title='bbox 1361 2315 1462 2350; x_wconf 80' lang='lat' dir='ltr'>uobis</span> <span class='ocrx_word' id='word_1_222' title='bbox 1478 2341 1487 2350; x_wconf 90' lang='lat'><strong>.</strong></span> <span class='ocrx_word' id='word_1_223' title='bbox 1502 2339 1533 2350; x_wconf 90' lang='lat'>..</span> <span class='ocrx_word' id='word_1_224' title='bbox 1548 2318 1580 2350; x_wconf 81' lang='lat' dir='ltr'>et</span> <span class='ocrx_word' id='word_1_225' title='bbox 1602 2325 1735 2349; x_wconf 81' lang='lat' dir='ltr'>munus</span> <span class='ocrx_word' id='word_1_226' title='bbox 1750 2324 1824 2350; x_wconf 76' lang='lat' dir='ltr'>uon</span> 
     </span>
     <span class='ocr_line' id='line_1_29' title="bbox 354 2362 1824 2412; baseline -0.003 -10"><span class='ocrx_word' id='word_1_227' title='bbox 354 2367 552 2412; x_wconf 82' lang='lat' dir='ltr'>suscipiam</span> <span class='ocrx_word' id='word_1_228' title='bbox 584 2367 626 2402; x_wconf 79' lang='lat' dir='ltr'>de</span> <span class='ocrx_word' id='word_1_229' title='bbox 659 2377 772 2401; x_wconf 75' lang='lat' dir='ltr'>mnu</span> <span class='ocrx_word' id='word_1_230' title='bbox 804 2370 936 2401; x_wconf 76' lang='lat' dir='ltr'>uestra.</span> <span class='ocrx_word' id='word_1_231' title='bbox 994 2366 1052 2400; x_wconf 78' lang='lat' dir='ltr'>Ab</span> <span class='ocrx_word' id='word_1_232' title='bbox 1085 2369 1165 2399; x_wconf 75' lang='lat' dir='ltr'>ortu</span> <span class='ocrx_word' id='word_1_233' title='bbox 1197 2365 1294 2398; x_wconf 77' lang='lat' dir='ltr'>enim</span> <span class='ocrx_word' id='word_1_234' title='bbox 1325 2363 1411 2398; x_wconf 82' lang='lat' dir='ltr'>solis</span> <span class='ocrx_word' id='word_1_235' title='bbox 1438 2372 1549 2408; x_wconf 77' lang='lat' dir='ltr'>usque</span> <span class='ocrx_word' id='word_1_236' title='bbox 1580 2362 1629 2397; x_wconf 82' lang='lat' dir='ltr'>ad</span> <span class='ocrx_word' id='word_1_237' title='bbox 1660 2372 1824 2398; x_wconf 73' lang='lat' dir='ltr'>occasum</span> 
     </span>
     <span class='ocr_line' id='line_1_30' title="bbox 355 2410 1824 2458; baseline -0.003 -9"><span class='ocrx_word' id='word_1_238' title='bbox 355 2425 528 2458; x_wconf 74' lang='lat' dir='ltr'>maynum</span> <span class='ocrx_word' id='word_1_239' title='bbox 554 2419 603 2449; x_wconf 73' lang='lat' dir='ltr'>est</span> <span class='ocrx_word' id='word_1_240' title='bbox 634 2424 762 2449; x_wconf 77' lang='lat' dir='ltr'>nomen</span> <span class='ocrx_word' id='word_1_241' title='bbox 790 2424 908 2447; x_wconf 73' lang='lat' dir='ltr'>meum</span> <span class='ocrx_word' id='word_1_242' title='bbox 936 2413 977 2447; x_wconf 79' lang='lat' dir='ltr'>in</span> <span class='ocrx_word' id='word_1_243' title='bbox 1003 2413 1167 2457; x_wconf 75' lang='lat' dir='ltr'>yentibus</span> <span class='ocrx_word' id='word_1_244' title='bbox 1191 2416 1223 2446; x_wconf 79' lang='lat' dir='ltr'>et</span> <span class='ocrx_word' id='word_1_245' title='bbox 1249 2412 1289 2445; x_wconf 82' lang='lat' dir='ltr'>in</span> <span class='ocrx_word' id='word_1_246' title='bbox 1315 2411 1415 2446; x_wconf 76' lang='lat' dir='ltr'>omni</span> <span class='ocrx_word' id='word_1_247' title='bbox 1439 2410 1511 2445; x_wconf 88' lang='lat' dir='ltr'>loco</span> <span class='ocrx_word' id='word_1_248' title='bbox 1535 2410 1766 2453; x_wconf 68' lang='lat' dir='ltr'>sacrificatur</span> <span class='ocrx_word' id='word_1_249' title='bbox 1791 2412 1824 2444; x_wconf 75' lang='lat' dir='ltr'>et</span> 
     </span>
    </p>
   </div>
   <div class='ocr_carea' id='block_1_9' title="bbox 354 2455 1824 2610">
    <p class='ocr_par' dir='ltr' id='par_1_10' title="bbox 354 2455 1824 2610">
     <span class='ocr_line' id='line_1_31' title="bbox 354 2455 1824 2514; baseline -0.003 -18"><span class='ocrx_word' id='word_1_250' title='bbox 354 2462 506 2514; x_wconf 72' lang='lat' dir='ltr'>offertur</span> <span class='ocrx_word' id='word_1_251' title='bbox 523 2462 663 2497; x_wconf 57' lang='lat' dir='ltr'>‚nomini</span> <span class='ocrx_word' id='word_1_252' title='bbox 679 2471 753 2496; x_wconf 73' lang='lat' dir='ltr'>meo</span> <span class='ocrx_word' id='word_1_253' title='bbox 769 2461 899 2495; x_wconf 79' lang='lat' dir='ltr'>oblatio</span> <span class='ocrx_word' id='word_1_254' title='bbox 916 2461 1065 2495; x_wconf 82' lang='lat' dir='ltr'>munda.</span> <span class='ocrx_word' id='word_1_255' title='bbox 1209 2468 1229 2504; x_wconf 91' lang='lat'>3</span> <span class='ocrx_word' id='word_1_256' title='bbox 1255 2458 1486 2503; x_wconf 78' lang='lat' dir='ltr'>compositum</span> <span class='ocrx_word' id='word_1_257' title='bbox 1508 2458 1604 2493; x_wconf 88' lang='lat' dir='ltr'>etc.:</span> <span class='ocrx_word' id='word_1_258' title='bbox 1633 2455 1730 2492; x_wconf 80' lang='lat' dir='ltr'>Pers.</span> <span class='ocrx_word' id='word_1_259' title='bbox 1748 2456 1824 2493; x_wconf 74' lang='lat' dir='ltr'>Sat.</span> 
     </span>
     <span class='ocr_line' id='line_1_32' title="bbox 356 2505 1823 2554; baseline -0.003 -10"><span class='ocrx_word' id='word_1_260' title='bbox 356 2507 395 2543; x_wconf 72' lang='lat' dir='ltr'>ix.</span> <span class='ocrx_word' id='word_1_261' title='bbox 417 2517 474 2553; x_wconf 85' lang='lat'>73,</span> <span class='ocrx_word' id='word_1_262' title='bbox 494 2516 550 2552; x_wconf 84' lang='lat'>74.</span> <span class='ocrx_word' id='word_1_263' title='bbox 621 2509 824 2554; x_wconf 71' lang='lat' dir='ltr'>sanctique:</span> <span class='ocrx_word' id='word_1_264' title='bbox 850 2512 990 2543; x_wconf 74' lang='lat' dir='ltr'>sanctos</span> <span class='ocrx_word' id='word_1_265' title='bbox 1013 2519 1055 2541; x_wconf 78' lang='lat' dir='ltr'>ue</span> <span class='ocrx_word' id='word_1_266' title='bbox 1073 2505 1174 2542; x_wconf 81' lang='lat' dir='ltr'>Pers.</span> <span class='ocrx_word' id='word_1_267' title='bbox 1303 2514 1321 2552; x_wconf 87' lang='grc'><strong><em>5</em></strong></span> <span class='ocrx_word' id='word_1_268' title='bbox 1348 2505 1431 2539; x_wconf 79' lang='lat' dir='ltr'>Veri</span> <span class='ocrx_word' id='word_1_269' title='bbox 1447 2505 1654 2540; x_wconf 71' lang='lat' dir='ltr'>adoratores</span> <span class='ocrx_word' id='word_1_270' title='bbox 1669 2505 1763 2540; x_wconf 88' lang='lat' dir='ltr'>etc.:</span> <span class='ocrx_word' id='word_1_271' title='bbox 1790 2514 1823 2540; x_wconf 82' lang='lat' dir='ltr'>v.</span> 
     </span>
     <span class='ocr_line' id='line_1_33' title="bbox 359 2549 1822 2610; baseline -0.003 -19"><span class='ocrx_word' id='word_1_272' title='bbox 359 2555 487 2591; x_wconf 76' lang='lat' dir='ltr'>loann.</span> <span class='ocrx_word' id='word_1_273' title='bbox 507 2555 553 2592; x_wconf 86' lang='lat' dir='ltr'>iv.</span> <span class='ocrx_word' id='word_1_274' title='bbox 574 2566 631 2610; x_wconf 73' lang='lat'>²3·</span> <span class='ocrx_word' id='word_1_275' title='bbox 727 2557 750 2591; x_wconf 91' lang='lat'>6</span> <span class='ocrx_word' id='word_1_276' title='bbox 774 2566 875 2590; x_wconf 70' lang='lat' dir='ltr'>eum:</span> <span class='ocrx_word' id='word_1_277' title='bbox 903 2567 951 2590; x_wconf 77' lang='lat' dir='ltr'>sc.</span> <span class='ocrx_word' id='word_1_278' title='bbox 1001 2552 1200 2589; x_wconf 76' lang='lat' dir='ltr'>amuelem.</span> <span class='ocrx_word' id='word_1_279' title='bbox 1297 2562 1341 2588; x_wconf 85' lang='lat'>22</span> <span class='ocrx_word' id='word_1_280' title='bbox 1367 2555 1550 2587; x_wconf 75' lang='lat' dir='ltr'>Socrates:</span> <span class='ocrx_word' id='word_1_281' title='bbox 1578 2550 1733 2588; x_wconf 89' lang='lat' dir='ltr'>Hieron.</span> <span class='ocrx_word' id='word_1_282' title='bbox 1751 2549 1822 2587; x_wconf 86' lang='lat' dir='ltr'>loc.</span> 
     </span>
    </p>
   </div>
   <div class='ocr_carea' id='block_1_10' title="bbox 356 2599 1825 2844">
    <p class='ocr_par' dir='ltr' id='par_1_11' title="bbox 356 2599 1825 2844">
     <span class='ocr_line' id='line_1_34' title="bbox 358 2599 1824 2647; baseline -0.003 -8"><span class='ocrx_word' id='word_1_283' title='bbox 358 2602 459 2639; x_wconf 75' lang='lat' dir='ltr'>infru.</span> <span class='ocrx_word' id='word_1_284' title='bbox 488 2602 554 2640; x_wconf 85' lang='lat' dir='ltr'>cit.</span> <span class='ocrx_word' id='word_1_285' title='bbox 583 2615 636 2639; x_wconf 72' lang='lat' dir='ltr'>mc</span> <span class='ocrx_word' id='word_1_286' title='bbox 663 2602 871 2639; x_wconf 86' lang='lat' dir='ltr'>introducit</span> <span class='ocrx_word' id='word_1_287' title='bbox 887 2612 895 2637; x_wconf 78' lang='lat' dir='ltr'>z</span> <span class='ocrx_word' id='word_1_288' title='bbox 934 2603 1154 2647; x_wconf 61' lang='lat' dir='ltr'>Pythagorae</span> <span class='ocrx_word' id='word_1_289' title='bbox 1182 2602 1339 2636; x_wconf 77' lang='lat' dir='ltr'>Socratis</span> <span class='ocrx_word' id='word_1_290' title='bbox 1363 2599 1592 2635; x_wconf 69' lang='lat' dir='ltr'>Antisthenis</span> <span class='ocrx_word' id='word_1_291' title='bbox 1619 2604 1651 2634; x_wconf 76' lang='lat' dir='ltr'>et</span> <span class='ocrx_word' id='word_1_292' title='bbox 1676 2599 1824 2645; x_wconf 77' lang='lat' dir='ltr'>reliquo-</span> 
     </span>
     <span class='ocr_line' id='line_1_35' title="bbox 358 2644 1822 2696; baseline -0.003 -11"><span class='ocrx_word' id='word_1_293' title='bbox 358 2662 439 2685; x_wconf 85' lang='lat' dir='ltr'>rum</span> <span class='ocrx_word' id='word_1_294' title='bbox 453 2652 707 2695; x_wconf 67' lang='lat' dir='ltr'>smqalitatem</span> <span class='ocrx_word' id='word_1_295' title='bbox 723 2652 891 2696; x_wconf 61' lang='lat' dir='ltr'>restro-em</span> <span class='ocrx_word' id='word_1_296' title='bbox 912 2651 951 2685; x_wconf 80' lang='lat' dir='ltr'>in</span> <span class='ocrx_word' id='word_1_297' title='bbox 969 2650 1212 2694; x_wconf 78' lang='lat' dir='ltr'>confusionem</span> <span class='ocrx_word' id='word_1_298' title='bbox 1236 2652 1394 2683; x_wconf 75' lang='lat' dir='ltr'>nostram</span> <span class='ocrx_word' id='word_1_299' title='bbox 1411 2647 1475 2691; x_wconf 76' lang='lat' dir='ltr'>(sc.</span> <span class='ocrx_word' id='word_1_300' title='bbox 1493 2644 1822 2690; x_wconf 77' lang='lat' dir='ltr'>Christianorum),</span> 
     </span>
     <span class='ocr_line' id='line_1_36' title="bbox 358 2692 1824 2744; baseline -0.003 -12"><span class='ocrx_word' id='word_1_301' title='bbox 358 2700 432 2733; x_wconf 72' lang='lat' dir='ltr'>nisi</span> <span class='ocrx_word' id='word_1_302' title='bbox 448 2703 479 2733; x_wconf 74' lang='lat' dir='ltr'>et</span> <span class='ocrx_word' id='word_1_303' title='bbox 496 2699 639 2743; x_wconf 74' lang='lat' dir='ltr'>lonqum</span> <span class='ocrx_word' id='word_1_304' title='bbox 657 2703 742 2734; x_wconf 77' lang='lat' dir='ltr'>esset</span> <span class='ocrx_word' id='word_1_305' title='bbox 759 2703 790 2733; x_wconf 78' lang='lat' dir='ltr'>et</span> <span class='ocrx_word' id='word_1_306' title='bbox 804 2698 951 2744; x_wconf 83' lang='lat' dir='ltr'>proprii</span> <span class='ocrx_word' id='word_1_307' title='bbox 966 2698 1084 2743; x_wconf 72' lang='lat' dir='ltr'>operis</span> <span class='ocrx_word' id='word_1_308' title='bbox 1100 2697 1274 2741; x_wconf 71' lang='lat' dir='ltr'>indiyeret</span> <span class='ocrx_word' id='word_1_309' title='bbox 1289 2707 1297 2737; x_wconf 69' lang='grc' dir='ltr'>ς</span> <span class='ocrx_word' id='word_1_310' title='bbox 1324 2694 1503 2731; x_wconf 79' lang='lat' dir='ltr'>Ioannem</span> <span class='ocrx_word' id='word_1_311' title='bbox 1522 2694 1648 2730; x_wconf 89' lang='lat' dir='ltr'>tamen</span> <span class='ocrx_word' id='word_1_312' title='bbox 1673 2692 1719 2729; x_wconf 81' lang='lat' dir='ltr'>ad</span> <span class='ocrx_word' id='word_1_313' title='bbox 1746 2702 1824 2728; x_wconf 88' lang='lat' dir='ltr'>rem</span> 
     </span>
     <span class='ocr_line' id='line_1_37' title="bbox 358 2740 1824 2791; baseline -0.004 -9"><span class='ocrx_word' id='word_1_314' title='bbox 358 2744 538 2791; x_wconf 71' lang='lat' dir='ltr'>respicere</span> <span class='ocrx_word' id='word_1_315' title='bbox 552 2757 614 2782; x_wconf 74' lang='lat' dir='ltr'>uus</span> <span class='ocrx_word' id='word_1_316' title='bbox 643 2745 852 2791; x_wconf 67' lang='lat' dir='ltr'>icon-,quam</span> <span class='ocrx_word' id='word_1_317' title='bbox 866 2756 941 2781; x_wconf 88' lang='lat' dir='ltr'>non</span> <span class='ocrx_word' id='word_1_318' title='bbox 953 2744 998 2780; x_wconf 80' lang='lat' dir='ltr'>de</span> <span class='ocrx_word' id='word_1_319' title='bbox 1007 2743 1160 2780; x_wconf 70' lang='lat' dir='ltr'>Socrate</span> <span class='ocrx_word' id='word_1_320' title='bbox 1174 2742 1238 2779; x_wconf 77' lang='lat' dir='ltr'>sed</span> <span class='ocrx_word' id='word_1_321' title='bbox 1250 2742 1295 2779; x_wconf 89' lang='lat' dir='ltr'>de</span> <span class='ocrx_word' id='word_1_322' title='bbox 1303 2740 1701 2778; x_wconf 61' lang='lat' dir='ltr'>Crateteflieronadv.</span> <span class='ocrx_word' id='word_1_323' title='bbox 1709 2742 1824 2777; x_wconf 75' lang='lat' dir='ltr'>Iovin-</span> 
     </span>
     <span class='ocr_line' id='line_1_38' title="bbox 356 2789 1825 2844; baseline -0.003 -16"><span class='ocrx_word' id='word_1_324' title='bbox 356 2791 397 2829; x_wconf 87' lang='lat' dir='ltr'>ii.</span> <span class='ocrx_word' id='word_1_325' title='bbox 412 2803 435 2839; x_wconf 91' lang='lat'>9</span> <span class='ocrx_word' id='word_1_326' title='bbox 447 2795 591 2830; x_wconf 70' lang='lat' dir='ltr'>narrat:</span> <span class='ocrx_word' id='word_1_327' title='bbox 651 2794 719 2829; x_wconf 79' lang='lat' dir='ltr'>nde</span> <span class='ocrx_word' id='word_1_328' title='bbox 729 2798 760 2829; x_wconf 78' lang='grc' dir='ltr'>ει</span> <span class='ocrx_word' id='word_1_329' title='bbox 774 2794 897 2830; x_wconf 72' lang='lat' dir='ltr'>cmm</span> <span class='ocrx_word' id='word_1_330' title='bbox 911 2793 968 2828; x_wconf 75' lang='lat' dir='ltr'>illo</span> <span class='ocrx_word' id='word_1_331' title='bbox 984 2792 1172 2828; x_wconf 76' lang='lat' dir='ltr'>Thebanus</span> <span class='ocrx_word' id='word_1_332' title='bbox 1183 2791 1339 2837; x_wconf 76' lang='lat' dir='ltr'>proiecto</span> <span class='ocrx_word' id='word_1_333' title='bbox 1355 2791 1396 2826; x_wconf 83' lang='lat' dir='ltr'>in</span> <span class='ocrx_word' id='word_1_334' title='bbox 1413 2790 1509 2825; x_wconf 79' lang='lat' dir='ltr'>mari</span> <span class='ocrx_word' id='word_1_335' title='bbox 1521 2799 1595 2826; x_wconf 80' lang='lat' dir='ltr'>non</span> <span class='ocrx_word' id='word_1_336' title='bbox 1609 2798 1727 2844; x_wconf 70' lang='lat' dir='ltr'>paruo</span> <span class='ocrx_word' id='word_1_337' title='bbox 1739 2789 1825 2824; x_wconf 82' lang='lat' dir='ltr'>auri</span> 
     </span>
    </p>
   </div>
   <div class='ocr_carea' id='block_1_11' title="bbox 467 2866 533 2909">
    <p class='ocr_par' dir='ltr' id='par_1_12' title="bbox 467 2866 533 2909">
     <span class='ocr_line' id='line_1_39' title="bbox 467 2866 533 2909; baseline 0.015 -1"><span class='ocrx_word' id='word_1_338' title='bbox 467 2866 533 2909; x_wconf 69' lang='lat'>³⁵⁸</span> 
     </span>
    </p>
   </div>
  </div>
 </body>
</html>
