1994 3190
259 243 344 293 568
366 252 392 283 c
735 239 997 285 IOANNIS
1037 231 1552 284 SARESBERIENSIS
1712 235 1826 298 [ΗΒ.
1841 247 1874 281 v

365 374 391 404 c
407 361 596 420 legitimi
627 361 862 405 absolutos.
922 361 993 404 Ex
1022 375 1111 419 quo
1139 360 1322 418 planum
1352 362 1420 403 est
1448 358 1680 416 principes,
1707 358 1784 416 qui
1811 357 1877 402 eis

408 431 679 475 ordinariam
714 431 1063 475 iurisdictionem
1094 429 1389 479 contulerunt,
1420 428 1531 471 iuris
1565 443 1658 472 esse
1696 428 1876 486 ignaros

407 501 481 544 uel
510 503 847 557 contemptores.
907 499 1007 550 Sed,
1028 499 1238 556 quicquid
1267 498 1322 541 de
1349 497 1511 555 peritia
1539 497 1649 541 iuris
1678 497 1878 540 dicamus

409 573 489 613 aut
518 569 573 613 de
602 569 775 612 uiribus
805 568 1063 626 exequendi,
1094 568 1284 610 iudicem
1314 569 1490 623 oportet
1519 581 1612 610 esse
1640 565 1875 624 religiosis-

409 639 571 682 simum
591 641 637 682 et
661 638 738 695 qui
758 652 888 682 omne
903 638 1106 694 iniquum
1126 639 1268 679 morte
1288 636 1386 692 ipsa
1400 635 1542 693 magis
1554 635 1709 679 oderit.
1759 635 1877 688 Quia
1894 649 1915 686 5

410 723 515 766 ergo
534 707 757 765 praesides
776 706 1046 750 ordinariam
1073 706 1240 748 habent
1264 704 1374 747 iuris
1400 704 1574 748 dicendi
1599 706 1878 762 potestatem,

410 778 607 834 ipsorum
627 778 673 820 et
692 776 889 820 iudicum
909 775 1097 819 aliorum
1119 789 1209 817 una
1229 777 1297 817 est
1323 773 1588 830 speculati03
1615 776 1660 817 et
1680 774 1798 831 quod
1824 773 1879 817 de

411 847 482 889 his
501 846 678 898 dicitur,
698 845 828 889 facile
848 845 905 888 ad
932 845 1120 888 aliorum
1146 843 1506 900 consequentiam
1531 843 1739 886 trahitur.
1799 842 1883 886 Est

411 915 564 972 itaque
587 914 781 972 primum
802 914 919 971 quod
940 929 996 957 ex
1015 913 1276 956 necessitate
1297 912 1426 955 officii
1441 913 1642 970 utrisque
1657 911 1880 963 indicitur,

411 987 465 1027 ut
503 983 703 1027 iustitiae
742 984 789 1026 in
828 983 1034 1027 omnibus
1072 985 1284 1039 pareatur
1324 985 1370 1025 et
1410 982 1547 1025 nichil
1582 996 1734 1025 eorum
1767 995 1882 1039 quae
1900 993 1943 1018 10

413 1052 617 1096 facienda
646 1055 764 1103 sunt,
792 1053 873 1095 fiat
903 1052 961 1095 ad
990 1052 1195 1109 pretium.
1254 1051 1373 1094 Nam
1409 1051 1526 1108 quod
1557 1050 1774 1094 iniustum
1803 1053 1883 1101 est,

413 1136 728 1179 usquequaque
748 1136 838 1165 non
858 1121 962 1166 licet
981 1124 1034 1164 ut
1052 1135 1132 1164 nec
1152 1135 1233 1178 pro
1253 1120 1486 1177 temporali
1505 1120 1603 1164 uita
1621 1120 1718 1163 fieri
1738 1119 1883 1164 liceat.

370 1191 400 1231 d
417 1191 546 1245 Quod
580 1206 687 1235 uero
722 1191 890 1234 iustum
924 1193 1003 1241 est,
1038 1190 1251 1234 mercedis
1280 1190 1539 1233 interuentu
1572 1204 1662 1233 non
1700 1189 1884 1247 indiget,

415 1275 516 1304 cum
535 1275 615 1318 per
634 1275 680 1304 se
700 1260 796 1303 fieri
817 1260 976 1303 debeat
995 1262 1041 1303 et
1056 1259 1259 1316 iniquum
1274 1259 1334 1302 sit
1348 1259 1540 1302 uendere
1554 1258 1672 1316 quod
1687 1258 1885 1304 debetur.

416 1329 645 1372 Iustitiam
676 1343 781 1386 ergo
814 1329 1006 1372 uendere
1041 1328 1255 1385 iniquitas
1286 1326 1377 1380 θείῃ
1418 1328 1698 1381 iniustitiam,
1730 1327 1885 1384 iniqua
1903 1342 1944 1379 15

417 1399 602 1442 insania.
662 1398 784 1442 Haec
803 1398 1020 1455 siquidem
1040 1398 1205 1455 ubique
1231 1398 1467 1455 reprobata
1494 1400 1563 1441 est
1585 1400 1639 1441 ut
1665 1411 1885 1454 nusquam

419 1483 511 1511 esse
531 1467 713 1521 debeat;
743 1467 821 1510 illa
840 1467 1004 1524 ubique
1025 1467 1176 1510 debita
1195 1469 1263 1510 est
1281 1471 1334 1510 ut
1353 1467 1448 1510 sine
1463 1467 1623 1511 scelere
1642 1467 1777 1510 uendi
1796 1481 1887 1510 non

418 1537 569 1594 possit.
628 1536 785 1594 Neque
814 1537 933 1580 enim
964 1536 1147 1579 Balaam
1177 1550 1233 1579 ex
1262 1550 1314 1579 eo
1341 1536 1558 1593 culpatur,
1587 1536 1706 1594 quod
1733 1535 1887 1594 populi

420 1606 504 1649 Dei
550 1620 728 1650 causam
776 1606 1099 1663 dampnauerat
1147 1605 1325 1648 aliudue
1374 1605 1541 1649 dixerit
1586 1620 1719 1663 quam
1769 1603 1887 1662 quod

420 1675 638 1719 Dominus
662 1675 920 1732 inspirabat,
941 1674 1017 1717 sed
1038 1674 1143 1731 quia
1169 1674 1361 1717 auaritia
1380 1677 1622 1725 excecatus,
1642 1674 1887 1718 infidelium
1907 1687 1951 1712 πο

420 1759 598 1788 causam
625 1744 860 1794 instruens,
882 1743 1101 1802 quomodo
1125 1743 1182 1786 ad
1211 1744 1537 1801 prouocandam
1566 1744 1679 1787 iram
1704 1743 1788 1787 Dei
1815 1743 1890 1787 de-

420 1814 642 1870 linqueret
677 1813 814 1856 Israel
855 1813 1053 1856 dictante
1092 1813 1266 1856 malitia
1299 1813 1566 1870 procurauit.
1640 1813 1892 1867 Quaerebat

421 1898 526 1941 ergo
546 1883 763 1940 quomodo
784 1882 899 1926 iuste
919 1883 1181 1926 iustificaret
1199 1897 1377 1926 causam
1397 1882 1523 1940 impii
1543 1885 1589 1926 et
1608 1883 1735 1940 quasi
1761 1882 1893 1927 illuso

421 1952 517 1996 Deo
535 1952 728 2010 gratiam
749 1952 844 1995 eius
863 1952 1146 1996 subtraheret
1165 1952 1326 1996 electis.
1384 1951 1480 1996 Aut
1499 1952 1537 1995 si
1557 1952 1744 1995 aduersa
1763 1952 1890 1996 iusti·

423 2021 546 2066 ficari
580 2035 669 2065 non
703 2025 852 2078 posset
884 2035 1028 2072 causa,
1063 2022 1144 2065 hoc
1175 2022 1332 2065 saltem
1367 2022 1529 2080 agebat
1558 2024 1611 2065 ut
1640 2025 1686 2065 et
1715 2022 1773 2065 ab
1803 2022 1891 2066 ista
1909 2035 1950 2071 οε

271 2093 359 2143 569
380 2102 409 2132 a
425 2090 647 2135 recederet
667 2090 798 2134 Deus.
858 2089 1272 2148 Compugnantibus
1292 2105 1482 2148 namque
1508 2091 1686 2149 iniquis,
1715 2091 1891 2135 uincere

426 2161 496 2216 (ut
515 2159 695 2216 dicitur)
718 2160 948 2203 consueuit
972 2160 1048 2217 qui
1069 2160 1242 2204 uiribus
1265 2161 1466 2218 superior
1485 2163 1563 2204 est.
1623 2160 1892 2205 Balaamitas

426 2230 580 2274 uideas
599 2230 813 2287 plurimos
833 2230 922 2287 qui,
944 2229 1047 2273 licet
1077 2230 1274 2287 iniquam
1299 2230 1444 2274 nolint
1470 2229 1587 2273 ferre
1613 2230 1893 2283 sententiam,

426 2299 623 2357 corrupti
644 2302 792 2343 tamen
813 2299 1070 2342 muneribus
1091 2299 1307 2342 iustitiam
1328 2299 1469 2357 partis
1488 2299 1621 2343 unius
1641 2299 1688 2342 in
1708 2299 1894 2343 alteram

428 2369 587 2426 quauis
626 2372 723 2412 arte
762 2368 1001 2412 transferre
1045 2369 1300 2412 moliuntur.
1379 2369 1481 2412 Non
1527 2368 1656 2412 facile
1704 2369 1894 2412 dixerim
1913 2385 1956 2421 30

428 2441 580 2481 utrum
602 2437 663 2481 sit
691 2437 890 2494 nequius,
911 2437 1013 2481 licet
1042 2438 1249 2481 uenditor
1277 2437 1516 2495 aequitatis
1545 2438 1762 2481 malitiam
1793 2437 1895 2482 fuco

432 2506 646 2551 fallaciori
676 2506 851 2551 coloret.
912 2506 1062 2550 Potest
1092 2510 1240 2550 tamen
1271 2507 1412 2550 uideri
1443 2507 1628 2564 nequior
1655 2507 1732 2564 qui
1765 2506 1895 2551 officii

430 2577 499 2620 sui
522 2576 763 2633 principem
785 2579 831 2619 et
850 2576 1060 2633 reginam,
1073 2577 1143 2620 cui
1164 2576 1272 2620 fides
1294 2576 1548 2628 famulatur,
1561 2577 1687 2634 quasi
1708 2590 1895 2620 mercem

432 2646 477 2688 in
513 2645 609 2688 foro
640 2645 852 2688 distrahit
890 2660 940 2690 ac
980 2645 1017 2688 si
1050 2660 1205 2689 seruus
1236 2646 1426 2690 infidelis
1456 2646 1684 2690 dominum
1716 2645 1895 2691 uendat.

433 2776 453 2803 2
480 2764 757 2803 iuri-ditionem
775 2765 837 2802 CA
983 2776 1025 2812 19
1050 2767 1400 2814 condempnauerat
1417 2767 1455 2803 M
1603 2776 1647 2814 23
1674 2777 1763 2813 ergo
1779 2777 1846 2804 om.
1864 2764 1898 2803 A

484 2878 525 2915 18
552 2877 729 2913 Balaam:
756 2888 788 2913 v.
809 2886 829 2913 2
848 2875 948 2914 I'ctr.
967 2874 1005 2913 ii.
1028 2885 1079 2923 ις.

545 2956 606 2989 33²
