1994 3190
145 188 244 221 car.
260 173 421 236 xx'vn]
660 173 1103 218 POLICRATICVS
1623 173 1709 223 468
1728 182 1754 214 c

143 295 302 339 faciem
331 309 456 338 suam
485 294 533 336 in
563 296 739 343 terram,
769 294 814 335 et
847 292 1064 335 adorauit.
1137 292 1342 335 Formam
1376 292 1496 336 illius
1531 292 1608 350 qui

142 364 384 421 apparebat
423 363 660 419 diligenter
697 361 896 418 inquirit,
932 361 1049 403 forte
1083 361 1319 417 gentilium
1354 377 1499 404 errore
1535 362 1608 404 de-

142 435 306 489 ceptus,
345 431 529 475 eandem
569 430 749 472 habitus
789 433 834 472 et
872 430 1152 486 negotiorum
1193 429 1382 472 formam
1421 430 1609 487 singulis

118 502 260 559 apud
299 501 465 544 inferos
504 500 696 550 credens,
736 514 824 556 qua
863 499 1124 556 superstites
1165 498 1346 542 fuerant
1394 500 1608 558 insigniti.

105 581 123 622 5
141 571 269 614 Vnde
298 570 438 614 illud:

720 627 843 694 Quae
872 626 1020 684 gratia
1049 640 1259 668 curruum

255 700 565 743 armorumque
596 685 686 728 fuit
715 685 844 735 uiuis,
875 699 988 741 quae
1019 698 1125 727 01118
1154 684 1348 726 nitentes

255 759 431 802 pascere
461 758 607 801 equos,
637 743 790 786 eadem
819 743 1022 799 sequitur
1051 742 1210 785 tellure
1242 745 1450 798 repostos.

141 837 229 882 Sed
249 851 394 880 nonne
413 838 621 894 potuerat
647 836 788 878 sancti
820 835 908 878 uiri
929 835 1089 878 clarior
1115 848 1209 876 esse
1236 834 1390 890 gloria,
1411 837 1491 876 aut
1510 838 1610 890 post

83 926 124 952 10
141 911 327 951 mortem
356 906 552 950 uiuentis
581 905 762 948 habitus
794 904 1058 947 immutari?
1118 903 1176 946 Et
1211 903 1389 959 quidem
1425 904 1609 960 prouide

140 981 186 1020 et
205 977 396 1020 fideliter
414 990 503 1018 non
533 975 642 1018 dicit
666 974 898 1031 Scriptura
922 972 1172 1016 Samuelem
1200 972 1398 1028 phitonis
1425 972 1610 1029 imperio

139 1046 413 1098 suscitatum,
433 1045 510 1088 sed
530 1044 759 1087 cecitatem
790 1043 916 1100 impii
941 1055 1094 1085 sensus
1117 1041 1360 1098 prudenter
1380 1041 1609 1097 expressit.

139 1116 218 1159 Ait
257 1115 398 1158 enim:
442 1113 612 1156 Audita
644 1112 789 1155 forma
818 1112 906 1155 uiri
947 1115 992 1155 et
1031 1111 1200 1161 habitu,
1236 1110 1460 1153 intellexit
1499 1110 1607 1153 Saul

139 1185 256 1242 quod
277 1183 456 1227 Samuel
476 1186 601 1226 esset.
651 1182 873 1239 Deceptus
892 1181 1048 1238 utique
1068 1180 1316 1232 intellexit;
1347 1180 1463 1237 quod
1485 1183 1530 1222 et
1550 1195 1606 1223 ex
1623 1186 1652 1226 d

83 1270 121 1304 15
139 1269 190 1298 eo
209 1253 434 1311 probatur,
455 1252 573 1309 quod
602 1251 857 1308 subiungit:
908 1250 967 1293 Et
987 1249 1221 1293 inclinauit
1245 1264 1290 1292 se
1318 1253 1364 1292 et
1390 1249 1608 1293 adorauit.

139 1323 188 1367 Si
228 1322 345 1366 enim
386 1321 545 1364 fuisset
586 1320 778 1372 Samuel,
818 1334 1098 1376 nequaquam
1144 1333 1190 1361 se
1235 1319 1508 1376 permisisset
1550 1320 1609 1362 ab

138 1392 314 1436 homine
338 1390 524 1441 adorari,
545 1390 622 1447 qui
642 1389 883 1433 secundum
904 1389 1044 1446 legem
1065 1388 1312 1432 crediderat
1335 1391 1381 1431 et
1400 1388 1610 1431 docuerat

137 1476 277 1507 unum
303 1460 448 1503 Deum
475 1462 520 1502 et
550 1459 791 1502 Dominum
821 1458 1108 1501 adorandum.
1168 1458 1400 1501 Praeterea
1429 1461 1608 1500 sanctae

139 1530 312 1575 animae
337 1543 365 1572 a
394 1531 614 1586 potestate
642 1528 937 1585 malignorum
967 1527 1206 1584 spirituum
1235 1531 1466 1584 exemptae
1490 1530 1608 1570 sunt.

82 1614 124 1642 20
141 1601 366 1644 Postremo
392 1598 564 1655 decepti
589 1597 780 1640 hominis
804 1612 894 1640 non
921 1597 1108 1640 fouisset
1137 1612 1341 1647 errorem,
1362 1597 1479 1654 quod
1507 1611 1609 1639 eum

140 1684 196 1714 ex
222 1668 590 1725 subsequentibus
620 1667 774 1710 fecisse
801 1666 1038 1724 colligitur.
1096 1666 1226 1709 Dixit
1253 1673 1402 1709 autem
1428 1666 1608 1709 Samuel

139 1738 196 1783 ad
216 1738 394 1782 Saulem
411 1753 420 1779 z
461 1737 608 1790 Quare
629 1736 888 1793 inquietasti
909 1751 979 1779 me
999 1739 1052 1779 ut
1072 1736 1337 1779 suscitarer?
1397 1736 1519 1779 Haec
1540 1739 1608 1778 est

139 1808 256 1852 enim
290 1806 594 1850 fraudulentia
628 1805 924 1862 malignorum
965 1805 1216 1862 spirituum,
1248 1808 1300 1847 ut
1335 1804 1452 1861 quod
1487 1804 1607 1847 ultro

139 1876 311 1920 faciunt
326 1879 372 1920 et
391 1876 563 1919 dictant
578 1875 831 1918 hominibus
847 1874 1098 1917 faciendum
1114 1889 1294 1931 operose
1314 1874 1606 1926 dissimulent,

83 1962 123 1996 ²5
140 1949 193 1990 ut
226 1946 307 1990 hoc
342 1945 486 1989 facere
519 1944 760 1987 uideantur
797 1944 944 1988 11111111.
1017 1943 1242 1986 Simulant
1273 1958 1319 1986 se
1353 1946 1527 1986 coactos
1562 1946 1607 1986 et
1624 1953 1713 2003 469
1734 1962 1764 1991 a

140 2016 266 2074 quasi
305 2014 646 2059 exorcismorum
692 2013 862 2056 uirtute
907 2015 1130 2056 extractos
1174 2013 1379 2070 fingunt3
1428 2016 1474 2055 et
1520 2026 1608 2069 quo

139 2086 286 2129 minus
314 2086 568 2134 caueantur,
588 2083 853 2126 exorcismos
884 2082 1010 2139 quasi
1041 2082 1088 2124 in
1113 2082 1290 2125 nomine
1318 2082 1498 2124 Domini
1528 2085 1609 2124 aut

139 2154 188 2197 in
222 2154 308 2197 fide
346 2153 580 2196 Trinitatis
620 2156 700 2196 aut
739 2152 1057 2195 incarnationis
1097 2155 1142 2194 et
1181 2151 1398 2208 passionis
1437 2151 1608 2194 uirtute

139 2225 369 2280 conceptos
385 2220 664 2279 ‘componunt
690 2221 950 2278 eosdemque
978 2220 1231 2263 hominibus
1255 2220 1454 2273 tradunt,
1483 2235 1609 2263 exer-

141 2346 161 2373 2
188 2347 310 2373 errore
328 2334 531 2382 gentilium
547 2333 587 2368 M
731 2341 751 2378 7
770 2332 818 2368 'in
830 2338 914 2379 post
930 2332 1004 2377 fuit
1021 2334 1106 2369 add.
1124 2331 1163 2367 M

187 2438 211 2473 6
237 2438 334 2480 Quae
347 2437 468 2481 qratia
486 2437 588 2472 etc.:
615 2434 725 2481 Verg.
743 2436 834 2470 Aen.
851 2434 898 2470 vi.
915 2435 1092 2488 653-655.
1239 2443 1281 2477 14
1309 2435 1485 2478 Deceptus
1507 2435 1603 2469 etc.:

142 2481 199 2520 De
216 2482 435 2529 quaestione
454 2494 503 2518 an
516 2463 630 2518 suerit
641 2494 770 2518 revera
783 2481 955 2517 Samuel
946 2493 1024 2527 11180
1040 2493 1152 2535 quem
1163 2481 1360 2516 suscitavit
1378 2480 1606 2526 pythonissa

143 2541 192 2569 an
220 2541 307 2575 non,
335 2529 437 2566 locos
465 2529 638 2566 classicos
670 2529 884 2565 habuerunt
912 2529 1028 2565 medii
1058 2529 1141 2565 aevi
1167 2528 1369 2574 80111110108
1399 2528 1604 2573 Augustini

142 2558 350 2613 tractattim
366 2579 408 2612 de
426 2578 507 2612 Div.
527 2578 664 2620 Quaest.
685 2578 734 2611 ad
755 2578 1034 2630 Simplicianum
1059 2576 1096 2611 ii.
1124 2587 1143 2621 3
1164 2576 1310 2622 (Migne
1328 2577 1368 2610 P.
1386 2577 1426 2610 L.
1446 2575 1499 2611 xl.
1522 2581 1602 2619 142)

144 2623 286 2660 Raban.
303 2623 424 2659 Maur.
439 2626 481 2659 de
498 2625 651 2669 Mayicis
667 2625 816 2659 Ambus
834 2622 981 2670 (Migne
1005 2625 1044 2659 P.
1071 2626 1114 2659 L.
1142 2634 1196 2659 cx.
1219 2626 1322 2666 1100)
1340 2634 1454 2667 quem
1479 2622 1604 2658 citant

143 2670 234 2707 Ivon
251 2670 400 2707 Carnot.
414 2673 548 2707 Decret.
566 2671 613 2706 xi.
631 2673 677 2715 69
697 2670 840 2724 (Migne
858 2673 898 2706 P.
916 2673 958 2707 L.
971 2671 1058 2707 clxi.
1071 2673 1151 2716 763,
1166 2670 1263 2714 764),
1278 2669 1482 2705 Gratianus
1501 2672 1603 2705 Decr.

144 2717 193 2753 11.
219 2717 316 2753 xxvi.
390 2718 461 2762 (ed.
490 2717 704 2764 Friedberg.
732 2717 757 2755 i.
787 2722 916 2764 1035);
943 2718 989 2754 cf.
1008 2719 1167 2763 pseudo·
1153 2717 1266 2763 -Aug
1294 2719 1434 2760 Quaest.
1460 2728 1504 2751 ea:
1535 2718 1605 2751 Vet.

147 2766 236 2801 Test.
262 2774 304 2810 27
307 2727 468 2811 ‹iffligne
493 2766 533 2800 P.
557 2766 599 2802 L.
625 2777 732 2801 xxxv.
750 2775 852 2811 2230,
872 2767 995 2811 223¹)·
1132 2775 1173 2801 21
1202 2766 1310 2799 Dixit
1326 2770 1444 2800 autem
1460 2765 1607 2799 Samuel

145 2814 241 2849 01οα
270 2822 284 2849 1
305 2811 398 2858 Reg.
414 2811 541 2848 xxviii.
557 2821 609 2858 15.

1434 2890 1495 2924 ¹5⁵
