1994 3190
149 189 250 223 on.
265 175 420 238 xxvn]
661 175 1100 220 POLICRATICVS
1629 175 1716 224 462
1734 175 1764 215 b

146 299 351 358 polliceri.
422 298 541 352 Quid
570 299 688 342 enim
718 298 841 342 aliud
870 298 1141 355 significaret
1171 297 1289 355 quod
1318 300 1420 355 post
1448 298 1613 342 multas

145 370 352 427 ambages
370 368 546 412 intulit:

547 452 681 497 Certa
711 454 778 496 est
807 452 996 496 uictoria
1025 452 1217 496 Thebis2

146 542 354 588 Ceterum
380 557 435 586 ne
464 543 731 598 interempto
761 542 871 585 duce
901 542 1118 585 mendacii
1146 546 1374 598 arguatur,
1403 546 1455 585 ut
1486 531 1614 586 falla·

108 628 127 662 5
146 613 259 657 ciam
305 612 514 669 ambigua
554 611 759 666 ueritatis
808 614 916 655 nota
964 611 1212 662 obduceret,
1258 626 1346 668 quo
1395 612 1612 655 malitiam
1633 616 1658 645 C

145 684 337 733 tueatur,
356 681 565 725 subiecit:

446 768 534 812 Hei
564 768 697 812 michi
727 783 807 826 per
835 769 1009 827 gladios
1035 769 1146 812 uicit
1175 771 1314 826 pater.

148 857 222 902 Sic
242 872 357 915 ergo,
372 857 478 900 dum
499 858 624 914 quasi
646 857 842 900 fatorum
862 858 1044 901 consilio
1059 872 1239 901 securus
1254 857 1311 900 ad
1327 857 1614 914 parricidium

148 927 380 978 inuitatur,
408 927 565 984 laqueo
598 927 842 984 impietatis
872 928 1068 971 trahitur
1097 927 1154 970 ad
1184 942 1398 971 occasum.
1472 926 1618 968 Patris

91 1019 133 1045 ιο
150 1011 323 1054 quoque
371 996 613 1054 parricidae
661 996 928 1040 desiderium
977 997 1258 1054 adimpletur,
1298 996 1404 1039 dum
1454 995 1619 1038 fratres

149 1065 286 1122 impii,
321 1065 481 1122 quibus
510 1066 777 1123 imprecatus
807 1069 1042 1124 optauerat
1076 1069 1128 1109 ut
1163 1066 1282 1109 ferro
1311 1065 1486 1123 generis
1515 1079 1618 1108 con-

149 1135 286 1178 sortia
324 1135 577 1186 dissilirent,
616 1136 785 1179 mutuis
823 1136 1084 1179 uulneribus
1123 1139 1312 1193 pereunt
1350 1138 1396 1178 et
1435 1134 1619 1177 alternis

147 1203 308 1261 gladiis
355 1208 711 1262 prosternuntur.
789 1204 951 1250 Cresus
999 1206 1196 1248 maxima
1246 1220 1395 1262 regna,
1434 1204 1471 1247 si
1513 1204 1620 1246 Alin

148 1274 512 1332 transgrediatur,
535 1274 590 1318 de
620 1275 895 1318 oraculorum
925 1275 1012 1318 fide
1042 1275 1126 1318 sibi
1155 1275 1403 1318 subiectum
1433 1274 1487 1316 iri
1518 1287 1619 1316 con-

92 1361 132 1396 15
150 1341 260 1386 fidit.
320 1342 407 1386 Sed
442 1358 542 1386 cum
578 1359 647 1387 res
679 1345 726 1386 in
757 1345 1028 1388 contrarium
1063 1345 1253 1394 cesserit,
1289 1344 1430 1386 fallax
1459 1342 1620 1400 Apollo

150 1425 197 1454 se
226 1412 358 1455 unius
391 1413 565 1456 uerbuli
595 1414 957 1470 aequiuocatione
986 1414 1180 1456 absoluit
1209 1414 1266 1456 ab
1295 1413 1467 1456 inuidia
1497 1428 1620 1455 men-

150 1480 300 1525 tiendi.
362 1482 479 1536 Quid
510 1483 694 1528 Pirrus‘l
753 1484 964 1527 Romanis
991 1484 1134 1534 uictis,
1154 1498 1265 1540 quos
1295 1498 1424 1540 saepe
1452 1483 1498 1525 in
1526 1483 1618 1526 acie

151 1549 319 1595 uirtute
354 1551 544 1603 fuderat,
575 1553 787 1596 beneficio
819 1553 957 1596 Phebi
992 1553 1076 1596 sibi
1113 1553 1337 1610 promittit
1371 1552 1618 1609 imperium,
1635 1543 1665 1583 d

152 1619 229 1662 sed
274 1621 621 1678 irreparabiliter
666 1625 834 1665 stratus
877 1622 925 1665 in
966 1622 1159 1679 seipsum
1204 1622 1383 1664 retorsit
1432 1621 1619 1678 culpam,

31 1723 34 1727 .
94 1707 138 1732 πο
154 1689 230 1747 qui
261 1691 633 1749 amphibologiam
667 1692 833 1734 oraculi
868 1691 1016 1734 minus
1047 1691 1221 1734 utiliter
1254 1690 1489 1734 intellexit.
1550 1690 1621 1732 Ad

153 1759 344 1804 notiores
370 1762 624 1804 transeatur
653 1761 872 1804 historias.
930 1761 1084 1818 Apius,
1105 1775 1205 1804 cum
1232 1760 1363 1804 unica
1394 1763 1440 1803 et
1469 1760 1621 1816 singu-

151 1827 258 1872 laris
306 1829 450 1873 ciuilis
494 1830 598 1873 belli
647 1832 887 1888 tempestas
935 1831 1085 1874 orbem
1135 1833 1400 1880 concuteret,
1439 1829 1623 1872 docente

153 1896 302 1942 Phebo
321 1899 369 1941 in
388 1899 489 1942 sinu
517 1899 711 1943 Euboico
731 1900 925 1957 quietem
953 1900 1128 1957 quaerit
1155 1903 1200 1943 et
1224 1902 1413 1942 mortem
1437 1899 1623 1942 inuenit.

156 1966 392 2012 Oraculum
414 1969 591 2026 quidem
610 1972 790 2013 auctore
812 1970 990 2013 Lucano
1009 1969 1178 2016 celebre
1198 1974 1288 2012 est:

96 2060 138 2098 ²5
329 2053 501 2112 Effugis
530 2054 733 2111 ingentes
762 2055 878 2098 tanti
909 2054 1175 2098 discriminis
1205 2069 1363 2111 expers

326 2112 553 2163 bellorum,
583 2113 790 2163 Romane,
820 2114 975 2164 minas,
1005 2113 1209 2169 solusque
1240 2113 1434 2169 quietem

329 2170 511 2214 Euboici
541 2171 693 2214 lateris
722 2171 868 2214 media
896 2171 1096 2215 conualle
1125 2171 1309 2214 tenebis.

156 2254 243 2298 Sed
267 2271 322 2299 ne
349 2255 559 2300 falsitatis
585 2259 693 2300 nota
719 2257 766 2299 111
793 2257 1001 2300 historias
1028 2271 1117 2299 non
1140 2257 1318 2300 oracula
1343 2256 1623 2307 refundatur,

157 2326 375 2377 canonica,
414 2329 460 2370 et
504 2327 575 2370 cui
621 2327 731 2370 fides
772 2327 1012 2370 >incolumis
1061 2327 1318 2383 adquiescit,
1357 2327 1625 2370 discutiatur

97 2403 142 2438 30
158 2393 352 2437 historia.
412 2395 519 2438 Saul
553 2396 601 2438 in
632 2396 859 2438 tirannum
890 2411 1045 2438 uersus
1075 2411 1131 2438 ex
1161 2396 1370 2452 principe,
1400 2410 1500 2438 cum
1531 2395 1623 2437 exi-

157 2464 364 2520 gentibus
402 2465 541 2522 culpis
581 2468 695 2508 esset
732 2480 760 2507 a
799 2465 990 2508 Domino
1033 2465 1279 2516 derelictus,
1319 2468 1365 2508 et
1410 2464 1623 2507 aduersus
1640 2457 1727 2505 463
1748 2466 1780 2496 a

115 2572 122 2578 .
158 2532 369 2589 populum
413 2533 592 2576 Domini
636 2548 687 2577 eo
735 2534 844 2577 duce
892 2534 1182 2578 inualesceret
1230 2548 1388 2577 manus
1438 2533 1624 2585 hostilis,

63 2611 67 2614 ’
101 2615 104 2618 ⁴
160 2601 372 2644 sollicitus
401 2600 554 2645 fractis
578 2603 708 2646 rebus
735 2603 906 2646 exitum
930 2603 1197 2660 inquirebat.
1255 2602 1493 2647 Consuluit
1520 2616 1626 2659 ergo

210 2735 231 2772 3
259 2726 365 2763 Certa
381 2727 474 2764 etc:
499 2727 595 2763 Stat.
618 2728 720 2764 Theb.
739 2727 786 2764 iv.
804 2729 885 2772 641.
1012 2737 1032 2773 7
1058 2729 1131 2763 Hei
1147 2729 1257 2763 michi
1279 2729 1374 2764 etc.:
1398 2726 1492 2763 Stat.
1517 2727 1626 2762 Theb.

161 2772 209 2809 iv.
224 2773 306 2818 644.
449 2783 472 2820 9
495 2775 638 2810 Patris:
663 2786 714 2811 sc.
734 2774 879 2821 Oedipi.
1025 2786 1045 2811 2
1051 2784 1069 2821 5
1096 2777 1242 2820 Effuyis
1259 2777 1355 2812 etc.:
1382 2774 1470 2810 Luc.
1497 2775 1626 2810 Phars.

161 2831 195 2857 v.
217 2821 343 2866 194·6.
485 2831 528 2867 33
558 2822 746 2859 Consuluit
763 2824 832 2860 etc.
851 2835 859 2858 :
890 2833 903 2858 1
925 2821 1018 2870 Reg.
1036 2821 1166 2859 xxviii.
1183 2823 1217 2859 6.

236 2891 317 2911 wass
878 2891 910 2921 U
1454 2891 1516 2925 145
