1994 3190
218 196 316 229 cu».
331 154 422 244 vn]
731 182 1169 228 PomoRA'rIovs
1692 184 1770 234 528
1790 186 1820 225 b

216 303 378 346 mentis
426 301 676 345 faciendum
724 316 923 359 agnosce.
998 301 1069 354 Ad
1117 302 1426 359 philosophum
1469 301 1676 353 Taurum,

217 371 415 414 Athenas
428 371 599 413 uisendi
614 370 986 428 cognoscendique
999 370 1092 413 eius
1108 371 1265 428 gratia,
1277 375 1496 415 uenerunt
1511 372 1678 429 pariter

217 439 375 484 Cretae
413 439 666 497 prouinciae
711 453 887 495 praeses
933 441 979 481 et
1024 442 1152 495 pater
1198 441 1292 483 eius
1339 441 1415 483 sed
1461 442 1674 498 priuatus.

216 508 388 551 Taurus
436 508 718 551 uenientibus
766 507 936 564 placide
985 508 1240 558 assurrexit,
1279 510 1527 566 reseditque
1575 513 1676 567 post

177 596 196 630 5
215 580 417 620 mutuam
443 577 768 620 salutationem.
827 576 979 618 Allata
1008 575 1075 619 est
1101 591 1205 619 mox
1232 592 1323 619 una
1347 578 1464 628 sella,
1489 594 1601 635 quae
1628 580 1676 621 in

213 650 392 704 promtu
438 650 545 697 erat,
585 649 631 689 et
675 646 782 688 dum
822 645 934 688 aliae
981 645 1299 702 promebantur
1349 648 1552 703 apposita
1597 652 1676 692 est.

214 715 438 759 Inuitauit
472 730 577 773 ergo
611 716 784 758 Taurus
822 718 994 772 patrem
1034 715 1248 772 praesidis
1279 718 1332 757 ut
1370 716 1553 760 sederet.
1613 717 1676 760 At

213 784 309 828 ille:
340 784 502 828 Sedeat
521 785 592 828 hic
612 785 760 842 potius
788 784 863 841 qui
891 783 1042 841 populi
1069 784 1255 826 Romani
1282 784 1571 842 magistratus
1598 789 1674 828 est.

213 853 392 911 Absque
429 854 697 912 praeiudicio
732 858 796 905 tu,
828 853 978 910 inquit
1009 854 1192 904 Taurus,
1225 853 1396 897 interea
1429 854 1542 905 sede,
1569 854 1674 896 dum
1693 869 1718 898 c

155 943 196 967 10
211 924 502 982 conspicimus
517 923 854 981 quaerimusque
870 923 975 980 quid
989 923 1234 974 conueniat,
1249 926 1350 966 tene
1363 923 1511 980 potius
1526 924 1675 966 sedere

213 993 289 1050 qui
305 997 431 1050 pater
446 1008 502 1045 es,
517 1008 575 1036 an
591 994 731 1036 filium
746 993 821 1050 qui
836 992 953 1050 gerit
968 992 1155 1037 Romani
1171 993 1321 1049 populi
1338 985 1675 1050 magistratum?

212 1060 326 1106 Cum
353 1066 480 1120 pater
506 1063 750 1113 assedisset,
771 1062 1109 1120 appositumque
1136 1066 1250 1105 esset
1274 1062 1395 1105 aliud
1419 1062 1522 1112 filio,
1542 1077 1675 1119 super

211 1145 263 1174 ea
302 1146 349 1174 re
389 1132 559 1175 Taurus
594 1132 674 1182 his,
714 1131 790 1188 qui
833 1135 1142 1182 conuenerant,
1180 1132 1365 1175 uerbum
1412 1131 1530 1182 fecit,
1573 1147 1672 1175 cum

211 1215 384 1243 summa
398 1201 514 1254 boni,
530 1201 669 1258 aequi,
685 1201 900 1244 honorum
917 1204 1050 1258 atque
1065 1201 1305 1244 officiorum
1326 1202 1672 1259 perpensatione.

152 1283 192 1317 15
213 1268 375 1313 Eorum
393 1270 628 1313 uerborum
649 1269 869 1313 sententia
889 1270 995 1313 haec
1016 1269 1108 1313 fere
1130 1270 1229 1314 fuit.
1288 1270 1344 1313 In
1360 1271 1547 1328 publicis
1568 1272 1673 1315 locis

210 1341 343 1396 atque
376 1339 632 1383 muneribus
664 1342 843 1396 patrum
874 1339 973 1382 iura
1002 1354 1101 1382 cum
1127 1340 1332 1391 filiorum,
1352 1341 1428 1397 qui
1459 1341 1505 1384 in
1533 1342 1671 1399 magi-

209 1411 354 1452 stratu
381 1412 461 1452 aut
486 1409 781 1466 potestatibus
802 1412 908 1452 sunt
934 1409 1105 1461 collata,
1126 1410 1464 1466 interquiescere
1488 1411 1670 1468 paulum

209 1480 255 1521 et
283 1478 497 1522 coniuere.
551 1478 639 1522 Sed
665 1493 764 1522 cum
791 1482 920 1521 extra
945 1493 1037 1521 rem
1064 1479 1285 1536 publicam
1312 1480 1358 1522 in
1385 1479 1671 1523 domesticare

209 1549 343 1604 atque
373 1547 469 1591 uita
493 1548 709 1598 sedeatur,
730 1548 993 1598 ambuletur,
1013 1548 1060 1590 in
1090 1548 1295 1591 conuiuio
1326 1563 1498 1606 quoque
1528 1549 1670 1593 diseu-

148 1632 191 1656 20
208 1616 388 1660 mbatur
416 1616 639 1668 familiari,
659 1620 766 1661 tunc
790 1618 907 1661 inter
930 1618 1071 1660 filium
1096 1618 1406 1675 magistratum
1427 1622 1472 1662 et
1498 1622 1669 1676 patrem
1687 1627 1717 1668 (1

190 1685 433 1744 priuatum
463 1686 660 1744 publicos
695 1687 882 1730 honores
915 1702 1096 1738 cessare,
1127 1688 1353 1731 naturales
1383 1691 1428 1731 et
1457 1690 1672 1746 genuinos

207 1755 380 1799 exoriri.
440 1756 537 1800 Hoc
569 1771 685 1814 ergo,
716 1756 863 1813 inquit
903 1757 1086 1807 Taurus,
1121 1757 1238 1814 quod
1273 1757 1330 1800 ad
1369 1773 1439 1800 me
1475 1759 1672 1809 uenistis,

208 1824 325 1882 quod
354 1840 471 1869 nunc
499 1825 732 1882 loquimur,
760 1826 877 1883 quod
907 1826 962 1869 de
991 1826 1143 1870 officiis
1173 1827 1470 1878 dissertamus,
1494 1829 1672 1885 priuata

10 1907 21 1930 s
209 1894 324 1938 actio
345 1897 423 1938 est.
475 1894 633 1952 Itaque
649 1898 700 1938 tu
719 1898 848 1953 pater
867 1898 990 1938 utere
1011 1896 1080 1938 his
1101 1896 1340 1939 honoribus
1360 1898 1495 1954 prius,
1511 1898 1671 1955 quibus

150 1981 191 2016 ²5
210 1977 382 2020 quoque
420 1963 539 2007 domi
578 1967 752 2008 uestrae
791 1968 836 2009 te
875 1965 943 2008 uti
983 1965 1174 2022 priorem
1213 1966 1349 2010 decet.
1428 1966 1549 2010 Haec
1590 1981 1671 2024 ego

209 2033 544 2090 magistratibus
559 2034 824 2091 generaliter
843 2035 1148 2092 persuadenda
1163 2035 1367 2087 arbitror,
1387 2039 1439 2079 ut
1459 2036 1506 2078 in
1527 2036 1670 2093 splen-

208 2101 312 2145 dore
338 2102 538 2160 publicae
562 2103 796 2161 dignitatis
819 2119 1033 2147 memores
1057 2105 1148 2148 sint
1172 2106 1374 2162 propriae
1395 2106 1671 2158 conditionis,

209 2173 254 2214 et
287 2171 348 2215 sic
383 2172 618 2216 attendant
652 2173 855 2231 propriae
890 2174 1154 2217 conditionis
1184 2178 1364 2226 statum,
1393 2178 1446 2219 ut
1477 2190 1566 2218 non
1597 2176 1670 2219 de-

209 2243 446 2284 uenustent
466 2242 666 2299 publicae
686 2242 920 2300 dignitatis
939 2244 1150 2301 gradum3
1179 2244 1241 2287 sic
1261 2245 1396 2287 etiam
1417 2245 1565 2288 collati
1586 2245 1670 2287 sibi

151 2325 193 2358 30
210 2308 387 2366 honoris
410 2310 712 2368 integritatem
739 2315 897 2363 seruet,
918 2316 970 2356 ut
997 2313 1184 2356 aliorum
1211 2328 1301 2356 non
1328 2314 1502 2356 minuat
1526 2314 1669 2371 digni-

209 2379 373 2430 tatem3
403 2381 448 2422 et
471 2379 532 2423 sic
551 2380 730 2437 priuata
754 2381 939 2438 quisque
962 2381 1126 2439 polleat
1153 2383 1384 2440 dignitate,
1404 2386 1457 2427 ut
1480 2398 1570 2426 non
1590 2384 1670 2427 fiat

209 2445 372 2489 iniuria
393 2448 591 2504 publicae
610 2451 839 2506 potestatL

11 1868 18 1900 ὲ

10 1931 23 1959 ἓ,

14 1958 25 1975 Γ

12 1980 22 2012 ³,

211 2576 226 2603 1
281 2565 529 2614 hylosophum
545 2568 586 2604 M
773 2580 796 2615 4
821 2570 970 2617 placide
985 2570 1227 2608 uenientibus
1244 2571 1277 2607 A
1442 2574 1464 2609 6
1488 2575 1669 2620 promptu

208 2613 239 2649 B
277 2613 316 2648 Μ
457 2625 480 2668 9
503 2615 628 2662 inquit
642 2619 777 2654 taurus
793 2620 837 2654 tu
855 2617 920 2654 SM
1066 2629 1103 2655 ιι
1133 2619 1264 2665 populi
1281 2619 1429 2655 romani
1446 2620 1480 2654 A·
1625 2631 1665 2666 17

204 2666 288 2706 post
303 2662 592 2706 mterquiescere
609 2666 691 2700 add.
709 2666 748 2700 et
766 2664 842 2701 0²13
988 2675 1040 2710 17,
1062 2668 1104 2703 18
1130 2669 1170 2703 et
1186 2666 1343 2714 paulum
1361 2666 1479 2703 cflAM
1624 2679 1668 2705 22

209 2707 316 2754 ergo]
334 2719 480 2754 quoque
498 2709 569 2746 ΒΜ
585 2723 593 2746 z
617 2709 737 2757 igitur
753 2711 778 2748 S
921 2722 964 2760 25
991 2713 1120 2750 domui
1137 2713 1176 2749 M

259 2827 274 2854 1
302 2819 363 2852 Ad
375 2818 627 2864 philosophum
643 2845 652 2857 .
671 2846 681 2857 .
700 2847 709 2856 .
727 2822 822 2858 decet
839 2821 922 2869 (528
933 2821 1001 2869 D):
1027 2835 1060 2859 v.
1079 2822 1177 2860 Gell.
1198 2822 1238 2862 ii.
1255 2834 1276 2860 2
1297 2823 1338 2871 ἐξ
1362 2834 1462 2861 Ι-Ιο.

1491 2894 1552 2929 261
