1994 3190
196 226 295 259 οΑΡ.
311 215 402 271 vn]
711 207 1151 254 POLICRATICVS
1673 216 1760 258 4⁰4
1779 207 1809 248 b

194 335 510 392 imperatorum
546 330 623 374 sed
655 329 884 372 hominum
912 326 1176 377 fedissimus‚
1197 327 1274 383 qui
1309 326 1418 370 adeo
1449 326 1660 370 scribitur

193 406 349 461 captus
397 400 637 444 amenitate
688 397 820 447 uocis,
859 399 912 438 ut
955 410 1045 438 non
1094 396 1225 437 modo
1274 396 1415 452 pomis
1463 396 1659 453 cibisque

194 471 453 516 nocentibus
487 469 741 517 abstineret,
776 466 852 509 sed
892 465 986 508 eius
1025 465 1172 522 gratia
1205 467 1531 509 conseruandae
1572 466 1658 508 fre-

193 541 347 598 quenti
377 539 569 583 clisterio
598 537 857 592 uomituque
885 537 1164 592 purgaretur,
1192 534 1531 591 plumbeamque
1566 550 1658 578 car-

157 627 176 662 5
194 609 376 654 thellam
417 608 575 665 supino
614 609 770 650 uentre
819 604 1031 647 mandato
1075 603 1360 660 physicorum
1400 604 1574 660 saepius
1614 608 1660 647 et

194 679 362 722 diutius
393 677 642 720 sustineret.
702 674 825 717 Adeo
859 688 967 716 uero
1005 672 1310 715 delectabatur
1348 672 1395 714 in
1429 676 1575 722 cantu,
1608 676 1661 715 ut

194 763 274 792 nec
313 749 490 791 theatro
528 750 672 789 terrae
712 747 837 787 motu
876 757 1097 794 concusso,
1131 756 1231 785 cum
1272 742 1405 784 semel
1445 746 1660 798 coeperat,
1678 752 1703 781 c

195 818 487 876 egrederetur,
522 819 760 872 antequam
795 814 1002 856 inchoata
1039 812 1200 855 finiret.
1261 811 1354 854 Nec
1395 826 1660 868 quemquam

195 887 345 946 egredi
384 901 434 930 eo
473 889 681 929 cantante
722 884 890 927 licitum
933 885 1042 926 erat.
1109 882 1236 924 Vnde
1276 881 1475 939 plerique
1515 882 1662 924 affecti

138 970 180 996 ιο
196 958 316 1001 tedio
334 956 542 1000 audiendi
563 954 772 998 simulato
796 953 951 996 funere
976 952 1081 995 elati
1106 955 1223 994 sunt.
1284 951 1450 994 Milites
1477 966 1662 1008 quoque,

195 1026 282 1069 nisi
311 1026 398 1068 alio
427 1024 564 1068 uerba
593 1022 922 1081 pronuntiante,
952 1036 1041 1064 non
1071 1020 1349 1077 appellabat;
1391 1035 1470 1063 nec
1502 1020 1664 1076 agebat

195 1096 430 1153 quicquam
465 1094 579 1137 serio
618 1093 779 1142 iocoue,
814 1092 922 1148 quin
955 1092 1202 1148 phonascus
1236 1093 1416 1140 astaret,
1451 1090 1526 1146 qui
1562 1104 1663 1132 eum

195 1165 287 1209 suis
321 1164 496 1208 arteriis
524 1178 702 1221 parcere
732 1163 996 1205 hortaretur.
1057 1161 1462 1203 Instrumentorum
1492 1174 1667 1216 quoque

195 1234 517 1279 curiosissimus
546 1236 654 1287 erat,
674 1235 726 1275 ut
755 1246 906 1275 eorum
936 1230 1141 1288 peritiam
1171 1229 1272 1272 aliis
1299 1229 1532 1278 inuideret,
1558 1228 1668 1271 adeo

139 1318 180 1354 15
197 1307 251 1348 ut
283 1303 460 1361 publico
494 1302 748 1346 testimonio
780 1316 826 1344 se
860 1300 1138 1344 citharedum
1172 1299 1416 1356 principem
1451 1298 1667 1355 gauderet

197 1373 420 1432 appellari.
480 1372 607 1415 Vnde
627 1372 762 1415 illud:

661 1447 904 1491 Citharedo
934 1445 1132 1503 principe
1162 1448 1297 1487 natus

430 1506 614 1550 nobilis:
654 1506 762 1549 haec
791 1506 911 1548 ultra
940 1504 1047 1561 quid
1078 1504 1164 1547 erit
1193 1503 1280 1546 nisi
1310 1502 1472 1546 ludus?

197 1582 252 1626 In
282 1586 411 1626 tanta
444 1597 618 1639 quoque
651 1581 765 1624 mole
797 1580 970 1637 imperii
1006 1594 1179 1622 omnem
1210 1593 1392 1636 perosus
1421 1581 1490 1620 est
1517 1577 1666 1635 graui·
1683 1575 1712 1615 d

140 1672 183 1697 ιο
197 1655 347 1696 tatem.
408 1652 735 1708 Philosophiam
765 1664 1031 1708 persequens
1060 1649 1186 1706 quasi
1217 1648 1463 1690 maiestatis
1492 1647 1667 1704 imperii

198 1723 434 1772 inimicam,
460 1724 505 1764 et
532 1721 749 1764 nobiliora
776 1720 955 1777 ingenia
980 1719 1152 1762 ueritus
1176 1733 1223 1760 se
1250 1717 1444 1761 consiliis
1468 1717 1669 1760 subdidit

198 1792 476 1850 histrionum,
492 1805 679 1848 quorum
699 1790 792 1847 ipse
813 1804 902 1832 non
917 1788 1096 1832 erubuit
1111 1787 1436 1845 turpitudinem
1452 1802 1667 1830 exercere.

201 1861 318 1904 Hinc
338 1861 473 1904 illud:

431 1928 560 1983 Quod
590 1943 680 1972 non
709 1928 821 1972 dant
850 1942 1062 1986 proceres,
1092 1927 1220 1970 dabit
1250 1926 1420 1970 histrio.

141 2035 182 2070 ²5
200 2010 314 2056 Cum
343 2025 450 2054 uero
482 2012 596 2052 esset
624 2009 822 2052 omnium
852 2008 1151 2058 auarissimus,
1177 2007 1287 2050 adeo
1314 2010 1366 2050 ut
1392 2007 1505 2050 nulli
1532 2006 1669 2063 quod-

201 2095 387 2137 cumque
407 2079 599 2122 officium
628 2079 865 2135 delegaret,
885 2078 993 2134 quin
1003 2080 1375 2135 prosequeretur:
1402 2076 1533 2119 Nosti
1562 2075 1670 2132 quid

146 2186 148 2189 .
201 2150 335 2194 michi
361 2164 473 2207 opus
496 2149 582 2201 sit3
613 2152 693 2191 aut
723 2148 834 2190 illud
865 2148 1106 2191 subiceret:
1135 2147 1223 2200 Qui
1247 2147 1453 2190 omnibus
1483 2149 1670 2203 praeest,

200 2219 404 2263 omnibus
437 2219 631 2276 indiget:
676 2221 826 2261 tamen
866 2218 1157 2260 histrionibus
1195 2220 1241 2261 et
1274 2217 1423 2260 mimis
1462 2216 1671 2273 pecunias

201 2288 398 2332 infinitas
427 2302 607 2346 erogare
637 2302 726 2330 non
755 2287 1052 2348 grauabatur3
1081 2287 1291 2344 singulos,
1320 2290 1453 2344 prout
1483 2286 1669 2342 quisque

144 2378 187 2413 30
202 2358 438 2417 placuerat,
458 2357 753 2414 amplissimae
780 2357 1015 2414 dignitatis
1045 2357 1222 2399 nomine
1249 2356 1532 2407 subornabat,
1559 2356 1670 2398 alios

202 2427 422 2485 patricios,
455 2427 565 2470 alios
603 2430 827 2470 senatores
865 2427 1026 2476 dicens,
1061 2426 1141 2469 hos
1177 2426 1419 2468 illustrium
1454 2425 1668 2482 spectabi-

202 2497 368 2540 liumue
387 2495 639 2539 nominibus
658 2496 923 2539 illustrabat.

251 2611 481 2658 phisicorum
498 2611 559 2647 CB
738 2619 777 2657 15
805 2611 1054 2657 cytharedum
1072 2609 1208 2646 GBAM
1388 2619 1429 2652 17
1456 2608 1669 2655 Cytharedo

237 2658 343 2694 ΒΑΜ
454 2669 501 2694 20
524 2658 818 2704 Phylosophiam
836 2659 864 2695 C
977 2668 1021 2694 22
1046 2658 1288 2704 hystrionum
1307 2656 1341 2691 A
1453 2667 1497 2701 24
1524 2655 1669 2702 hystrio

207 2705 246 2741 M
389 2707 434 2742 28
458 2704 715 2751 hystrionibus
732 2705 771 2740 M

206 2847 236 2883 S
257 2806 298 2881 {7
324 2799 503 2852 eftharedo
519 2799 614 2836 eta:
639 2798 717 2833 Iuv.
735 2798 809 2834 Sat.
826 2796 904 2833 viii.
927 2797 1003 2843 198,
1026 2806 1103 2842 199.
1201 2805 1246 2839 24
1270 2797 1364 2842 quod
1379 2806 1452 2831 ncm
1470 2796 1565 2831 etc.:
1591 2794 1668 2830 Iuv.

233 2858 256 2882 α
273 2872 281 2881 .
298 2856 360 2881 vn.
379 2855 436 2891 90.

1517 2922 1562 2954 45
