1994 3190
204 165 279 206 451
297 156 327 195 b
674 151 936 196 IOANNIS
976 150 1492 196 SARESBERIENSIS
1646 149 1758 212 [ΗΒ.
1774 161 1817 195 It

345 287 435 316 non
462 272 580 330 quod
610 287 680 315 res
709 271 951 329 praeterita
979 274 1221 322 reuocetur,
1242 285 1355 328 quae
1384 271 1431 313 in
1462 285 1513 314 eo
1543 271 1668 313 nulla
1690 285 1815 328 prae·

344 343 481 394 tex-iit,
516 342 591 386 sed
626 342 745 399 quod
789 356 858 384 res
898 340 1054 384 futura
1093 343 1365 398 expectatur,
1400 355 1513 398 quae
1552 341 1610 383 ab
1643 340 1817 384 insidiis

345 411 554 455 fortunae
588 411 752 468 pendet
780 413 832 453 ut
864 410 932 453 sit.
1005 409 1177 453 Deinde
1211 412 1263 452 tu
1294 410 1387 466 ipse
1417 413 1542 467 potes
1570 409 1817 467 prouidisse

345 480 526 537 aliquod
558 480 734 530 bonum,
764 479 882 536 quod
913 478 1030 522 forte
1058 478 1263 521 futurum
1293 481 1361 521 est
1389 479 1566 530 bonum,
1596 481 1641 521 et
1670 480 1818 535 potest

346 565 436 593 non
471 549 566 592 fore
600 549 792 601 bonum;
833 551 878 591 et
916 548 1034 591 idem
1068 550 1194 604 potes
1227 562 1317 590 non
1355 548 1600 604 prouidisse
1639 548 1816 598 bonum,
1835 562 1860 598 5

305 634 331 663 c
347 634 437 663 non
467 619 573 676 quia
599 619 740 676 possis
774 631 864 660 non
898 617 1142 674 prouidisse
1173 617 1291 674 quod
1322 618 1570 674 prouidisti‚
1601 618 1678 660 sed
1713 618 1819 674 quia

347 692 495 746 potest
523 702 613 730 non
641 688 807 730 bonum
838 701 932 730 esse
961 686 1078 743 quod
1107 686 1356 743 prouidisti.
1415 686 1531 729 Item
1558 690 1683 743 potes
1711 686 1819 743 quid

346 758 599 816 promisisse
627 757 700 800 uel
730 757 970 814 stipulatus
999 770 1093 798 esse
1122 755 1305 806 utiliter,
1337 755 1540 812 idemque
1574 759 1700 813 potes
1729 771 1820 799 non

347 828 610 885 promisisse,
644 830 724 869 aut
757 841 846 869 non
881 826 1121 882 stipulatus
1155 839 1248 868 esse
1284 825 1482 878 utiliter3
1522 826 1639 882 quod
1668 828 1820 869 tamen

349 896 590 954 promisisti
642 895 715 938 uel
766 894 1006 951 stipulatus
1057 908 1114 944 es,
1163 908 1253 936 non
1302 894 1553 950 promisisse
1596 897 1677 937 aut
1729 909 1819 938 non
1840 912 1884 937 10

348 959 590 1023 stipulatus
644 978 737 1007 esse
786 978 876 1006 non
924 966 1060 1020 potes.
1140 962 1384 1013 Praeterea,
1431 965 1483 1005 tu
1531 963 1579 1005 in
1629 963 1820 1006 fundum

349 1034 719 1091 Sempronianum
759 1032 886 1074 illum
926 1032 1002 1088 qui
1042 1035 1088 1074 te
1127 1031 1328 1088 sequitur
1362 1032 1660 1089 praecessisti;
1703 1036 1748 1075 et
1782 1032 1820 1075 si

349 1104 488 1146 alium
523 1102 810 1159 praecessisti,
841 1104 886 1144 te
921 1101 1035 1143 alius
1069 1103 1149 1143 aut
1184 1104 1360 1144 secutus
1395 1104 1463 1144 est
1501 1104 1582 1144 aut
1620 1101 1822 1158 sequitur

350 1176 431 1216 aut
477 1175 697 1229 sequetur.
776 1170 890 1214 Cum
934 1185 1039 1227 ergo
1081 1171 1388 1227 consequentis
1431 1171 1637 1214 euacuari
1681 1170 1822 1228 possit

350 1245 549 1291 euentus,
584 1241 885 1284 antecedentis
920 1254 1094 1296 quoque
1124 1240 1291 1283 ueritas
1325 1243 1472 1297 potest
1507 1241 1735 1292 infirmari,
1767 1243 1820 1284 ut
1842 1257 1883 1292 15

351 1314 398 1354 et
417 1310 469 1354 t‘u
489 1311 566 1367 qui
591 1323 890 1367 praecesseras
912 1323 1002 1352 non
1025 1309 1311 1366 praecessisse
1338 1309 1490 1366 possis.
1552 1310 1651 1363 Quo
1669 1313 1821 1353 tamen

351 1379 576 1437 ingressus
610 1393 668 1429 es,
698 1393 787 1422 non
820 1382 946 1435 potes
980 1392 1070 1421 non
1101 1377 1239 1421 fuisse
1269 1378 1504 1436 ingressus,
1532 1394 1675 1436 neque
1705 1378 1823 1436 quod

353 1449 523 1492 factum
554 1451 622 1491 est
650 1448 958 1491 connumerari
987 1450 1135 1505 potest
1164 1447 1354 1498 infectis,
1377 1463 1520 1505 neque
1550 1448 1668 1505 quod
1697 1463 1822 1506 prae-

306 1520 336 1561 d
354 1519 488 1570 ter-iit,
520 1533 576 1560 ne
610 1517 760 1569 fuerit,
791 1517 958 1575 poterit
988 1517 1196 1561 reuocari.
1268 1517 1325 1560 In
1359 1518 1430 1561 his
1463 1518 1582 1562 enim
1616 1518 1822 1561 omnibus

353 1603 466 1646 quae
486 1590 634 1630 mente
658 1590 870 1644 concepta
896 1587 968 1629 uel
993 1587 1142 1630 uerbis
1163 1601 1370 1644 expressa
1389 1587 1461 1630 uel
1481 1591 1584 1630 actu
1604 1586 1823 1643 completa
1843 1602 1886 1627 20

351 1657 638 1709 transierunt,
669 1671 758 1699 non
787 1659 974 1713 possunt
1008 1671 1088 1700 nec
1118 1659 1329 1713 poterunt
1364 1657 1524 1700 exinde
1553 1671 1643 1699 non
1673 1656 1824 1707 fuisse,

351 1727 436 1771 etsi
457 1726 606 1784 qualia
627 1726 783 1769 futura
809 1730 948 1777 erant,
969 1726 1075 1769 dum
1103 1726 1254 1769 eadem
1282 1726 1351 1769 sui
1379 1729 1541 1769 natura
1564 1729 1710 1770 certus
1733 1740 1824 1769 non

353 1797 456 1839 fixit
476 1799 674 1846 euentus,
694 1796 876 1839 ualeant
894 1811 984 1839 non
1012 1795 1159 1840 fuisse.
1221 1795 1395 1839 Talium
1421 1811 1528 1839 uero
1555 1796 1826 1839 clauduntur

352 1866 526 1908 ambitu
555 1864 715 1915 omnia,
746 1879 859 1921 quae
888 1865 1200 1921 cuiuscumque
1235 1865 1409 1922 generis
1440 1865 1714 1908 imminentis
1748 1879 1824 1922 ap-

353 1935 592 1991 pellatione
634 1933 915 1983 clauduntur,
958 1934 1061 1977 licet
1110 1933 1377 1977 familiarius
1420 1934 1477 1977 ad
1526 1935 1823 1991 quantitatem
1845 1947 1887 1982 25

353 2007 434 2046 aut
481 2003 537 2045 ad
588 2003 756 2059 aliquid
806 2006 887 2046 aut
936 2003 993 2046 ad
1043 2003 1273 2059 quodlibet
1321 2003 1509 2046 aliorum
1559 2003 1827 2046 naturaliter

355 2072 644 2129 applicentur.
705 2072 824 2124 Quid
854 2086 959 2129 ergo
989 2072 1164 2124 mirum,
1193 2073 1231 2114 si
1267 2072 1341 2115 ille
1374 2072 1449 2129 qui
1485 2073 1634 2115 omnia
1668 2075 1825 2130 potest,

356 2145 402 2185 et
441 2156 553 2198 quae
593 2142 828 2198 praeuidit‚
864 2157 951 2184 non
988 2141 1258 2199 praeuidisse
1298 2143 1476 2199 potest?
1515 2157 1615 2186 cum
1655 2146 1828 2186 constet

355 2211 458 2253 fidei
489 2210 606 2267 quod
638 2224 689 2253 ea
719 2225 832 2267 quae
863 2210 1067 2267 praeuisa
1096 2214 1203 2253 sunt
1232 2225 1321 2253 11011
1351 2211 1529 2254 euenire
1560 2217 1756 2268 possunt,
1781 2214 1828 2255 et

356 2294 469 2337 quae
505 2295 592 2322 non
627 2280 831 2336 praeuisa
859 2283 966 2323 sunt
995 2280 1184 2330 euenire,
1214 2294 1294 2324 nec
1324 2283 1473 2323 tamen
1504 2281 1617 2324 citra
1647 2295 1825 2339 conspe·
1846 2295 1889 2329 30

357 2353 477 2393 ctum
510 2349 815 2406 prouidentiae
848 2348 1029 2391 ualeant
1063 2349 1251 2392 euenire.
1311 2349 1391 2392 Ait
1421 2350 1537 2392 enim
1566 2350 1745 2393 Ysaias:
1777 2350 1827 2394 Si

359 2417 591 2461 uolueritis
626 2417 853 2460 ambulare
891 2418 936 2459 in
972 2417 1216 2475 praeceptis
1251 2418 1360 2460 meis
1400 2422 1445 2461 et
1480 2418 1711 2462 audieritis
1746 2434 1829 2471 me,

217 2487 477 2544 45nabona
525 2491 668 2530 terrae
714 2487 975 2539 comedetis;
1025 2487 1140 2544 quod
1191 2487 1228 2530 si
1280 2487 1522 2539 nolueritis,
1566 2492 1612 2531 et
1656 2503 1725 2531 me
1771 2489 1828 2532 ad

360 2557 632 2601 iracundiam
664 2557 1003 2606 concitaueritis,
1034 2556 1210 2613 gladius
1247 2557 1481 2601 deuorabit
1515 2573 1604 2609 uos,
1641 2558 1746 2615 quia
1779 2573 1829 2602 os

359 2626 538 2669 Domini
585 2626 778 2669 locutum
823 2629 904 2668 est.
985 2626 1093 2669 Ecce
1140 2626 1245 2683 quia
1284 2626 1469 2669 liberum
1511 2627 1582 2670 hic
1622 2630 1892 2674 seruaturus

411 2727 464 2760 ιι.
497 2728 535 2754 12
568 2719 733 2763 sumtum
767 2719 1095 2764 Sempronianum:
1150 2718 1364 2765 exemplum
1403 2719 1505 2766 apud
1544 2719 1828 2757 iurisconsultos

360 2768 530 2823 notum‘zl
549 2776 629 2811 (1.3.
652 2767 732 2849 Dv‘f.
753 2765 839 2820 xliv.
862 2776 874 2803 1
898 2764 915 2811 ξ
939 2767 1004 2812 16;
1031 2766 1078 2803 cs.
1099 2767 1220 2803 Seium
1237 2765 1340 2803 infra
1357 2768 1441 2814 (453
1458 2767 1507 2814 ιι).
1644 2777 1700 2813 31,
1718 2778 1762 2815 32
1787 2769 1830 2806 Si

360 2815 547 2850 uolumen·
563 2816 658 2850 etc:
711 2826 761 2850 ω,
779 2825 804 2851 1.
825 2823 876 2860 19,
898 2823 952 2850 20.

472 2877 534 2914 126
