1994 3190
749 217 1134 263 ENTHETIOVS

211 337 401 381 Lubrica
429 351 558 394 saepe
587 337 718 388 cadit,
748 338 957 395 quoniam
987 340 1194 381 uersatur
1222 339 1270 381 in
1299 339 1410 382 udo:

268 406 409 463 Saepe
438 406 598 450 cadens
627 407 771 449 labem
800 406 1026 450 contrahit
1054 410 1188 463 atque
1217 411 1382 453 notam.

211 475 336 518 Inter
362 475 648 532 multiloquos
678 479 724 519 et
751 476 939 533 grandia
967 476 1106 519 uerba
1133 480 1340 530 serentes,

269 543 376 587 Esto
405 544 694 601 tardiloquus,
723 548 903 602 estoque
933 560 1075 603 pauca
1104 546 1299 602 loquens.

173 635 192 669 5
211 613 330 656 Dum
359 613 536 671 linguas
565 617 731 657 acuunt
761 614 849 665 alii,
879 614 963 658 tibi
992 615 1152 658 calleat
1181 615 1312 666 auris,

269 682 329 725 Et
356 682 416 726 sit
445 682 653 727 Dulichio
683 684 849 741 remige
878 684 1014 727 surda
1043 685 1197 742 magis,

211 751 256 795 N
258 766 305 796 ec
334 754 512 795 tantum
542 752 693 796 ualeat
722 754 958 797 temeraria
987 754 1142 812 lingua
1171 755 1404 811 loquentis,

268 821 462 865 Pectoris
491 824 544 864 ut
571 822 712 879 possit
740 838 944 880 rumpere
973 824 1168 867 claustra
1197 825 1278 868 tui.

211 890 261 935 Si
290 890 464 948 patiens
494 890 643 942 fueris,
673 906 916 950 numquam
947 893 1030 936 tibi
1061 894 1198 937 uerba
1227 894 1459 945 nocebunt,

153 980 194 1005 ιο
268 960 574 1018 Turbatorque
603 964 708 1005 tuae
737 977 867 1006 nemo
896 963 1059 1020 quietis
1087 964 1186 1008 erit.

211 1029 420 1074 Excutiet
448 1044 613 1088 pacem,
643 1045 776 1088 quam
806 1031 885 1074 dat
915 1033 1144 1089 patientia,
1174 1033 1346 1086 nullus3

268 1098 340 1143 Sit
368 1099 472 1143 licet
501 1100 702 1151 exermis,
730 1102 921 1144 conterit
950 1117 1075 1144 arma
1104 1105 1266 1146 tamen.

210 1169 407 1212 Vtantur
435 1168 611 1227 linguis,
641 1173 693 1212 tu
722 1170 894 1214 uiribus
923 1174 1049 1214 utere
1078 1172 1263 1224 mentiz-33

269 1237 319 1281 Si
348 1238 480 1295 sapis,
510 1253 537 1281 a
566 1239 731 1296 linguis
759 1240 902 1297 gloria
931 1255 1094 1297 magna
1123 1241 1260 1284 uenit.

154 1328 194 1363 15
212 1306 330 1351 Nam
360 1322 472 1365 quae
502 1308 562 1351 sit
591 1309 793 1352 doctrina
822 1310 921 1362 uiri,
951 1310 1169 1367 patientia
1198 1314 1429 1362 monstrat,

269 1377 531 1435 Imbellique
562 1393 698 1421 manu
727 1379 844 1422 bella
872 1379 1068 1423 nefanda
1097 1381 1272 1437 premit.

213 1446 322 1501 Quis
351 1446 466 1491 feret
495 1451 725 1499 armatam,
755 1464 867 1506 quae
897 1450 991 1492 sola
1020 1450 1271 1507 triumphat
1301 1451 1493 1503 inermis,

268 1515 588 1574 Armatamque
617 1533 798 1561 manum
829 1519 1005 1563 uincere
1034 1520 1128 1563 sola
1158 1521 1301 1564 solet?

213 1585 295 1629 Vir
321 1586 495 1644 patiens
524 1586 633 1630 forti
663 1588 840 1641 melior;
879 1589 1026 1632 minor
1055 1604 1147 1632 esse
1177 1590 1432 1648 triumphus

153 1672 197 1697 πο
271 1655 403 1699 Vrbis
432 1671 566 1713 quam
595 1658 757 1700 mentis
787 1658 962 1709 dicitur,
993 1662 1146 1716 estque
1176 1660 1334 1703 minor.

211 1724 378 1783 Sperne
406 1725 556 1777 malos,
587 1741 797 1769 uenerare
826 1727 975 1779 bonos,
1005 1729 1181 1785 ignosce
1211 1730 1379 1773 uolenti

269 1793 483 1847 Laedere3
520 1795 644 1838 nulla
672 1796 800 1839 bonis
828 1797 941 1840 ultio
970 1801 1100 1855 grata
1129 1800 1282 1856 magis,

212 1862 350 1907 Nulla
377 1864 525 1907 uirum
556 1864 718 1908 fortem
748 1866 948 1910 uindicta
977 1868 1119 1925 magis
1149 1868 1275 1912 decet
1304 1869 1402 1921 ista,

266 1932 542 1991 Principibus
571 1949 743 1992 semper
772 1936 903 1979 debet
932 1937 1083 1980 adesse
1112 1938 1234 1989 uiris,

156 2025 196 2059 25
214 2001 270 2044 In
299 2017 484 2060 quorum
514 2004 718 2047 manibus
748 2005 822 2048 lex
852 2005 889 2048 si
919 2006 1044 2063 uiget
1074 2008 1215 2064 ignea,
1246 2009 1378 2065 punit

271 2071 390 2115 Dum
418 2073 607 2124 miseret,
637 2074 748 2117 fidos
778 2074 884 2117 dum
915 2077 1038 2132 cupit
1068 2092 1160 2120 esse
1192 2077 1313 2121 facit.

215 2139 429 2185 Prouocat
458 2142 515 2184 ad
545 2142 718 2186 facinus
743 2139 854 2186 >dum
885 2146 1029 2188 saeuit
1060 2147 1214 2203 iniqua
1243 2151 1452 2205 potestaS‚

235 2244 242 2252 .
272 2209 330 2253 Et
359 2210 444 2254 sibi
474 2211 692 2256 subiectos
722 2227 811 2257 non
841 2214 949 2257 sinit
979 2230 1071 2258 esse
1102 2216 1209 2273 pios,

219 2318 519 2391 ιὲἚᾊῖἒῖἫΒΑε

262 2466 286 2502 6
309 2466 478 2502 Dulichio
493 2467 642 2512 remfye:
672 2478 722 2502 sc.
739 2466 850 2502 Vlixe
865 2479 873 2508 ;
899 2467 946 2502 cf.
965 2469 1093 2504 Policr.
1108 2468 1171 2505 vii.
1189 2479 1243 2506 20.
1297 2469 1447 2506 Vlixem
1464 2470 1677 2505 Dulichium

215 2514 323 2548 vocat
347 2512 498 2548 Ovidius
516 2514 612 2550 Rem.
636 2515 718 2550 Am.
742 2523 810 2558 272
836 2513 939 2550 alibi.
988 2514 1171 2552 Fabulam
1201 2517 1247 2553 de
1272 2517 1383 2553 Vlixe
1410 2516 1678 2562 Sirenibusque

216 2561 348 2595 narrat
372 2559 555 2606 Hyginus
604 2560 660 2596 cf.
686 2560 811 2601 etiam,
831 2561 922 2598 Hor.
947 2563 1017 2607 Ep.
1043 2562 1067 2599 i.
1095 2574 1127 2599 2.
1146 2574 1214 2609 23;
1240 2564 1315 2600 Iuv.
1334 2567 1407 2599 Sat.
1428 2564 1478 2600 ix.
1500 2574 1576 2609 149,
1599 2573 1677 2610 150.

218 2613 261 2651 25
288 2607 346 2642 lex
372 2609 499 2652 iynea:
526 2606 726 2644 Deuteron.
755 2608 887 2644 xxxiii.
918 2619 949 2644 2.
978 2609 1138 2646 Videtur
1170 2614 1298 2647 noster
1330 2611 1456 2647 locum
1484 2611 1601 2647 istum
1630 2611 1678 2647 ad

217 2657 388 2688 normam
413 2653 516 2690 Prov.
539 2666 620 2691 xxv.
639 2665 694 2697 22,
720 2655 825 2691 Rom.
851 2654 913 2691 xii.
940 2666 986 2691 20
1010 2656 1253 2694 intellexisse.
1303 2658 1364 2695 Sic
1390 2659 1436 2695 de
1461 2660 1678 2694 sanctorum

217 2697 260 2734 in
290 2699 413 2746 legem
445 2700 613 2737 divinam
646 2713 771 2738 amore
805 2702 1003 2748 Gregorius
1037 2704 1199 2750 Magnus
1224 2707 1331 2742 Hom.
1364 2709 1405 2741 in
1429 2708 1570 2750 Evany.
1603 2717 1677 2740 xxx

219 2744 505 2783 Deuteronomii
521 2748 644 2784 locum
663 2749 835 2793 citatum,
855 2750 900 2785 de
919 2750 1070 2787 flamma
1087 2752 1305 2789 dilectionis
1322 2755 1439 2798 iqnem
1453 2753 1538 2789 Luc.
1554 2753 1618 2788 xii.
1632 2762 1679 2796 49

220 2792 373 2838 quidam
401 2793 442 2829 in
469 2794 624 2840 Aliquot
653 2795 922 2839 Quaestionum
948 2797 1045 2834 libro
1079 2799 1147 2835 sub
1180 2800 1334 2836 nomine
1367 2800 1492 2837 Bedae
1525 2799 1678 2846 vulgato

221 2839 368 2887 (Migne
385 2842 426 2877 P.
444 2842 487 2878 L.
505 2841 605 2878 xciii.
621 2843 706 2889 457)
725 2843 969 2889 interpretati
985 2846 1085 2881 sunt.

274 2923 353 2942 wass
925 2919 951 2950 0

1548 2929 1570 2962 9

1693 218 1774 276 383
1793 228 1818 259 c

1696 1938 1776 1988 384
1796 1949 1825 1977 a
