1994 3190
173 173 270 206 car.
286 159 428 222 xvm]
690 157 1127 204 POLICRATICVS
1653 167 1734 210 437
1755 159 1785 199 b

230 279 396 322 Verum
426 278 533 320 haec
563 279 741 320 tantum
771 276 882 318 alias
911 276 1030 318 inter
1058 278 1194 332 caput
1224 276 1389 319 extulit
1417 277 1561 328 urbes,

230 339 447 394 quantum
475 335 598 378 lenta
625 334 769 377 solent
797 333 916 376 inter
944 333 1137 376 uiburna
1166 334 1373 391 cupressi.

171 429 253 473 Sin
277 431 425 472 autem
446 426 712 470 familiarius
739 425 1006 483 expresserit
1035 425 1100 467 rei
1127 425 1475 477 similitudinem,
1496 427 1639 471 fidelis

169 500 216 541 et
253 511 360 540 uera
399 499 467 540 est
505 495 778 554 imaginatio,
817 494 938 552 quali
978 494 1125 537 utitur
1164 494 1473 539 Andromache
1519 496 1639 553 apud

131 590 150 625 ⁵
168 566 429 624 Virgilium:

342 657 381 700 O
411 656 546 699 michi
575 654 669 699 sola
697 654 784 697 mei
815 667 949 711 super
978 653 1252 697 Astianactis
1282 654 1429 711 imago
1444 669 1454 706 ;

340 715 403 758 sic
432 714 591 764 oculos,
620 713 682 756 sic
715 713 790 755 ille
819 726 990 763 manus,
1019 712 1082 755 sic
1112 726 1191 754 ora
1220 711 1405 762 ferebat,

341 776 386 817 et
415 787 532 816 nunc
565 771 711 828 equali
741 776 887 814 tecum
917 770 1176 827 pubesceret
1205 784 1298 813 euo.

166 864 333 908 Verum
353 864 391 908 si
417 863 476 907 ad
502 863 759 920 incorporea
787 861 1100 904 diuet-tendum
1130 863 1209 913 est,
1230 861 1401 904 ratione
1431 876 1542 918 opus
1572 865 1638 905 est
1656 875 1681 904 e

110 957 152 982 ιο
168 936 214 978 et
251 934 491 984 intellectu,
525 947 626 976 cum
661 932 826 988 absque
865 930 1163 988 intelligentia
1193 931 1300 974 haec
1334 945 1423 973 non
1459 931 1639 974 ualeant

166 1003 489 1061 comprehendi,
509 1004 554 1046 et
574 1016 729 1045 uerum
751 1016 840 1044 non
866 1000 1008 1058 possit
1037 1015 1130 1043 esse
1160 1000 1215 1043 de
1246 1000 1316 1043 his
1340 1001 1435 1043 sine
1466 1001 1638 1044 ratione

165 1072 390 1117 iudicium.
447 1071 707 1115 Intellectus
726 1071 877 1127 itaque
905 1070 1004 1113 aliis
1029 1070 1335 1113 deficientibus
1356 1069 1499 1112 exerit
1520 1069 1638 1112 uires

165 1156 280 1194 suas,
309 1144 355 1185 et
384 1141 510 1199 quasi
538 1141 586 1184 in
615 1155 715 1184 arce
745 1140 919 1182 animae
946 1139 1216 1183 constitutus
1246 1139 1395 1182 omnia
1425 1138 1638 1182 inferiora

165 1211 483 1269 complectitur,
501 1225 602 1254 cum
629 1210 686 1253 ab
710 1209 995 1252 inferioribus
1021 1208 1249 1266 superiora
1276 1212 1500 1265 nequeant
1518 1223 1636 1252 com-

108 1301 148 1336 15
166 1280 391 1338 prehendi.
441 1280 500 1324 Et
519 1294 637 1324 nunc
658 1279 835 1337 quidem
852 1293 922 1322 res
942 1281 994 1321 ut
1014 1280 1132 1329 sunt,
1144 1292 1262 1321 nunc
1277 1277 1409 1320 aliter
1424 1278 1637 1329 intuetur,

165 1364 283 1394 nunc
302 1349 571 1407 simpliciter,
591 1363 709 1392 nunc
732 1348 983 1405 composite,
1004 1362 1122 1391 nunc
1149 1347 1371 1391 disiuncta
1394 1347 1636 1405 coniungit,

164 1433 282 1463 nunc
317 1419 551 1463 coniuncta
589 1417 801 1461 distrahit
840 1419 885 1460 et
918 1417 1145 1474 disiungit.
1226 1415 1497 1474 Simpliciter
1531 1431 1636 1474 ergo

163 1487 329 1532 incedit
381 1487 643 1539 intellectus,
693 1487 799 1530 dum
852 1501 946 1529 rem
999 1485 1244 1543 quamlibet
1297 1486 1635 1543 contemplatur,

164 1559 275 1615 puta
303 1557 525 1600 hominem
556 1571 775 1614 equumue
805 1556 1064 1613 concipiens.
1126 1554 1239 1598 Cum
1261 1569 1368 1598 uero
1392 1570 1462 1599 res
1486 1556 1635 1613 plures

107 1645 150 1671 πο
164 1626 386 1684 gradatim
425 1626 743 1684 complectitur,
781 1624 1087 1682 compositioni
1130 1624 1348 1668 obnoxius
1388 1627 1478 1677 est;
1524 1629 1635 1682 puta

164 1695 247 1740 hoc
275 1695 561 1747 intellectum,
590 1695 812 1738 hominem
843 1694 994 1738 album
1025 1708 1245 1751 equumue
1274 1708 1459 1747 currere,
1484 1698 1632 1738 mente

163 1765 464 1823 complectens.
522 1765 757 1808 Disiuncta
776 1763 1018 1822 coniungit,
1037 1765 1090 1806 ut
1109 1763 1147 1806 si
1179 1753 1182 1756 ⁴
1646 1763 1676 1803 d

334 1858 529 1902 humano
557 1857 694 1915 capiti
723 1856 939 1902 ceruicem
970 1856 1130 1913 iungat
1159 1856 1380 1913 equinam,

589 1915 739 1960 uarias
768 1915 982 1959 inducens
1010 1914 1207 1971 undique
1237 1914 1412 1972 plumas

106 2018 148 2054 ²5
164 2003 228 2055 ut,
246 2001 375 2045 iuxta
393 2003 581 2060 poetam,

826 2059 1021 2117 turpiter
1049 2062 1199 2103 atrum

335 2117 509 2162 desinat
538 2118 586 2161 in
615 2118 779 2176 piscem
807 2117 969 2161 mulier
998 2117 1193 2162 formosa
1221 2131 1410 2175 superne

163 2207 296 2253 Hunc
324 2223 430 2254 uero
458 2209 517 2253 ad
547 2210 771 2254 auditores
794 2225 897 2253 suos
926 2209 1063 2253 uerbo
1089 2209 1304 2252 traiciunt
1333 2210 1502 2266 poetae,
1530 2222 1630 2251 cum

162 2277 474 2332 hircoceruum,
486 2282 745 2323 centaurum
760 2278 1016 2323 describunt
1030 2282 1076 2322 et
1087 2279 1340 2323 chimeram.
1381 2277 1632 2322 Coniuncta

105 2365 148 2399 30
163 2361 270 2390 uero
300 2347 526 2406 disiungit,
556 2350 609 2391 ut
637 2348 675 2391 si
705 2347 895 2391 formam
924 2350 1076 2391 teneat
1105 2347 1271 2404 absque
1299 2347 1499 2398 materia,
1529 2361 1630 2390 cum

162 2415 313 2458 tamen
341 2416 435 2460 sine
464 2431 516 2460 ea
544 2416 690 2460 forma
718 2417 899 2460 omnino
929 2431 1023 2461 esse
1056 2431 1147 2460 non
1180 2416 1332 2474 possit,
1362 2416 1448 2459 nisi
1484 2415 1630 2460 forma

163 2484 335 2527 essendi
360 2487 405 2528 et
433 2485 473 2528 ei
499 2485 762 2530 adherentes
788 2486 958 2530 formae
982 2486 1240 2538 formarum,
1260 2501 1317 2530 ex
1341 2486 1502 2543 quibus
1526 2485 1629 2528 illae

162 2553 795 2625 mginatio
813 2578 854 2614 M
995 2578 1019 2615 6
1042 2589 1180 2625 ymago
1197 2577 1239 2614 M

211 2656 235 2692 6
261 2656 290 2691 0
305 2657 414 2693 miehi
429 2658 522 2694 eta:
547 2657 659 2705 Verg.
677 2660 768 2696 Aen.
785 2658 838 2696 iii.
858 2660 1010 2706 489-91.
1162 2670 1206 2705 23
1231 2660 1390 2696 humano
1409 2660 1482 2696 etc.
1498 2669 1508 2694 ε
1535 2658 1625 2695 Hor.

164 2702 212 2738 A.
230 2703 270 2737 P.
293 2712 368 2739 1-2.
487 2705 533 2742 26
557 2711 598 2741 ut
613 2708 769 2752 turpiter
783 2709 878 2743 etc.:
906 2706 995 2743 Hor.
1015 2708 1060 2743 A.
1079 2708 1120 2742 P.
1140 2717 1173 2752 3,
1190 2718 1224 2751 4.
1340 2707 1385 2742 28
1409 2707 1542 2742 Hunc:
1574 2717 1622 2741 sc.

164 2747 415 2803 intellectum.
572 2763 618 2799 32
644 2765 688 2790 ex
710 2755 839 2802 quibus
860 2755 934 2792 etc.
950 2766 959 2791 :
985 2766 1021 2790 v.
1040 2754 1174 2791 Boeth.
1192 2756 1236 2791 de
1255 2755 1360 2792 Tm'n.
1379 2765 1410 2790 c.
1430 2764 1451 2790 2
1470 2753 1617 2800 (Migne

165 2797 208 2832 P.
220 2797 264 2832 L.
283 2796 370 2835 lxiv.
390 2801 507 2844 1250).

1438 2880 1500 2913 103
