1994 3190
192 241 289 274 cst.
305 227 419 288 xm]
712 225 1149 272 POLICRA'I'IOVS
1672 239 1740 279 411
1757 228 1787 269 d

192 349 334 404 doque
370 345 630 404 portendere
662 359 751 388 non
789 345 1068 402 dedignatur.
1141 346 1342 390 Minutae
1382 347 1517 390 etiam
1553 360 1659 403 aues

106 439 112 445 ·
191 417 388 460 aduentu
417 430 498 459 suo
526 414 599 457 uel
629 429 800 458 recessu
831 414 1086 471 significant
1115 415 1333 459 familiam
1363 431 1481 460 nunc
1505 417 1659 468 minui,

190 500 306 529 nunc
327 484 491 542 augeri.
553 484 764 527 Omnium
791 498 898 526 uero
917 484 1094 527 uolatus
1114 488 1282 541 quanto
1306 486 1510 538 serenior,
1530 489 1659 529 tanto

190 554 465 598 laudabilior.
545 553 673 596 Vnde
713 553 933 610 Melampo
973 567 1117 610 augur
1156 554 1518 610 praenominatus
1557 570 1658 599 con-

152 642 171 676 5
191 624 402 682 queritur,
424 627 618 681 stragem
639 623 911 666 Graecorum·
926 622 1153 666 coniciens
1165 636 1221 665 ex
1241 622 1420 676 uolatu;

710 700 845 742 Vides
874 702 927 742 ut
955 699 1079 742 nulla
1108 691 1300 743 serenos⁴

363 759 453 802 ales
482 761 588 816 agat
616 772 782 801 cursus.
1676 771 1749 811 4¹2
1769 770 1800 799 a

248 840 290 883 A
327 839 480 882 bestiis
520 853 693 896 quoque
726 838 902 882 uiarum
943 842 1123 881 tuarum
1159 842 1346 882 euentus
1380 838 1659 882 scrutaberis.

193 908 374 967 Leporis
413 909 590 952 timebis
630 923 870 960 occursum,
906 908 943 951 si
976 911 1127 950 tamen
1164 908 1366 951 euaserit.
1427 907 1509 950 Est
1544 909 1660 951 enim

137 995 176 1018 xo
193 978 481 1036 proculdubio
501 978 630 1035 longe
651 977 921 1020 commodior
939 977 987 1019 in
1003 991 1155 1020 mensa
1176 992 1309 1034 quam
1330 977 1377 1019 in
1397 977 1485 1020 uia.
1537 977 1662 1034 Lupo

193 1048 324 1093 obuio
343 1047 743 1105 congratulaberis3
772 1046 876 1089 boni
897 1046 1115 1103 siquidem
1137 1046 1323 1090 nuntius
1348 1050 1427 1098 est,
1446 1046 1550 1090 licet
1570 1046 1663 1090 solo

192 1119 293 1163 uisu
333 1132 487 1161 nocere
526 1117 666 1160 soleat
705 1116 746 1159 ei
785 1129 916 1173 quem
956 1119 1061 1159 ante
1100 1116 1384 1174 praeuiderit‚
1423 1131 1662 1174 uocemque

191 1188 483 1247 praecludere.
542 1187 680 1230 quta
699 1186 837 1229 illud:

366 1269 466 1311 Vox
496 1267 617 1325 fugit
646 1267 754 1325 ipsa,
783 1267 878 1324 lupi
909 1267 1068 1310 Merim
1098 1267 1250 1310 uidere
1280 1267 1459 1324 priores.

134 1366 175 1401 15
195 1350 333 1394 Hiero
357 1349 533 1393 Siculus
556 1348 824 1391 litteratorio
851 1348 1061 1391 insistens
1083 1347 1233 1391 studio
1263 1348 1382 1391 inter
1407 1348 1663 1406 coaequales

192 1419 296 1464 stilo
315 1433 492 1476 operam
514 1418 661 1469 dabat,
682 1418 809 1475 eique
836 1417 968 1475 lupus
988 1418 1036 1460 in
1063 1417 1198 1461 turba
1217 1431 1455 1475 puerorum
1481 1422 1663 1475 repente

112 1508 114 1510 ’
193 1492 450 1547 conspectus
494 1487 704 1531 tabellam
757 1488 932 1544 eripuit,
972 1502 1198 1532 successus
1243 1487 1436 1530 hominis
1480 1487 1662 1530 firmans

193 1559 396 1603 inaudita
415 1557 560 1601 forma
587 1556 790 1614 prodigii.
851 1556 970 1610 Quid
990 1556 1164 1600 multa?
1193 1556 1289 1614 lupi
1316 1556 1552 1601 efficaciam
1572 1570 1662 1599 non
1679 1559 1708 1598 b

193 1629 384 1687 negabit,
400 1626 599 1685 quisquis
613 1641 753 1684 genus
766 1625 1065 1670 Romanorum
1078 1625 1232 1683 lupino
1244 1626 1358 1670 lacte
1370 1640 1459 1669 non
1474 1625 1664 1683 ambigit

133 1721 178 1747 no
194 1699 440 1743 educatum.
498 1696 626 1740 Vnde
650 1696 909 1754 plerumque
936 1695 1053 1753 quod
1075 1696 1123 1739 in
1143 1696 1207 1740 eis
1227 1696 1399 1741 dulcius
1420 1698 1499 1747 est,
1519 1695 1664 1739 adhuc

193 1769 395 1827 lupinum
426 1780 626 1825 saporem
666 1766 852 1818 retinet;
893 1766 1113 1823 primique
1152 1780 1304 1809 eorum
1342 1765 1488 1818 fidem,
1529 1779 1663 1822 quam

195 1851 223 1881 a
255 1841 397 1882 matre
440 1836 566 1897 Lupa
605 1835 864 1886 didicerant,
895 1836 979 1878 sibi
1023 1836 1214 1879 inuicem
1253 1838 1559 1887 seruauerunt,
1592 1849 1662 1878 ea-

195 1907 380 1965 demque
400 1906 591 1964 quadam
611 1906 706 1964 lege
726 1909 913 1949 naturae
933 1906 1136 1948 manauit
1154 1905 1212 1948 ad
1231 1908 1442 1963 posteros
1491 1904 1664 1948 Ouibus

197 1979 427 2036 gratanter
446 1976 622 2020 obuiam
642 1975 870 2033 gradieris,
890 1975 996 2019 dum
1023 1989 1203 2033 capram
1222 1975 1350 2026 uites
1370 1974 1441 2019 cui
1461 1974 1663 2018 alludens

138 2068 180 2104 ²⁵
197 2049 327 2105 poeta
345 2046 432 2090 ait:

371 2124 611 2168 Occursare
639 2137 784 2181 capro,
813 2137 951 2166 cornu
980 2122 1088 2166 ferit
1117 2123 1211 2176 ille,
1234 2125 1402 2166 caueto.

197 2204 344 2248 Bobus
377 2204 704 2255 triturantibus,
736 2203 947 2248 libentius
981 2207 1132 2247 tamen
1172 2204 1415 2256 arantibus,
1449 2203 1662 2246 obuiabis.

197 2273 291 2317 Nec
309 2273 538 2331 displiceat
558 2273 596 2316 si
618 2274 739 2317 uiam
767 2274 980 2332 ruperint,
1000 2275 1107 2332 quia
1129 2288 1254 2317 mora
1282 2273 1456 2317 itineris
1479 2273 1662 2330 hospitii

197 2343 342 2400 gratia
361 2343 726 2400 compensabitur.
778 2344 934 2388 'Mulus
954 2344 1179 2388 infaustus
1199 2346 1279 2397 est,
1294 2343 1445 2387 asinus
1466 2343 1662 2396 inutilis;

199 2475 227 2547 ὃ
263 2469 328 2548 ᾗεὲ
338 2463 566 2502 laudabilior
581 2467 664 2502 add.
682 2467 738 2502 est
756 2464 795 2501 M
957 2475 997 2512 15
1025 2466 1152 2513 Hyero
1168 2464 1202 2501 A
1362 2474 1406 2501 22
1432 2463 1663 2502 didiscerant

201 2620 327 2668 Gange
354 2620 497 2659 citatos.
546 2619 605 2659 Ad
631 2623 756 2659 locum
784 2624 956 2659 nostrum
980 2621 1012 2659 si
1040 2620 1301 2659 Bollandistae
1325 2620 1366 2656 in
1391 2620 1472 2657 vita
1495 2619 1531 2656 S.
1558 2620 1662 2657 Aviti

202 2667 459 2713 advertissent,
483 2669 530 2706 de
556 2671 691 2712 &tor-io,
715 2669 861 2706 Gallice
887 2672 1002 2715 butor,
1024 2669 1048 2706 i.
1062 2681 1092 2706 e.
1120 2670 1240 2711 ardea,
1259 2669 1362 2704 haud
1382 2668 1662 2715 cogitavissent.

202 2726 226 2760 4
238 2718 557 2761 praenominatus:
581 2728 630 2753 sc.
648 2728 721 2762 410
733 2717 771 2760 C,
791 2716 823 2752 D
842 2728 969 2771 supra.
1074 2719 1097 2754 6
1119 2718 1224 2770 Vidgq
1241 2718 1312 2753 etc.
1329 2727 1337 2751 :
1366 2714 1463 2752 Stat.
1485 2717 1589 2752 Theb.
1607 2715 1661 2751 iii.

204 2771 438 2855 {ffi’:⁴'1⁷erg.
455 2811 534 2847 Ecz.
548 2774 599 2846 ig
613 2766 719 2857 {31²⁰
736 2766 809 2864 etc.
826 2791 849 2847 '1
858 2764 1017 2857 ζὲῑέιεῖο
1029 2765 1142 2848 ch
1157 2773 1414 2848 irunsltigiixxiii.
1433 2819 1468 2854 4.
1514 2774 1557 2808 14
1588 2764 1665 2846 Vg}

207 2858 398 2893 Occursare
413 2858 485 2894 etc.
502 2869 512 2894 z
539 2857 648 2904 Verg.
666 2859 744 2895 an.
762 2869 812 2895 ix.
831 2868 888 2907 25.

1512 2938 1554 2971 59
