1994 3190
182 198 282 232 OAP.
298 186 350 248 x]
689 185 1125 230 POLICRATICVS
1366 215 1369 218 -
1656 193 1728 233 531
1746 182 1775 221 d

178 308 310 351 nimis
343 307 497 350 iustus.
557 305 675 359 Quid
710 320 814 363 ergo
847 305 1034 348 nimium
1065 306 1255 362 prodest,
1290 307 1328 350 si
1364 306 1517 365 regina
1548 306 1638 348 uir-

177 379 326 419 tutum
366 376 538 419 iustitia
576 375 623 417 in
663 374 731 417 sui
771 374 1000 416 nimietate
1047 374 1171 417 obest
1189 378 1205 417 2
1278 375 1399 418 Alibi
1443 390 1639 432 quoque:

178 444 330 488 Nimia
348 444 577 487 humilitas
597 443 792 485 maxima
811 457 913 499 pars
933 442 1164 499 superbiae
1185 446 1264 486 est.
1320 445 1391 487 Ad
1412 445 1637 488 sinistram

177 513 394 556 declinare
415 516 482 556 est
501 527 580 570 per
598 512 790 568 abrupta
808 511 1021 554 uitiorum
1041 525 1069 553 a
1088 511 1163 553 uia
1179 512 1399 555 uirtutum
1420 513 1639 556 declinare

139 601 158 636 ⁵
175 582 248 625 uel
277 582 465 625 deuiare.
540 581 655 624 Item
685 580 935 623 deflectitur
963 579 1020 622 ad
1050 579 1275 622 sinistram
1306 582 1381 637 qui
1417 582 1464 624 in
1496 583 1639 625 subie-

175 653 346 695 ctorum
358 651 498 708 culpis
513 650 645 693 nimis
660 664 826 707 pronus
843 652 910 692 est
925 648 982 691 ad
994 648 1238 691 uindictam
1247 662 1257 700 ;
1278 651 1323 691 et
1338 650 1394 691 ad
1411 650 1640 693 dexteram

174 735 372 778 gressum
393 722 570 776 torquet
590 719 666 776 qui
688 718 1046 775 delinquentibus
1070 732 1127 760 ex
1147 718 1485 761 mansuetudine
1506 720 1639 762 nimis
1655 726 1733 766 532
1753 728 1782 756 a

174 790 386 847 indulget.
446 789 540 832 Iter
569 791 718 832 autem
738 790 976 844 utrumque
1006 786 1185 830 deuium
1215 789 1283 830 est
1295 802 1305 840 ;
1334 786 1410 830 sed
1437 788 1554 844 quod
1582 789 1638 830 ad

174 859 400 903 sinistram
420 859 568 916 uergit
586 857 873 916 perniciosius
894 859 973 900 est.

117 999 159 1024 ιο
254 979 358 1038 Cap.
384 994 448 1025 10.
499 979 623 1034 Quid
642 977 862 1023 utilitatis
881 976 934 1020 de
954 975 1083 1020 cultu
1102 976 1308 1020 iustitiae
1324 977 1562 1034 principes

734 1050 1078 1104 consequantur.

233 1136 321 1180 Sed
340 1136 564 1194 legitimae
588 1135 720 1178 huius
750 1133 1055 1177 obseruantiae
1085 1147 1302 1190 quaenam
1329 1133 1415 1176 erit
1436 1132 1640 1176 utilitas?

176 1205 286 1250 Eam
306 1207 460 1263 utique
484 1205 765 1263 propheticus
786 1218 928 1247 sermo
948 1203 1152 1260 protinus
1172 1203 1334 1245 subdit.
1395 1203 1475 1245 Ait
1494 1202 1611 1244 enim
1630 1219 1638 1244 :

175 1275 237 1319 Vt
265 1276 396 1334 longo
428 1278 624 1332 tempore
659 1276 814 1331 regnet
846 1273 951 1331 ipse,
980 1276 1025 1315 et
1054 1272 1173 1315 filius
1203 1273 1296 1315 eius
1326 1287 1459 1329 super
1488 1272 1638 1314 Israel.

117 1362 155 1396 15
175 1345 284 1388 Ecce
319 1359 534 1402 quaenam
569 1347 721 1387 tantae
750 1342 1024 1386 difficultatis
1054 1342 1209 1385 futura
1238 1342 1298 1384 sit
1327 1356 1502 1391 merces,
1532 1341 1638 1383 dum

174 1429 310 1472 regna
330 1417 516 1471 paterna
535 1413 638 1456 filiis
658 1412 790 1470 longo
810 1415 1006 1469 tempore
1029 1412 1321 1469 protelantur.
1382 1411 1449 1454 De
1470 1411 1639 1453 uirtute

172 1498 361 1542 namque
391 1486 624 1541 parentum
649 1482 931 1540 protenditur
955 1482 1168 1525 successio
1198 1482 1390 1524 filiorum
1420 1485 1465 1524 et
1493 1495 1639 1524 succe-

172 1553 372 1596 dentium
412 1552 601 1596 felicitas
641 1567 696 1594 ex
736 1551 1042 1595 decedentium
1080 1551 1318 1608 iniquitate
1357 1550 1637 1608 praeciditur.

174 1623 291 1666 Nam
324 1622 518 1680 Spiritus
557 1622 698 1665 sancti
738 1624 907 1664 certum
947 1624 1014 1664 est
1053 1620 1308 1663 testimonio
1342 1621 1447 1677 quia
1481 1620 1636 1662 iniusti
1654 1628 1683 1667 b

116 1715 158 1740 20
174 1693 451 1750 disperibunt
471 1692 602 1735 simul
622 1694 667 1735 et
691 1691 902 1748 reliquiae
929 1691 1164 1748 impiorum
1189 1691 1446 1733 interibunt.
1507 1690 1639 1733 Salus

174 1766 322 1806 autem
343 1762 560 1805 iustorum
587 1777 615 1805 a
641 1761 831 1822 Domino
853 1763 930 1811 est,
952 1760 1028 1817 qui
1058 1760 1253 1817 protegit
1280 1775 1353 1803 eos
1373 1760 1420 1802 in
1439 1763 1637 1816 tempore

173 1832 481 1876 tribulationis.
512 1828 630 1879 (Sed
659 1845 759 1874 cum
790 1830 1002 1873 eternitas
1031 1829 1171 1872 totius
1200 1830 1422 1886 temporis,
1450 1832 1636 1886 quanta—

172 1916 357 1958 cumque
377 1901 446 1951 sit,
467 1915 546 1958 per
566 1900 864 1943 minutissima
883 1902 1106 1942 momenta
1133 1899 1321 1949 deficiat,
1337 1902 1382 1941 et
1403 1899 1449 1941 in
1470 1913 1521 1942 eo
1541 1902 1637 1941 toto

172 1986 261 2015 non
284 1970 370 2013 nisi
397 1970 633 2013 admodum
660 1970 794 2013 breue
823 1972 1096 2012 momentum
1126 1968 1351 2020 subsistat,
1372 1968 1478 2026 quid
1509 1968 1556 2010 in
1586 1983 1637 2011 eo

116 2060 156 2094 ²5
172 2040 336 2098 poterit
355 2054 448 2083 esse
467 2040 660 2097 longum,
680 2054 780 2082 cum
811 2054 863 2082 ea
882 2038 1041 2089 omnia,
1061 2038 1098 2080 si
1123 2038 1390 2095 colligantur
1413 2038 1460 2080 in
1485 2052 1636 2087 unum,

173 2123 303 2153 uerae
324 2109 550 2152 eternitati
570 2108 730 2152 collata
750 2123 829 2151 nec
849 2107 1003 2165 puncti
1024 2107 1202 2164 quidem
1228 2107 1372 2150 locum
1393 2106 1637 2156 obtineant,
1661 2104 1673 2134 5

173 2193 224 2222 eo
244 2180 359 2236 quod
379 2179 605 2222 finitorum
626 2179 683 2221 ad
704 2178 881 2220 infinita
900 2177 1079 2220 omnino
1106 2176 1230 2219 nulla
1250 2180 1317 2219 est
1336 2176 1637 2233 comparatio?

173 2247 303 2293 Certe
323 2249 462 2293 centri
483 2249 539 2291 ad
558 2247 812 2306 periferiam
831 2246 904 2290 uel
924 2245 1337 2296 circumferentiam,
1357 2246 1440 2290 etsi
1462 2246 1637 2303 exigua,

174 2318 323 2375 aliqua
345 2321 506 2369 tamen,
525 2321 578 2360 ut
603 2317 805 2375 pluribus
834 2316 988 2374 placet,
1009 2315 1235 2373 proportio
1262 2318 1355 2368 est3
1386 2315 1637 2358 eternitatis

113 2402 158 2436 30
174 2389 220 2430 et
258 2387 467 2444 temporis
505 2387 637 2430 nulla.
703 2386 821 2440 Quid
861 2400 965 2443 ergo
1003 2385 1186 2442 longum
1226 2384 1312 2428 erit
1345 2385 1393 2427 in
1433 2399 1484 2428 eo
1519 2385 1636 2441 quod

174 2459 319 2499 totum
357 2457 490 2499 breue
529 2459 628 2499 est?
673 2459 753 2499 aut
790 2469 904 2512 quae
943 2454 1174 2498 beatitudo
1213 2454 1424 2512 temporis
1462 2454 1636 2497 animae

172 2573 196 2608 6
221 2571 391 2608 dextram
407 2570 442 2605 A
583 2580 627 2607 12
651 2570 839 2618 legittime
857 2568 930 2606 BS¹
946 2580 955 2605 ε
981 2568 1198 2616 legittimae
1214 2568 1256 2604 M

221 2690 242 2725 3
267 2681 393 2715 Nimia
414 2680 600 2715 humilitas
615 2681 710 2716 etc.:
745 2679 863 2724 Quem
880 2679 975 2717 citet
998 2679 1144 2722 Noster,
1163 2678 1288 2716 nescio
1303 2692 1313 2722 ;
1351 2678 1398 2715 cf.
1418 2677 1529 2714 Arist.
1547 2680 1634 2714 Eth.

173 2729 252 2763 Nic.
266 2726 314 2762 iv.
334 2737 375 2771 13
388 2727 494 2772 (1127
508 2727 544 2763 b.
562 2727 633 2771 29).
777 2737 821 2772 14
850 2729 894 2763 Vt
910 2729 1014 2773 lonyo
1031 2730 1103 2764 etc.
1118 2738 1127 2762 :
1155 2726 1265 2763 Deut.
1283 2725 1370 2762 xvii.
1387 2737 1443 2762 20.
1593 2736 1635 2770 19

173 2776 305 2810 iniusti
321 2775 414 2810 em:
440 2773 497 2809 Ps.
515 2773 638 2809 xxxvi.
657 2774 712 2819 38,
732 2783 787 2820 39.
933 2784 976 2820 25
1004 2787 1084 2810 cum
1101 2786 1141 2810 ea
1159 2776 1282 2810 omnia
1298 2775 1369 2810 etc.
1386 2784 1395 2808 :
1430 2773 1478 2810 cf.
1498 2773 1633 2810 Boeth.

177 2822 315 2859 consol.
331 2822 426 2858 Phil.
442 2820 483 2868 ii,
497 2820 598 2857 Pros.
610 2820 674 2866 vii,
690 2822 736 2866 48
747 2832 849 2868 seqq.
866 2833 875 2866 ;
900 2822 986 2858 ibid.
1003 2821 1051 2867 iv,
1069 2821 1168 2858 Pros.
1187 2820 1234 2866 vi,
1253 2829 1308 2867 75,
1328 2821 1385 2865 76.

1460 2892 1523 2934 267
