1994 3190
168 210 352 272 osan]
674 208 1076 257 POLICRATIOV
1078 209 1110 253 S
1646 209 1779 261 4383,ἱ

166 346 225 376 se·
239 331 407 383 asserit,
434 345 486 374 eo
512 330 630 387 quod
656 330 900 387 egredienti
921 329 1110 380 Lucifer,
1138 330 1214 386 qui
1241 333 1286 372 et
1306 330 1468 383 Venus,
1493 330 1643 373 donec

166 401 224 445 ad
250 400 429 443 Italiam
458 399 722 456 perueniret,
749 398 1006 456 apparuerit
1033 399 1292 456 auspicanti.

410 490 622 534 Defectus
652 490 756 534 solis
785 490 933 534 uarios
963 490 1180 547 lunaeque
1211 491 1382 534 labores

164 597 313 626 rerum
333 582 566 626 euentibus
586 582 817 626 curiositas
838 582 1033 624 humana
1052 584 1241 639 coaptat.

128 761 148 795 5
286 735 392 795 Cap.
422 750 462 790 4.
511 737 575 780 De
603 735 749 792 siquis
778 749 892 791 quae
915 739 1252 791 praecessemnt
1282 735 1514 780 excidium

510 804 934 848 Ierosolimitanum
962 804 1283 848 nouissimum.

222 909 363 952 Vetus
382 907 520 951 refert
539 907 726 950 historia
745 906 826 966 (sic
846 907 966 950 dicta
985 907 1103 964 quod
1118 911 1186 950 est
1201 911 1358 950 auctor
1377 908 1471 951 eius
1491 908 1629 952 incer-

165 981 252 1031 tus,
272 981 317 1022 et
340 981 493 1021 uetera
519 976 673 1035 refert)
704 976 820 1033 quod
851 976 1109 1020 imminente
1130 977 1485 1020 Ierosolimorum
1514 979 1628 1021 exci-

165 1048 239 1092 dio
259 1048 431 1105 eclipsis
457 1047 588 1090 lunae
618 1061 697 1104 per
719 1045 949 1089 duodecim
979 1049 1129 1089 noctes
1156 1046 1389 1089 continuas
1415 1047 1550 1090 etiam
1582 1048 1628 1089 in

108 1131 149 1156 10
165 1117 468 1177 remotissimis
498 1116 603 1159 locis
632 1119 858 1173 protracta
887 1118 966 1167 est,
992 1115 1108 1158 forte
1139 1115 1391 1173 significans
1422 1116 1629 1160 Iudaicae

164 1187 373 1245 perfidiae
403 1190 449 1230 e't
478 1185 773 1243 superstitiosi
803 1185 964 1228 erroris
991 1185 1274 1235 euersionem,
1304 1200 1417 1242 quae
1448 1185 1629 1230 Christo

163 1270 243 1314 per
262 1255 632 1314 praedicationem
659 1254 943 1312 apostolicam
974 1254 1139 1298 mundo
1168 1255 1446 1298 illucescente
1473 1256 1624 1299 rectis-

163 1325 272 1369 sime
311 1325 509 1383 contigit.
569 1325 794 1382 Scriptum
830 1327 897 1367 est
930 1324 1072 1367 enim:
1117 1324 1294 1368 Stultus
1333 1328 1536 1368 mutatur
1575 1329 1626 1368 ut
1645 1323 1675 1363 d

164 1394 282 1447 luna,
303 1395 477 1452 sapiens
501 1409 607 1438 uero
634 1409 734 1437 cum
759 1393 849 1437 sole
876 1397 1117 1451 permanet.
1176 1394 1280 1436 Alia
1300 1409 1472 1451 quoque
1494 1410 1626 1452 quam

108 1473 148 1510 ¹5
163 1464 366 1522 plurima,
385 1464 539 1507 diuino
558 1478 691 1521 super
709 1463 957 1507 incredulos
984 1463 1242 1506 imminente
1269 1464 1443 1514 iudicio,
1462 1464 1628 1507 accide-

164 1536 282 1585 runt,
302 1549 414 1591 quae
439 1534 475 1576 si
496 1548 575 1591 per
594 1533 781 1590 singula,
802 1537 934 1590 prout
954 1533 1011 1575 ab
1031 1533 1285 1576 auctoribus
1308 1534 1481 1590 digesta
1511 1538 1628 1584 sunt,

164 1617 345 1660 coepero
375 1617 591 1652 enarrare,
611 1602 683 1645 uel
714 1602 807 1645 sola
827 1602 935 1645 haec
955 1602 1183 1659 proprium
1205 1605 1380 1659 tempus
1407 1602 1626 1646 desidera—

163 1668 278 1715 bunt
297 1674 342 1715 et
361 1672 512 1715 otium.
573 1671 718 1715 Pauca
737 1674 887 1714 tamen
915 1675 1093 1714 auctore
1113 1671 1301 1728 Iosepho
1320 1672 1628 1729 compendioso

164 1755 362 1784 sermone
381 1755 646 1798 percurram,
667 1755 718 1784 eo
739 1740 855 1797 quod
876 1740 933 1783 ad
954 1740 1245 1783 roborandam
1270 1741 1402 1783 fidem
1430 1746 1627 1784 nostram

107 1822 149 1848 πο
164 1810 402 1868 proficiunt
431 1812 476 1853 et
503 1810 559 1852 ad
585 1810 907 1853 retundendam
935 1810 1205 1852 obstinatam
1236 1811 1467 1867 perfidiam
1498 1811 1628 1854 Iude-

164 1893 302 1923 orum.
380 1879 688 1936 Quadraginta
730 1894 920 1936 namque
967 1882 1068 1936 post
1115 1879 1358 1922 admissum
1404 1880 1627 1936 piaculum

164 1949 385 1992 continuis
423 1952 648 2006 protracta
687 1949 817 1992 annis
853 1949 1089 2006 impiorum
1128 1963 1243 2006 pena
1283 1949 1497 1992 differtur.
1573 1950 1627 1993 In

165 2083 187 2109 2
211 2073 389 2120 apparuit
406 2073 446 2109 M
563 2075 587 2111 6
611 2073 986 2110 Hierosolimitanum
1004 2073 1029 2109 S
1050 2077 1090 2110 in
1106 2076 1204 2111 rubr.
1221 2086 1299 2120 cap.
1311 2076 1495 2120 praefixa.
1607 2083 1628 2118 7

163 2119 332 2167 hystoria
348 2121 388 2157 Μ
530 2131 554 2167 9
578 2121 738 2169 eclypsis
754 2122 793 2157 Μ
890 2121 954 2158 xii.
973 2120 1039 2157 SM
1186 2132 1224 2159 11
1252 2124 1290 2158 et
1307 2134 1375 2158 om.
1394 2122 1433 2157 Μ

162 2228 321 2268 Veneris
337 2231 456 2271 stella.
471 2233 624 2268 auctore
640 2231 817 2278 Varrone,
832 2230 1111 2277 interpretatur
1128 2230 1278 2268 Servius
1295 2231 1335 2267 in
1352 2231 1422 2267 loc.
1522 2241 1541 2276 3
1559 2232 1628 2266 De-

155 2280 276 2325 fectus
290 2280 361 2315 etc.
375 2291 384 2315 ε
403 2278 514 2332 Verg.
531 2280 654 2325 Geory.
669 2278 709 2316 ii.
722 2281 802 2324 478.
899 2288 918 2323 7
948 2281 1054 2314 Vetus
1069 2281 1241 2315 historia:
1268 2281 1423 2314 Veterem
1440 2280 1629 2314 historiam

165 2325 212 2362 (le
229 2325 439 2362 Herodiade
457 2328 553 2362 citat
570 2326 822 2372 Hieronymus
839 2325 879 2361 in
897 2326 1007 2363 Matt.
1022 2325 1094 2370 xiv,
1108 2338 1218 2372 quem
1234 2328 1443 2372 sequuntur
1455 2326 1628 2372 plerique

165 2372 283 2410 medii
308 2373 390 2410 aevi
415 2375 742 2417 commentatores,
772 2377 816 2410 ut
850 2374 962 2416 Beda,
998 2374 1174 2410 Rabanus
1207 2374 1370 2415 Maurus,
1408 2372 1628 2410 Paschasius

166 2418 388 2463 Radbertus,
415 2420 617 2457 Anselmus
642 2421 920 2464 Laudunensis;
958 2421 1022 2457 sed
1048 2433 1168 2467 neque
1194 2422 1240 2457 de
1268 2421 1480 2457 Herodiade
1507 2432 1628 2466 neque

165 2465 214 2503 de
245 2466 377 2513 eclipsi
408 2467 520 2504 lunae
553 2467 741 2505 excidium
774 2468 1159 2513 Hierosolymitanum
1191 2469 1442 2515 praecedente
1476 2467 1628 2504 veritati

167 2523 329 2550 consona
355 2514 557 2552 narravisse
587 2515 735 2552 videtur
763 2518 896 2551 auctor
918 2514 1096 2552 incertus.
1262 2518 1283 2552 8
1308 2518 1515 2551 imminente
1533 2518 1628 2551 etc.:

166 2558 307 2596 Narrat
323 2560 465 2597 Plinius
481 2563 530 2597 Η.
553 2563 599 2599 N.
623 2562 664 2598 ii.
686 2573 728 2598 10
746 2562 791 2607 (si
815 2563 940 2599 locum
965 2566 1068 2600 recte
1086 2562 1350 2609 intelligimus)
1369 2574 1468 2598 anno
1485 2574 1523 2608 p.
1542 2562 1627 2598 Chr.

167 2614 225 2651 72,
256 2607 370 2643 trium
398 2608 575 2644 hantibus
626 2615 686 2663 'st
723 2610 867 2646 bellum
900 2610 1096 2646 Iudaicum
1128 2610 1356 2656 Vespasiano
1389 2612 1427 2646 et
1458 2609 1556 2651 Tito,
1589 2612 1628 2645 et

167 2653 284 2690 solem
309 2656 348 2691 et
388 2667 501 2691 unam
524 2667 582 2692 xv.
638 2657 729 2693 ebus
747 2657 830 2701 (viz.
848 2657 953 2692 intra
974 2657 1193 2702 quindecim
1218 2657 1313 2701 dies)
1339 2656 1539 2697 defecisse;
1564 2656 1626 2692 hic

168 2699 301 2746 legunt
333 2702 595 2738 nonnulli'xii
625 2715 694 2749 pro
725 2716 782 2747 aev,
814 2715 894 2740 rem
924 2703 1137 2741 indicantes
1169 2716 1282 2750 quam
1320 2704 1430 2739 salvis
1469 2706 1628 2739 naturae

169 2746 317 2801 legibus
336 2747 418 2784 fieri
433 2760 510 2785 non
525 2761 632 2795 posse
649 2752 809 2787 constat.
977 2762 1017 2797 13
1042 2754 1182 2788 Stultus
1198 2754 1266 2787 etc.
1284 2764 1292 2786 :
1325 2764 1357 2786 v.
1377 2750 1627 2787 Ecclesiastic.

169 2805 282 2886 {³37ss
292 2804 356 2877 81.2.
496 2806 538 2832 21
568 2799 818 2844 Quadraginta
834 2826 843 2834 .
865 2825 873 2834 .
893 2825 902 2834 .
921 2809 1042 2834 eorum
1055 2802 1141 2844 (420
1152 2800 1210 2844 c):
1233 2798 1473 2846 Euseb.5vers.
1492 2797 1627 2833 Ruffin.

1476 2921 1517 2959 ⁷1
