1994 3190
221 149 304 199 476
323 149 355 188 b
700 150 963 195 IOANNIS
1003 151 1520 198 SARESBERIENSIS
1672 151 1784 214 [ΠΒ.
1799 165 1842 198 11

371 273 418 313 et
451 274 698 329 perturbor,
730 275 848 332 quod
882 289 910 318 a
943 275 1098 332 seipsis
1129 278 1257 319 tanto
1288 276 1525 319 uerborum
1557 275 1764 319 conflictu
1793 276 1841 317 et

370 344 595 387 collisione
610 345 834 388 rationum
849 345 1075 389 dissiliunt
1094 349 1139 390 et
1153 346 1418 390 discordant.
1467 345 1620 388 Unum
1641 343 1841 402 profecto

372 413 473 464 scio,
493 415 716 458 contraria
734 415 866 458 simul
885 430 993 458 uera
1012 430 1105 459 esse
1124 431 1214 459 non
1241 431 1378 473 posse.
1437 415 1557 468 Quid
1585 415 1639 458 de
1659 413 1840 457 medicis

371 484 578 540 practicis
617 485 790 529 dicam?
848 485 981 529 Absit
1019 488 1072 528 ut
1110 486 1165 529 de
1204 485 1267 529 eis
1306 485 1540 543 quicquam
1580 498 1840 542 peruersum

370 552 528 609 loquar
540 567 549 606 ;
589 554 636 596 in
666 569 824 598 manus
853 555 971 598 enim
1001 569 1153 598 eorum
1184 555 1465 612 exigentibus
1499 554 1690 611 peccatis
1729 553 1839 596 meis
1860 551 1895 604 5'

369 622 516 665 nimis·
542 622 800 680 fiequenter
837 624 993 668 incido.
1069 624 1173 668 Non
1213 627 1319 668 sunt
1359 624 1651 681 exasperandi
1691 622 1840 666 uerbis

370 692 447 735 sed
473 693 622 750 potius
642 693 918 737 demulcendi
938 694 1158 751 obsequio.
1218 693 1334 737 Nolo
1361 708 1431 737 mc
1455 695 1649 737 tractent
1673 692 1839 742 durius,

370 776 451 805 nec
491 762 626 805 etiam
664 763 829 806 sentire
867 763 1008 806 audeo
1048 763 1166 820 quod
1209 778 1360 806 omnes
1398 763 1604 806 clamant.
1683 761 1840 804 Dicam

350 845 475 891 „ergo
504 846 605 875 cum
634 835 787 875 sancto
817 832 1051 876 Salomone
1086 833 1191 889 quia
1219 832 1438 876 medicina
1467 847 1494 875 a
1523 831 1715 875 Domino
1745 830 1840 873 Deo

370 904 449 951 est,
470 904 515 944 et
544 902 616 943 uir
644 902 818 959 sapiens
847 916 937 945 non
967 905 1250 958 contempnet
1279 917 1387 945 eam.
1447 901 1591 944 Nemo
1621 900 1839 958 siquidem
1861 915 1901 939 10

369 971 512 1027 magis
551 971 821 1015 necessarius
861 974 929 1014 est
968 974 1048 1014 aut
1087 971 1242 1014 utilior
1280 971 1461 1021 medico,
1501 970 1740 1013 dummodo
1779 969 1840 1013 sit

327 1046 355 1078 ο
370 1039 514 1082 fidelis
545 1043 591 1083 et
624 1041 830 1097 prudens.
890 1041 1000 1093 Quis
1031 1040 1150 1083 enim
1181 1040 1415 1097 praeconia
1444 1041 1565 1084 illius
1596 1040 1840 1084 declamare

369 1109 569 1160 sufficiat,
582 1110 658 1166 qui
679 1110 836 1153 salutis
855 1109 1023 1152 artifex
1042 1112 1302 1167 procurator
1320 1110 1442 1153 uitae
1461 1110 1509 1152 in
1529 1125 1580 1154 eo
1599 1109 1840 1153 Dominum

369 1178 575 1222 imitatur
622 1183 667 1223 et
715 1180 834 1223 uices
884 1180 978 1223 eius
1027 1180 1133 1237 agit,
1173 1179 1291 1236 quod
1339 1179 1540 1231 salutem,
1583 1194 1716 1237 quam
1765 1178 1840 1221 ille

370 1252 580 1305 operatur
600 1252 645 1292 et
665 1250 791 1306 quasi
812 1249 1016 1292 dominus
1037 1252 1083 1292 et
1102 1249 1306 1306 princeps
1325 1249 1474 1300 donat,
1494 1249 1578 1292 iste
1597 1261 1840 1306 yconomus
1861 1264 1912 1298 15*

370 1320 416 1360 et
450 1318 654 1361 minister
684 1322 894 1375 procurat
928 1321 973 1362 et
1004 1319 1262 1376 dispensat?
1320 1318 1414 1362 Nec
1447 1319 1505 1361 ad
1540 1333 1633 1361 rem
1665 1318 1840 1368 attinet,

370 1387 407 1430 si
449 1387 525 1444 qui
565 1388 731 1444 pseudo
770 1388 962 1445 gratiam
1003 1388 1217 1439 uendunt,
1249 1390 1295 1431 et
1335 1388 1411 1445 qui
1450 1388 1656 1431 iustiores
1694 1387 1840 1430 uideri

369 1456 540 1507 uolunt,
560 1457 667 1499 dum
697 1457 810 1499 nihil
840 1458 1060 1515 accipiant
1089 1461 1328 1514 antequam
1356 1472 1459 1515 eger
1484 1457 1772 1508 conualescat,
1791 1457 1840 1499 in

369 1539 421 1568 eo
441 1526 682 1582 iniquiores
703 1519 821 1578 sunt,
842 1527 960 1584 quod
989 1527 1249 1571 beneficium
1277 1527 1489 1584 temporis
1515 1527 1650 1570 immo
1676 1541 1840 1570 munus

370 1594 454 1638 Dei
486 1596 691 1639 manibus
725 1597 818 1639 suis
851 1597 1120 1648 adscribunt,
1155 1611 1254 1640 cum
1289 1596 1364 1640 ille
1394 1611 1525 1653 quem
1555 1596 1677 1639 Deus
1707 1596 1840 1654 erigit
1859 1609 1902 1634 ²0

371 1667 416 1707 et
446 1665 575 1722 uigor
604 1669 791 1709 naturae
820 1667 1166 1710 conualescentis
1195 1666 1309 1709 citra
1337 1680 1516 1723 operam
1556 1666 1650 1709 eius
1690 1665 1840 1709 fuerat

371 1734 616 1791 erigendus.
678 1735 893 1788 Quamuis
920 1736 1041 1779 istud
1068 1736 1157 1778 iam
1184 1750 1425 1793 paucorum
1446 1735 1516 1786 sit,
1537 1735 1621 1778 sibi
1649 1735 1840 1778 inuicem

370 1802 660 1846 suadentibus
699 1806 745 1846 et
783 1804 1099 1861 replicantibus
1130 1804 1334 1847 medicis:
1373 1804 1493 1846 Dum
1528 1804 1648 1847 dolet
1681 1803 1839 1861 accipe.

372 1871 466 1915 Nec
487 1887 666 1915 moueor
685 1872 722 1915 si
749 1887 882 1930 opera
911 1888 1063 1916 eorum
1093 1874 1140 1916 in
1170 1889 1216 1917 se
1246 1875 1554 1930 compugnent,
1574 1888 1674 1917 cum
1704 1872 1839 1916 sciam

327 1940 357 1981 d
374 1942 695 1985 contrariorum
722 1942 980 1999 plerumque
1010 1957 1102 1985 esse
1130 1943 1318 1986 eundem
1344 1943 1561 1986 effectum.
1622 1942 1710 1985 Sed
1737 1956 1837 1985 cum
1858 1954 1900 1990 25

372 2011 491 2054 inter
520 2026 677 2054 manus
707 2026 858 2054 eorum
889 2012 988 2068 quis
1017 2012 1065 2054 in
1095 2012 1191 2055 fata
1217 2012 1434 2068 collapsus
1461 2014 1539 2062 est,
1560 2014 1666 2055 tunc
1693 2025 1838 2055 neces-

370 2081 510 2123 sarias
540 2080 783 2137 producent
813 2081 1017 2132 rationes,
1038 2082 1198 2138 quibus
1224 2081 1456 2139 apparebit
1482 2081 1599 2138 quod
1623 2082 1719 2125 uita
1745 2081 1839 2125 eius

370 2164 460 2193 non
501 2149 649 2192 fuerat
687 2150 874 2193 ulterius
913 2151 1226 2207 protendenda.
1302 2150 1360 2193 Et
1402 2151 1471 2207 (ut
1509 2150 1689 2209 dicitur)
1730 2165 1838 2207 quos

371 2218 504 2275 longa
523 2219 779 2262 afflixerunt
802 2219 960 2270 inedia,
982 2220 1069 2262 iam
1097 2220 1285 2263 mortuis
1305 2219 1646 2263 sorbitiunculas
1668 2220 1840 2275 faciunt

371 2292 418 2332 et
443 2288 575 2331 utiles
602 2291 647 2331 et
677 2288 887 2332 delicatos
918 2293 1186 2347 praeparant
1215 2289 1344 2333 cibos.
1406 2288 1625 2346 Expectas
1650 2289 1838 2332 fortasse
1858 2304 1902 2339 30

370 2430 393 2464 4
418 2419 490 2466 ein]
515 2419 574 2457 his
600 2419 666 2455 SM
835 2430 880 2457 10
904 2421 1128 2458 contemnet
1154 2418 1178 2456 S
1349 2429 1391 2466 13
1414 2424 1495 2466 post
1520 2418 1658 2457 artifex
1685 2420 1771 2456 add.
1799 2419 1838 2457 et

368 2466 417 2504 Α*
559 2478 606 2514 30
630 2468 728 2504 forto
746 2466 807 2504 CB

418 2600 440 2636 9
477 2591 685 2626 Salomone:
730 2588 857 2635 potius
899 2586 1092 2629 Sit-acidam
1133 2598 1165 2624 v.
1207 2585 1324 2623 Eecli.
1367 2585 1521 2623 xxxviii.
1563 2596 1584 2631 4
1625 2587 1838 2623 Altv’ssn'mus

369 2641 499 2674 creavit
516 2640 559 2673 de
575 2643 673 2673 terra
691 2638 946 2673 medicamenta
963 2640 996 2671 d
1012 2636 1068 2670 vir
1080 2636 1242 2681 prudens
1260 2646 1332 2670 non
1349 2635 1548 2670 abhorrebit
1566 2635 1641 2670 illa.
1792 2642 1836 2679 23

373 2688 470 2721 Dum
483 2687 587 2730 dola-t,
600 2686 718 2731 accipe
734 2697 742 2722 ε
770 2684 817 2721 cf.
836 2685 1003 2729 Reyimen
1021 2683 1200 2718 Sanitato‘s
1222 2684 1497 2718 Salar-nicanum
1514 2682 1570 2718 ed.
1590 2680 1835 2736 Daremberffi

373 2732 486 2776 Puris,
512 2734 610 2777 1861,
638 2744 674 2779 p.
700 2741 791 2778 2523
818 2731 876 2769 ed.
901 2729 1034 2774 Oroke,
1059 2729 1180 2766 Oxon.
1210 2731 1308 2777 1830,
1336 2742 1371 2777 p.
1398 2730 1445 2775 46
1460 2742 1468 2774 ;
1494 2738 1587 2776 quos
1613 2728 1711 2766 locos
1742 2728 1838 2765 mihi

369 2779 554 2817 indicavit
571 2778 628 2816 vir
643 2779 776 2817 doetus
795 2779 821 2816 1.
841 2777 880 2816 F.
898 2777 1040 2825 Payne,
1058 2775 1157 2814 M.1›.

482 2861 544 2894 168
