1994 3190
228 148 305 190 457
324 140 354 179 b

331 899 356 929 c

700 137 963 181 IOANNIS
1003 136 1519 182 SARESBERIENSIS
1609 137 1612 140 ’
1673 136 1785 199 [LIB.
1802 148 1843 184 Π

370 257 634 314 praeueniri,
673 272 774 302 cum
813 258 861 301 in
900 258 991 302 sole
1037 260 1084 301 et
1125 257 1233 300 luna
1274 259 1320 301 et
1363 257 1472 315 ipsis
1521 258 1751 302 elementis
1797 262 1844 303 et

370 330 533 370 ornatu
560 341 711 370 eorum
739 328 832 370 uim
859 327 1202 386 significatiuam
1223 341 1251 369 a
1273 326 1465 370 Domino
1485 342 1578 371 esse
1598 329 1842 372 didicerim.

371 395 582 440 Ceterum
611 399 754 439 artem
784 411 889 448 esse,
914 411 1002 454 quo
1032 396 1131 453 quis
1161 396 1215 438 de
1246 395 1414 439 futuris
1440 396 1498 439 ad
1526 397 1675 440 omnia
1705 397 1842 441 inter-

372 469 530 523 rogata
549 480 706 509 uerum
727 466 1002 523 respondeat,
1023 469 1103 508 aut
1121 465 1301 508 omnino
1321 480 1411 508 non
1431 480 1524 509 esse
1545 470 1625 510 aut
1643 467 1843 511 nondum

371 535 620 579 innotuisse
675 536 940 586 hominibus,
991 535 1127 578 michi
1175 535 1420 577 multorum
1472 537 1738 580 auctoritate
1797 540 1843 581 et
1861 554 1880 588 5

373 604 546 648 ratione
595 619 855 663 persuasum
895 608 974 648 est.
1054 604 1184 657 Quod
1197 633 1207 643 .
1229 604 1267 647 si
1306 604 1392 647 tibi
1440 606 1704 662 persuadere
1751 621 1843 650 non

371 688 563 731 possum,
582 675 864 736 obstantibus
891 675 962 718 his
989 689 1102 731 quae
1121 674 1257 718 michi
1281 673 1336 717 de
1362 675 1648 731 prouidentia
1673 679 1719 720 et
1745 675 1843 720 fato
1877 718 1884 724 ,

371 744 672 788 indesinenter
714 744 912 802 opponis,
962 743 1183 801 michique
1232 744 1585 801 repugnantibus
1628 745 1842 803 exemplis

372 827 485 870 quae
512 813 567 856 de
595 813 734 856 uariis
761 813 892 856 affers
921 812 1131 863 historiis,
1162 813 1362 870 persuasi
1391 816 1543 856 tamen
1572 814 1709 858 michi
1737 814 1842 858 huic

372 897 462 925 non
490 882 771 940 adquiescere
799 882 1004 926 uanitati.
1064 882 1169 926 Non
1203 882 1407 939 equidem
1437 883 1666 940 signorum
1695 884 1842 942 signa·
1862 898 1904 923 ιο

370 955 607 1010 torumque
634 967 732 995 eam
758 952 1056 996 coherentiam
1084 951 1288 1003 arbitror,
1312 955 1366 995 ut
1394 953 1585 996 alterum
1615 967 1672 996 ex
1701 953 1843 997 altero

332 1036 337 1040 ·
370 1022 614 1065 necessario
641 1024 946 1079 consequatur.
1006 1020 1100 1065 Cur
1123 1021 1189 1064 ita
1215 1022 1489 1075 crediderim,
1513 1023 1599 1066 nisi
1626 1025 1672 1066 te
1699 1023 1842 1066 curia-

330 1787 359 1828 d

369 1091 480 1134 lium
520 1106 665 1149 nugae
699 1091 912 1142 detinent,
945 1091 1061 1134 audi.
1133 1091 1231 1135 Rex
1271 1090 1481 1135 Ezechias
1521 1093 1745 1150 egrotauit
1784 1092 1843 1136 ad

371 1163 570 1204 mortem.
643 1161 716 1203 An
746 1175 836 1203 non
865 1160 1006 1203 credis
1036 1174 1185 1217 regem
1210 1160 1324 1203 Iuda
1353 1161 1572 1204 medicum
1607 1162 1842 1213 inuenisse,

372 1230 449 1287 qui
469 1230 624 1273 urinae
645 1232 690 1272 et
709 1229 862 1287 pulsus
883 1232 929 1272 et
948 1229 1261 1287 multiplicium
1282 1230 1658 1287 praenosticorum
1678 1231 1842 1276 indicio
1863 1240 1902 1276 1⁵

371 1299 514 1342 morbi
560 1299 909 1356 deprehenderet
957 1299 1293 1356 quantitatem?
1365 1299 1538 1343 Deinde
1582 1315 1842 1358 responsum

371 1368 527 1412 mortis
562 1368 679 1412 forte
713 1371 941 1426 acceperat
973 1368 1022 1411 in
1055 1383 1236 1426 corpore
1265 1383 1357 1420 suo,
1378 1369 1454 1426 qui
1490 1384 1541 1413 eo
1571 1384 1711 1427 usque
1740 1385 1841 1427 per-

371 1438 531 1481 ductus
551 1440 619 1482 est
645 1440 698 1480 ut
717 1452 763 1481 se
782 1438 1008 1481 uicturum
1026 1437 1214 1481 ulterius
1234 1453 1323 1481 non
1344 1441 1553 1496 speraret.
1615 1439 1842 1483 Postremo

372 1507 568 1564 Spiritus
606 1509 786 1551 sanctus
824 1509 1013 1550 mortem
1058 1507 1297 1550 nuntiabat
1343 1510 1489 1551 astare
1535 1522 1616 1565 pro
1656 1508 1840 1552 foribus.

372 1577 502 1630 Quod
533 1577 711 1634 signum
745 1577 909 1621 certius
944 1576 1152 1634 quaeris?
1225 1576 1344 1630 Quid
1375 1579 1545 1620 certum
1581 1579 1659 1628 est,
1695 1580 1748 1620 ut
1785 1578 1840 1622 de
1861 1594 1904 1619 πο

372 1646 472 1689 aliis
491 1649 674 1697 taceam,
694 1646 731 1689 si
752 1646 806 1690 de
830 1645 1085 1689 testimonio
1105 1645 1283 1688 dubitas
1311 1645 1506 1703 Spiritus
1532 1647 1709 1692 sancti?
1767 1647 1842 1691 An

373 1716 556 1774 negabis
586 1716 768 1759 Ysaiam
798 1716 963 1759 dixisse
993 1716 1040 1758 in
1071 1715 1242 1773 spiritu,
1263 1715 1466 1758 Morieris
1495 1718 1540 1758 et
1566 1731 1655 1759 non
1683 1717 1843 1762 uiues?

376 1785 504 1828 Vixit
522 1788 672 1828 tamen
688 1787 734 1828 et
753 1800 842 1828 non
862 1787 1064 1828 mortuus
1084 1787 1162 1835 est,
1174 1784 1356 1828 adiectis
1371 1784 1412 1828 ei
1432 1785 1561 1828 annis
1580 1786 1843 1842 quindecim,

373 1869 453 1912 per
471 1855 816 1898 misericordiam
836 1854 941 1905 eius,
954 1854 1030 1912 qui
1052 1854 1305 1898 futurorum
1321 1856 1508 1897 euentus
1527 1854 1574 1897 in
1594 1870 1675 1898 sua
1694 1855 1843 1912 posuit

370 1927 602 1982 potestate.
673 1924 731 1967 Et
771 1924 887 1967 forte
935 1926 1135 1974 mortem,
1174 1938 1307 1981 quam
1346 1926 1509 1967 natura
1548 1924 1842 1982 uitaliumque
1862 1943 1901 1977 25

371 1994 571 2037 defectus
610 1993 907 2044 intentabant,
942 1993 1048 2050 quia
1086 1992 1160 2036 ille
1199 2007 1278 2050 per
1316 1993 1607 2050 penitentiam
1639 1996 1842 2038 mortuus

372 2066 440 2107 est
470 2064 517 2106 in
546 2063 688 2121 culpa,
722 2063 909 2106 ulterior
947 2062 1256 2106 comminantis
1293 2062 1375 2106 Dei
1411 2062 1640 2106 absorbuit
1673 2064 1842 2107 miseri·

371 2132 533 2177 cordia.
605 2132 728 2176 Acab
760 2146 933 2189 quoque
967 2147 1047 2174 rex
1082 2131 1379 2189 impiissimus,
1411 2146 1510 2175 cum
1546 2132 1718 2176 Iezabel
1753 2148 1843 2176 non

372 2206 465 2245 tam
505 2202 710 2259 coniugio
753 2216 886 2259 quam
933 2201 1194 2245 crudelitate
1240 2201 1486 2251 coniuncta,
1525 2216 1625 2244 cum
1664 2202 1842 2246 uineam

372 2272 513 2315 sancti
555 2271 762 2314 Nabutae
802 2285 955 2314 cruore
994 2270 1269 2328 possedisset,
1309 2274 1496 2314 mortem
1537 2271 1841 2316 imminentem
1861 2287 1904 2321 3ο

373 2341 716 2399 praenuntiante
746 2340 937 2383 Domino
967 2339 1240 2397 expectabat.
1315 2340 1362 2383 Si
1399 2340 1532 2384 michi
1564 2356 1653 2384 non
1689 2342 1842 2394 credis,

373 2410 489 2468 quod
524 2425 621 2454 cam
654 2410 775 2453 Deus
810 2410 902 2467 ipse
937 2409 1331 2467 praenuntiauerit,
1361 2410 1465 2453 audi
1498 2410 1703 2467 Helyam.
1763 2411 1844 2455 Ait

373 2541 418 2578 23
445 2542 501 2568 xv.
520 2530 557 2567 M

424 2648 465 2683 13
484 2639 561 2674 Rex
574 2639 748 2674 Ezechiae
761 2641 832 2675 etc.
848 2650 856 2675 z
876 2650 907 2674 v.
921 2649 941 2683 4
955 2636 1045 2683 Rea.
1059 2649 1119 2674 xx.
1135 2647 1164 2680 1,
1177 2637 1221 2673 Is.
1239 2636 1391 2674 xxxviii.
1413 2648 1442 2674 ι.
1511 2640 1562 2682 16,
1581 2648 1620 2685 17
1635 2651 1843 2686 responsum

372 2689 519 2723 mortis:
547 2696 567 2722 2
585 2687 667 2722 Cor.
689 2685 711 2722 i.
732 2696 763 2731 9.
905 2695 950 2722 22
977 2687 1146 2721 Mor-ieris
1162 2687 1232 2721 otc.
1250 2698 1258 2720 :
1285 2696 1306 2731 4
1327 2684 1415 2734 Reg.
1435 2697 1495 2723 xx.
1520 2698 1550 2734 1,
1569 2687 1615 2723 Is.
1635 2686 1786 2724 xxxviii.
1806 2698 1842 2734 4.

372 2735 705 2828 ἰῗὶὶαὶἑὲἷιίέιιέιοα
731 2745 760 2770 ν.
780 2743 803 2780 4
830 2732 921 2781 ch.
947 2744 1008 2770 xx.
1028 2734 1062 2777 6,
1085 2732 1130 2769 la.
1156 2731 1309 2772 xxxviii.
1334 2744 1369 2779 4.
1554 2736 1598 2772 28
1623 2736 1723 2772 Acab
1746 2737 1841 2773 eta:

485 2851 547 2896 136
