1994 3190
213 179 295 219 579
314 178 340 209 c
684 168 947 213 IOANNIS
985 169 1500 214 SARESBERIENSIS
1668 170 1777 233 [ΜΒ.
1792 182 1824 215 v

355 303 492 332 manu
530 289 789 347 cuiusquam
818 305 981 334 munus
1011 291 1169 348 accepi,
1198 293 1508 348 contempnam
1542 290 1654 334 illud
1693 290 1824 335 hodie

355 359 676 416 restituamque
695 360 834 404 uobis.
894 360 1013 413 Quid
1040 375 1201 418 quaeso
1228 361 1478 418 expressius
1503 361 1591 405 dici
1617 361 1825 418 poterat‘l

357 428 421 471 Vt
446 428 494 470 in
521 443 694 471 summa
719 443 893 472 omnem
919 429 1138 472 auaritiae
1164 430 1456 487 suspicionem
1487 430 1629 482 tollat,
1658 430 1826 473 nullius

310 499 340 538 d
358 497 553 540 muneris
582 498 894 542 conscientiam
928 513 975 542 se
1011 499 1138 542 docet
1166 499 1373 543 habuisse
1406 503 1591 558 paratus
1627 503 1823 544 contem-

357 582 492 624 pnere
523 570 568 610 et
597 568 842 619 restituere,
862 569 900 611 si
928 569 1035 626 quid
1064 570 1244 612 omnino
1274 569 1394 627 exigi
1420 572 1580 627 posset.
1629 569 1827 613 Malebat
1844 584 1863 618 5

357 637 476 679 enim
496 636 608 679 illud
628 637 861 680 restituere
880 638 928 680 in
954 638 1176 695 praesenti
1197 653 1330 695 quam
1350 653 1451 682 cum
1470 639 1617 682 usuris
1643 638 1827 682 reddere

358 706 406 748 in
426 706 593 759 futuro,
606 709 652 749 et
671 709 980 764 contempnere
1000 707 1112 749 illud
1132 707 1262 750 hodie
1283 707 1423 751 satius
1443 707 1669 752 iudicabat
1692 722 1827 765 quam

358 775 407 817 in
426 779 662 832 conspectu
682 775 766 819 Dei
786 779 832 819 et
851 776 1048 819 omnium
1069 776 1308 819 electorum
1328 791 1385 820 ex
1404 791 1456 820 ea
1475 791 1607 820 causa
1627 777 1675 819 in
1695 791 1828 820 euum

357 845 704 902 contemptibilis
724 860 945 902 apparere.
1006 845 1094 889 Sed
1115 846 1223 903 quid
1244 846 1301 889 ad
1322 846 1435 890 hanc
1461 846 1827 890 contestationem

358 914 454 957 eius
472 914 700 971 respondit
726 915 934 958 auditor?
993 915 1126 960 Audi.
1186 915 1245 958 Et
1271 915 1496 960 dixerunt.
1555 915 1671 969 Qui?
1730 915 1828 958 Vti·
1849 926 1889 950 10

358 998 445 1040 que
483 987 606 1027 totus
645 983 816 1036 Israel;
865 999 970 1026 nam
1010 984 1068 1027 ad
1114 999 1266 1028 omnes
1304 999 1551 1028 sermonem
1590 985 1827 1028 direxerat.

360 1053 465 1096 Non
494 1068 541 1096 es
570 1053 898 1110 calumpniatus
927 1068 1008 1096 nos
1038 1069 1181 1111 neque
1211 1054 1471 1111 oppressisti
1510 1069 1654 1112 neque
1683 1053 1829 1097 tulisti

360 1122 415 1165 de
447 1128 583 1165 m'anu
618 1123 803 1166 alicuius
839 1123 1078 1180 quippiam.
1151 1124 1200 1167 Si
1233 1124 1332 1181 quis
1363 1124 1674 1181 proconsulum
1705 1138 1830 1181 prae-

361 1191 564 1235 sidumue
594 1195 674 1235 aut
702 1192 911 1235 tribunus
941 1195 1021 1235 aut
1050 1193 1250 1236 centurio
1280 1193 1514 1236 decurioue
1542 1195 1623 1236 aut
1651 1193 1832 1236 omnino

362 1261 523 1318 aliquis
582 1261 872 1319 magistratus
919 1262 1009 1305 tale
1058 1262 1360 1306 testimonium
1411 1277 1438 1305 a
1485 1261 1832 1320 prouincialibus
1851 1272 1890 1308 15

213 1334 295 1383 580
316 1342 346 1372 a
363 1331 538 1381 meruit,
558 1331 616 1373 ad
645 1331 919 1388 prouinciam
949 1334 1146 1375 nostram
1177 1346 1339 1389 quaeso
1367 1332 1548 1375 accedat
1575 1334 1628 1374 ut
1657 1336 1832 1375 nostros

363 1401 518 1444 doceat
556 1401 854 1458 magistratus.
940 1401 1059 1444 Nam
1099 1401 1154 1444 de
1192 1401 1524 1445 uicecomitibus
1563 1403 1609 1444 et
1647 1400 1833 1444 iustitiis

363 1485 488 1527 quae,
508 1472 561 1512 ut
586 1469 763 1527 uulgari
784 1473 936 1513 nostro
955 1474 1070 1521 utar,
1090 1474 1208 1514 recte
1228 1471 1439 1514 dicuntur
1465 1473 1675 1523 errantes,
1694 1469 1832 1513 nichil
1894 1462 1898 1468 ¹

362 1540 453 1583 tale
475 1539 670 1592 auditur,
690 1554 741 1582 eo
768 1539 886 1596 quod
915 1539 1110 1597 diligunt
1139 1554 1324 1583 munera
1352 1542 1398 1582 et
1426 1542 1674 1596 sequuntur
1703 1539 1831 1583 retri-

362 1610 579 1660 butiones,
618 1623 698 1652 nec
737 1609 929 1652 liberant
967 1623 1205 1666 pauperem
1243 1624 1272 1652 a
1319 1611 1511 1666 potente,
1549 1608 1747 1652 aduenae
1786 1612 1833 1652 et
1852 1621 1895 1646 το

363 1678 533 1736 pupillo
564 1693 653 1721 non
684 1678 894 1729 iudicant,
926 1681 972 1722 et
1003 1693 1136 1722 causa
1169 1678 1330 1722 uiduae
1362 1693 1451 1722 non
1485 1678 1736 1735 ingreditur
1776 1677 1833 1722 ad

364 1763 447 1791 eos.
509 1747 645 1790 Porro
674 1762 753 1791 nec
783 1748 949 1792 iudices
979 1748 1258 1792 ecclesiastici
1294 1750 1541 1805 sequuntur
1571 1747 1833 1799 Samuelem,

363 1819 441 1862 sed
461 1819 576 1862 sicut
595 1818 795 1875 populus,
810 1819 872 1862 sic
892 1821 937 1862 et
956 1818 1168 1862 sacerdos.
1226 1817 1280 1860 In
1300 1832 1531 1862 commune
1550 1817 1836 1875 conqueritur

366 1888 620 1945 Sapientia:
651 1888 868 1931 Tenentes
897 1888 1039 1946 legem
1069 1887 1321 1931 nescierunt
1346 1901 1442 1940 me;
1477 1887 1697 1945 principes
1724 1886 1833 1932 facti

364 1996 388 2029 4
413 1985 524 2022 docet
540 1996 579 2022 se
599 1985 638 2020 M
783 1994 806 2030 9
830 1983 1145 2021 constitutionem
1163 1983 1203 2020 Μ
1350 1995 1393 2032 19
1416 1987 1599 2022 secuntur
1615 1984 1656 2021 M
1788 1994 1834 2022 22

366 2035 550 2079 sequntur
565 2032 618 2070 Α·
646 2034 824 2069 secuntur
841 2031 880 2067 M

381 2095 567 2152 1—2-Non
585 2127 622 2150 ee
636 2094 906 2160 εαῑυῑῖυιίαιαε
921 2115 1016 2150 etc.:
1048 2123 1061 2150 1
1083 2112 1174 2161 Reg.
1192 2112 1254 2150 xii.
1275 2122 1527 2158 4.17
1553 2113 1832 2150 vicecomitibus:

366 2162 529 2209 Anglice
562 2163 725 2207 Sheroffs.
983 2162 1023 2197 18
1050 2167 1139 2197 recte
1170 2164 1345 2198 dicuntur
1374 2166 1555 2198 errantes:
1593 2163 1647 2197 De
1682 2162 1836 2197 iustitiis

365 2211 583 2254 errantibus,
601 2208 761 2263 Anglice
778 2210 929 2254 justicea
954 2210 994 2244 in
1019 2221 1108 2254 cyre
1135 2222 1166 2245 v.
1191 2221 1304 2256 supra
1324 2220 1354 2246 c.
1376 2217 1416 2255 15
1441 2209 1453 2250 ί
1459 2210 1525 2254 576
1538 2208 1604 2253 ο);
1630 2207 1679 2244 ad
1705 2219 1834 2245 eorum

365 2257 522 2294 titulum
548 2238 664 2293 simili
691 2255 801 2292 modo
826 2254 966 2292 alludit
989 2256 1121 2292 Petrus
1146 2255 1336 2293 Blesensis
1355 2256 1421 2302 qui
1447 2255 1487 2292 in
1509 2257 1580 2313 ΕΡ.
1601 2264 1644 2313 95
1671 2255 1719 2292 ad
1739 2255 1836 2292 Hen-

366 2305 485 2341 ticum
517 2304 551 2340 11
575 2304 628 2341 sic
654 2302 785 2341 scribit
811 2303 958 2349 (Migne
980 2305 1020 2340 Ρ.
1043 2305 1086 2340 L.
1110 2303 1215 2340 ccvii.
1240 2303 1342 2350 298):
1382 2305 1484 2350 Ipsos
1509 2305 1605 2339 em'm
1622 2304 1837 2340 iustum-sos

364 2365 451 2399 quos
473 2354 679 2398 uulqaruer
704 2356 866 2386 ern-antes
890 2352 948 2386 uel
975 2353 1186 2387 utinm-antes
1209 2353 1371 2394 dicimus,
1389 2353 1477 2387 dum
1501 2363 1562 2387 em·
1562 2356 1625 2386 ata
1649 2351 1837 2387 hominum

366 2401 557 2445 diliqenter
588 2401 789 2445 explorant.
823 2401 1036 2446 ‚frequenter
1074 2411 1195 2434 errare
1236 2400 1421 2443 continuit.
1487 2398 1576 2434 Mox
1617 2408 1753 2444 exemp
1755 2397 1835 2434 lum
1877 2434 1881 2439 ,

367 2446 552 2483 Samuelis
577 2447 720 2483 laudat.
771 2446 929 2481 Fatetur
950 2457 988 2481 se
1015 2447 1048 2481 1
1045 2448 1269 2482 olm-atreum
1295 2445 1430 2493 legisse
1455 2445 1503 2482 ad
1526 2445 1590 2481 fin.
1612 2446 1682 2491 Ep.
1707 2454 1763 2488 22,
1787 2445 1835 2482 ad

367 2494 544 2531 Nostrum
571 2493 694 2541 ipsum
722 2493 909 2539 scriptae:
938 2494 1089 2529 Librum
1115 2499 1274 2529 uestrum
1291 2496 1334 2529 de
1357 2495 1465 2539 nuqn's
1485 2494 1683 2529 curialibus
1707 2493 1786 2539 legi,
1804 2498 1837 2529 et

367 2543 585 2578 mirabiliter
600 2554 653 2577 me
669 2543 814 2587 rejecit5
840 2553 926 2576 nam
943 2546 974 2576 et
993 2541 1043 2576 ibi
1059 2543 1194 2587 optima
1203 2543 1329 2587 forma
1347 2542 1563 2577 eruditionis
1576 2545 1626 2576 est
1643 2545 1675 2575 et
1689 2545 1840 2587 propter

366 2591 601 2634 amssct‘onam
628 2590 889 2624 uententiarum
914 2590 1120 2624 varietatem
1149 2589 1425 2624 inassstimabvlia
1450 2589 1600 2623 materia
1633 2588 1837 2624 volutatis.

367 2647 415 2673 20
439 2639 592 2672 liberant
611 2639 704 2673 etc..
731 2648 760 2672 v.
782 2635 838 2671 Pa.
855 2634 946 2670 lxxi.
967 2646 1020 2671 ι2.
1164 2646 1219 2678 20
1236 2646 1274 2672 21
1296 2637 1460 2672 aduenae
1472 2640 1503 2671 ot
1517 2636 1681 2682 pupillo.
1721 2645 1837 2672 erem.

367 2683 428 2720 vii.
447 2685 470 2720 6
487 2686 526 2720 ct
543 2694 655 2731 saepe
673 2663 765 2719 alibi
783 2682 883 2740 apud
903 2682 986 2719 Vet.
1005 2681 1104 2719 'reat
1123 2682 1194 2722 scri
1226 2685 1334 2720 tores.
1517 2692 1558 2719 21
1582 2683 1725 2729 pupillo
1741 2683 1834 2719 etc:

369 2730 467 2767 lua.
459 2744 480 2767 ι.
501 2742 557 2777 23.
720 2741 765 2776 23
790 2735 882 2766 menae
896 2731 1053 2787 populun
1073 2732 1166 2767 etc.:
1210 2742 1261 2766 aa.
1281 2730 1376 2766 xxiv.
1396 2740 1428 2784 2.
1590 2740 1634 2775 24
1665 2730 1837 2765 Tenentes

368 2781 463 2815 ete:
494 2778 624 2815 lcrem.
651 2778 690 2814 ii.
715 2779 747 2814 8.
841 2779 1025 2824 principes
1049 2780 1144 2815 etc..
1171 2790 1202 2815 v.
1230 2778 1320 2815 Osee
1346 2776 1423 2814 viii.
1447 2787 1481 2822 4.
1522 2778 1711 2824 principos
1733 2779 1835 2813 exsta·-

367 2831 487 2862 terune
503 2832 535 2861 et
553 2838 624 2862 non
641 2827 790 2872 copnoun'
806 2824 917 2873 Vulg.

478 2890 542 2923 35²
