1994 3190
204 207 304 242 car.
318 197 390 258 η’]
729 195 1133 242 POLICRATICV
1135 197 1168 241 S
1472 162 1474 164 ³
1688 205 1771 248 89⁵
1789 207 1820 237 a

204 321 366 362 natura
395 318 747 376 praescripserat,
767 317 935 374 inspice
963 317 1251 374 patriarchas,
1272 318 1379 361 data
1407 318 1504 376 lege
1528 318 1670 362 transi

203 387 260 430 ad
280 387 423 439 duces,
443 388 628 444 procede
653 387 711 429 ad
738 386 914 438 iudiceS,
934 381 992 428 ad
1019 400 1144 442 reges
1170 388 1444 444 progredere,
1464 402 1670 446 percurre
1687 391 1716 429 b

202 456 359 499 seriem
379 457 708 513 prophetarum,
729 455 872 498 fidelis
894 454 1047 512 populi
1068 454 1210 497 officia
1229 458 1275 497 et
1294 457 1443 499 studia
1472 471 1670 514 perscru-

202 527 310 576 tare,
350 540 460 582 quos
506 526 554 568 in
593 525 705 568 serie
743 524 909 568 ueteris
948 524 1234 566 instrumenti
1275 524 1386 581 legis
1425 527 1671 570 exercuisse

165 612 183 647 5
201 594 481 639 uenaticam'e
537 594 710 652 Nempe
729 594 964 637 Idumaeos
984 595 1030 636 et
1051 593 1299 636 Ismaelitas
1320 597 1365 636 et
1383 598 1537 651 gentes
1558 611 1670 652 quae

202 662 443 706 Dominum
475 664 743 708 nesciebant.
801 663 888 706 Vbi
920 666 1039 714 sunt,
1074 662 1221 719 inquit
1255 664 1485 720 propheta,
1519 668 1598 707 aut
1633 666 1670 708 si

200 733 356 784 mauis,
387 733 494 776 dum
524 736 676 776 tamen
707 733 755 776 in
784 732 970 790 Spiritu,
1000 732 1202 775 notarius
1231 733 1485 790 prophetae,
1516 734 1592 790 qui
1623 734 1671 776 in

201 802 360 845 auibus
395 803 476 846 celi
511 803 704 847 ludunt‘ss
762 802 828 846 Ac
860 802 898 846 si
933 802 1072 845 tacita
1106 802 1378 847 subiectione
1412 804 1673 860 pronuntiet

202 886 288 925 eos,
324 886 511 929 quorum
551 873 648 916 uita
686 872 808 916 iocus
847 874 927 924 est,
962 872 1054 915 suis
1089 871 1322 915 euanuisse
1360 886 1461 915 cum
1501 872 1671 923 auibus,

144 955 183 980 10
201 956 360 998 eosque
380 942 578 985 subiecta
598 942 960 999 pronuntiatione
984 942 1042 984 ad
1072 940 1239 984 inferos
1262 940 1536 984 descendisse
1556 956 1671 985 com·

201 1014 427 1055 memorat.
507 1011 742 1069 Interroga
779 1014 930 1069 patres
968 1014 1081 1062 tuos,
1115 1013 1161 1054 et
1200 1011 1534 1054 annuntiabunt
1573 1012 1671 1064 tibi,

201 1080 388 1123 maiores
417 1083 530 1132 tuos,
551 1083 597 1124 et
625 1081 774 1124 dicent
803 1095 849 1124 se
878 1095 1098 1138 nusquam
1122 1083 1326 1124 sanctum
1351 1080 1508 1138 legisse
1538 1095 1673 1124 uena-

201 1152 354 1194 torem.
396 1150 525 1203 Quod
538 1150 575 1193 si
588 1150 757 1193 nomini
769 1152 1032 1194 uenatorum
1046 1150 1100 1193 de
1114 1150 1372 1207 prophetica
1384 1151 1672 1207 promissione

201 1219 455 1270 blandiaris,
476 1234 565 1277 qua
590 1234 637 1264 se
656 1223 891 1264 uenatores
917 1220 1156 1263 missurum
1188 1219 1407 1262 Dominus
1427 1220 1671 1277 pollicetur,
1690 1229 1715 1258 c

145 1300 184 1335 15
203 1288 279 1346 qui
309 1289 364 1332 de
393 1289 612 1332 umbrosis
641 1292 688 1332 et
716 1289 900 1333 excelsis
928 1291 1149 1332 uenentur
1179 1303 1394 1342 erroneos,
1419 1289 1672 1332 bestialium

202 1357 344 1401 uitam
363 1359 541 1402 noueris
570 1359 801 1416 increpari,
821 1373 911 1401 non
931 1358 1229 1402 commendari
1259 1359 1521 1402 uenantium
1546 1359 1672 1402 uani-

201 1429 353 1472 tatem.
412 1428 506 1471 Nec
545 1431 591 1471 te
632 1428 836 1472 Placidus
874 1428 946 1471 uel
987 1427 1254 1471 Eustachius
1284 1431 1460 1485 martyr
1494 1429 1673 1486 quidem

202 1495 401 1554 insignis,
423 1512 552 1554 quem
577 1498 631 1541 de
651 1498 726 1555 pia
752 1513 842 1541 non
862 1500 1012 1541 tamen
1032 1497 1242 1541 canonica
1261 1498 1481 1555 scriptura
1508 1512 1672 1541 uenan-

203 1568 294 1610 tem
315 1567 472 1610 asseris
493 1582 520 1610 a
539 1566 730 1611 Domino
750 1568 997 1620 uisitatum,
1017 1567 1151 1610 nimis
1173 1566 1430 1618 demulceat,
1449 1567 1535 1610 nisi
1557 1567 1674 1611 forte

145 1651 187 1676 ιο
202 1639 532 1694 persecutorum
572 1637 776 1681 ecclesiae
816 1637 983 1681 rabiem
1023 1637 1190 1687 laudas,
1225 1651 1276 1680 eo
1315 1637 1434 1694 quod
1473 1637 1576 1680 inde
1616 1638 1673 1680 ad

203 1705 500 1763 apostolatum
515 1709 700 1751 uocatus
715 1710 782 1751 est
799 1706 974 1759 Paulus,
987 1710 1033 1750 et
1048 1706 1167 1749 inter
1186 1706 1296 1749 alios
1311 1706 1457 1750 factus
1470 1707 1674 1765 egregius

203 1775 422 1833 euangelii
442 1776 729 1833 praedicator.
789 1776 877 1820 Sed
898 1776 1068 1819 fuerint
1087 1776 1175 1819 uiri
1200 1776 1407 1829 illustres,
1428 1776 1674 1820 Alexandri

207 1842 323 1888 forte
363 1845 435 1888 uel
475 1844 669 1899 CesareS,
704 1845 889 1889 uenatui
936 1845 1076 1888 dediti
1090 1859 1100 1898 ;
1153 1845 1371 1902 numquid
1410 1845 1674 1903 philosophi,

205 1915 284 1956 aut
304 1913 441 1971 aliqui
466 1915 687 1972 sapientes
713 1916 761 1958 in
785 1915 978 1973 populo?
1037 1914 1270 1972 Numquid
1297 1914 1513 1967 Socrates,
1535 1915 1674 1968 Plato,

146 1995 188 2031 ²5
205 1981 470 2036 AristotileS,
501 1983 678 2037 Seneca,
708 1984 916 2036 Soranus,
940 1987 1020 2028 aut
1049 1984 1126 2041 qui
1156 1984 1296 2028 totius
1325 1999 1414 2027 non
1444 1984 1569 2027 urbis
1598 1984 1675 2028 sed

205 2052 324 2097 orbis
367 2055 602 2098 euacuauit
647 2055 872 2108 miracula,
911 2054 1110 2098 omnium
1154 2055 1202 2098 in
1248 2070 1294 2098 se
1333 2054 1673 2098 admirationem

205 2122 423 2179 sapientia
452 2126 498 2167 et
529 2124 699 2168 uirtute
734 2127 1008 2175 conuertens,
1037 2123 1224 2168 Archita
1253 2124 1552 2168 Tarentinus?
1611 2123 1672 2166 Vt
1689 2127 1717 2166 d

208 2229 227 2268 5
253 2221 430 2268 ydumeos
448 2221 472 2257 S
642 2231 685 2267 14
708 2220 893 2258 blandiris
909 2220 950 2257 M
1118 2231 1162 2258 22
1188 2220 1407 2268 euuangelii
1422 2220 1456 2257 A
1628 2231 1672 2267 23

205 2268 433 2315 phylosophi
453 2268 514 2305 CB

257 2365 274 2403 5
299 2357 510 2393 Idumaeos:
536 2369 568 2394 v.
587 2356 724 2394 Ezeeh.
740 2342 856 2392 xrxii.
875 2366 930 2402 29,
951 2366 1007 2401 30.
1160 2356 1183 2392 6
1212 2356 1283 2391 Vbi
1298 2360 1383 2391 sunt
1402 2356 1497 2391 etc.:
1524 2355 1674 2391 Baruch

206 2402 260 2440 iii.
273 2412 359 2486 137}
455 2406 712 2488 ιιυζηεὸεννορα
738 2406 834 2442 etc.:
861 2415 892 2439 v.
919 2403 1077 2439 Hieron.
1102 2404 1144 2486 {n
1168 2404 1278 2471 szich.
1290 2415 1339 2486 ἐς
1363 2404 1406 2444 6;
1433 2403 1488 2459 εἰ..
1505 2402 1674 2485 Αῗὸιὲοε.

206 2461 265 2542 ¹12,
290 2462 665 2535 cfflssassfifflssffffi.
691 2462 858 2535 disssffne’z.
901 2462 1263 2543 2321?“Z⁶1²‘1m<22<{'
1277 2461 1538 2543 Frissiffi}g,'‘i.
1562 2462 1672 2542 {³305}

209 2543 310 2580 Ivon.
335 2544 484 2582 Carnot.
512 2547 647 2582 Decret.
673 2546 751 2582 xiii.
776 2556 833 2591 33.
981 2556 1023 2589 ¹4
1047 2550 1235 2581 uenatores
1259 2547 1455 2580 missurum
1479 2547 1573 2580 etc.:
1602 2544 1671 2580 Ier.

208 2591 281 2627 xvi.
302 2593 355 2627 16.
506 2602 547 2637 17
571 2595 744 2650 Placidus
768 2595 827 2629 uel
850 2594 1094 2650 Eustachium
1116 2605 1162 2650 y.
1187 2595 1281 2629 Acta
1304 2594 1367 2628 SS.
1393 2591 1498 2651 Sept.
1522 2604 1554 2627 ν.
1584 2593 1673 2645 1·06;

209 2637 259 2675 cf.
278 2637 321 2674 G.
338 2638 379 2675 T.
402 2637 546 2684 stokes,
564 2642 779 2686 Dactwnary
801 2645 842 2685 os
867 2640 1053 2675 Chr-tettan
1074 2641 1295 2693 Btoqraehy,
1312 2651 1339 2675 s.
1352 2652 1384 2675 v.
1402 2640 1410 2657 ‘
1425 2638 1674 2693 ‘Eustachium’

210 2693 254 2730 25
281 2687 460 2722 Soranus:
486 2687 532 2722 cf.
561 2686 656 2734 Aug.
688 2699 762 2724 con.
786 2689 858 2723 Iul.
882 2698 915 2723 V.
944 2695 1000 2733 51,
1025 2688 1180 2723 Retract.
1207 2699 1246 2723 u.
1272 2688 1330 2724 62.
1387 2686 1482 2722 Vide
1511 2688 1607 2721 Dict.
1637 2688 1683 2730 os

209 2733 428 2778 Bioqraphy,
438 2744 466 2770 s.
476 2745 508 2768 v.
523 2732 725 2771 ‘Soranus.'
798 2743 842 2778 27
867 2735 1020 2770 Arc-hita
1036 2735 1277 2770 Tarentinus:
1310 2733 1430 2769 Huius
1443 2732 1675 2770 mentionem

212 2789 322 2863 &effe
340 2778 434 2872 fatlzgt
443 2779 711 2872 §Hieronymum
760 2781 815 2818 De
831 2780 1016 2818 miraculo
1035 2781 1198 2828 quodam
1214 2781 1262 2818 ab
1279 2791 1322 2818 eo
1344 2780 1448 2817 facto
1467 2780 1541 2816 vid.
1559 2779 1676 2816 etiam

248 2837 267 2863 e
327 2838 361 2862 x.
481 2837 513 2874 9.

1525 2907 1567 2941 29
