1994 3190
209 191 291 234 507
311 194 337 224 e
583 155 586 159 ’
681 181 942 226 IOANNIS
982 180 1496 226 SARESBERIENSIS
1629 179 1744 242 [mn.
1759 194 1823 226 111

350 302 524 346 dicente
544 316 590 345 se
610 301 838 345 discedens
864 301 1030 345 dixisse
1050 301 1237 359 legitur:
1267 301 1331 344 Vt
1350 304 1402 344 tu
1422 301 1602 359 linguae
1622 305 1738 353 tuae,
1760 303 1822 346 sic

350 386 432 429 ego
472 386 671 414 mearum
710 371 885 414 aurium
933 371 1137 414 dominus
1177 385 1286 414 sum.
1364 371 1603 415 Antitanes
1649 386 1824 429 quoque

350 441 526 484 cuidam
539 440 722 484 dicentiz
742 440 977 483 Maledixit
988 440 1072 483 tibi
1088 440 1184 491 ille;
1206 440 1311 483 Non
1326 440 1472 491 michi,
1485 441 1645 498 inquit,
1659 441 1736 484 sed
1755 441 1823 483 illi

305 514 335 555 d
352 509 428 566 qui
456 509 503 551 in
530 523 576 552 se
601 509 719 565 quod
745 509 820 552 ille
844 509 996 566 culpat
1025 509 1235 566 agnoscit.
1295 508 1395 560 Sed,
1417 509 1500 552 etsi
1526 509 1661 552 michi
1689 509 1823 552 male-

350 579 495 622 dicere
533 582 669 629 curet,
708 593 799 622 non
838 593 955 629 curo,
996 579 1102 635 quia
1140 578 1322 621 auditus
1361 578 1517 635 lingua
1555 579 1687 621 debet
1729 593 1823 622 esse
1841 595 1861 629 5

349 648 583 698 robustior,
604 662 704 691 cum
724 647 912 705 singulis
932 647 1186 690 hominibus
1209 647 1388 704 linguae
1416 648 1508 691 sint
1526 648 1727 706 singulae
1746 648 1824 691 sed

349 732 479 760 aures
518 717 658 760 binae.
717 716 1013 773 Aliquatenus
1055 719 1206 760 tamen
1240 731 1356 767 curo,
1391 717 1497 773 quia
1535 731 1586 759 eo
1626 717 1722 773 ipso
1753 731 1824 760 me

350 786 522 829 fatetur
549 801 641 829 esse
666 786 948 843 superiorem,
976 786 1188 843 quoniam
1216 785 1454 843 superioris
1481 800 1692 842 personae
1716 800 1824 830 usus

351 858 420 899 est
465 856 728 899 detractioni
774 855 1014 908 subiacere,
1053 854 1279 898 inferioris
1324 854 1503 898 inferre.
1573 855 1823 899 Gauderem

351 926 514 982 itaque,
534 925 621 967 nisi
641 927 827 983 urgente
847 925 1127 968 humanitate
1147 927 1421 981 compaterer
1440 923 1621 968 infelici.
1681 925 1822 968 Item:
1843 939 1892 965 ιο
1929 921 1932 923 ’

351 995 480 1038 Titus
515 995 670 1038 Tatius
708 994 990 1037 maledicenti
1022 994 1107 1036 sibi
1142 994 1334 1046 Metello,
1370 994 1528 1045 Facile,
1564 994 1723 1051 inquit,
1754 998 1823 1037 est

351 1064 399 1106 in
430 1079 500 1107 me
530 1064 686 1115 dicere,
715 1078 815 1106 cum
848 1078 928 1106 nec
960 1063 1044 1106 sim
1074 1077 1376 1120 responsurus.
1437 1062 1555 1116 Quid
1586 1062 1823 1106 Xenofon?

352 1133 432 1184 Tu,
462 1133 620 1190 inquit,
640 1132 815 1176 cuidam
845 1132 1104 1176 maledicere
1134 1132 1341 1183 didicisti,
1369 1135 1415 1176 et
1443 1147 1525 1190 ego
1554 1132 1823 1176 conscientia

353 1206 466 1246 teste
491 1203 625 1245 didici
652 1202 887 1245 maledicta
910 1205 1231 1259 contempnere.
1292 1201 1381 1245 Sed
1405 1204 1450 1245 et
1470 1202 1702 1260 Diogenes,
1721 1216 1823 1246 cum
1843 1195 1846 1199 ⁵

355 1273 396 1315 ei
411 1273 661 1315 nuntiasset
675 1271 865 1314 amicus:
890 1271 962 1322 Te,
979 1271 1129 1322 amice,
1144 1271 1292 1315 cuncti
1305 1271 1590 1329 uituperant3
1619 1271 1820 1328 Oportet,
1844 1284 1885 1320 15

205 1348 289 1398 508
309 1358 339 1388 a
356 1342 513 1398 inquit,
529 1341 793 1398 sapientiam
809 1340 865 1383 ab
881 1341 1193 1398 insipientibus
1208 1340 1345 1391 feriri,
1358 1355 1451 1384 esse
1466 1341 1584 1384 enim
1599 1341 1825 1384 meliorem

355 1410 523 1453 indicat
561 1410 679 1452 mala
718 1409 873 1467 lingua
913 1424 1044 1467 quem
1083 1410 1238 1467 carpit.
1309 1410 1428 1463 Quid
1467 1410 1624 1453 Plato?
1669 1409 1824 1453 Totius

353 1479 657 1536 philosophiae
691 1479 827 1522 robur
864 1479 1084 1536 patientia
1122 1482 1217 1532 est3
1266 1494 1366 1524 cum
1405 1483 1451 1523 et
1494 1479 1698 1523 Socrates
1731 1493 1822 1522 non

352 1549 483 1591 modo
517 1548 654 1591 uerbo
687 1551 820 1606 neget
851 1548 1096 1606 sapientem
1128 1563 1255 1606 posse
1289 1548 1463 1600 offendi,
1498 1549 1575 1592 sed
1609 1549 1822 1592 aduersus

351 1633 526 1661 omnem
554 1617 781 1661 fortunam
809 1618 964 1662 robore
988 1619 1172 1662 uirtutis
1198 1633 1303 1662 suae
1332 1633 1510 1662 manere
1539 1618 1821 1662 immobilem.
1841 1632 1891 1657 πο

354 1688 412 1731 Et
452 1703 506 1730 ne
546 1687 819 1745 philosophis
857 1687 962 1731 solis
1000 1688 1265 1745 patientiam
1304 1687 1366 1731 sic
1405 1687 1621 1746 placuisse
1658 1687 1823 1740 credas,

352 1757 548 1814 ipsorum
579 1757 896 1814 imperatorum
931 1757 988 1800 ad
1018 1772 1114 1801 eam
1144 1757 1456 1814 publicandam
1490 1757 1693 1815 exempla
1721 1772 1828 1801 con·

352 1830 552 1870 currunt.
626 1826 682 1869 In
717 1826 875 1870 Grecia
922 1827 1021 1883 quis
1052 1827 1194 1869 maior
1228 1829 1309 1870 aut
1342 1827 1503 1870 clarior
1536 1826 1822 1870 Alexandro?

355 1896 408 1938 Ei
430 1896 682 1952 Antigonus
702 1895 956 1953 pedagogus
975 1895 1192 1939 citharam
1219 1895 1356 1954 fregit
1383 1896 1629 1953 abiecitque
1649 1896 1822 1940 dicens:

355 1965 478 2008 Etati
499 1968 602 2007 tuae
622 1964 710 2007 iam
733 1979 918 2022 regnare
932 1965 1152 2017 conuenit,
1164 1965 1415 2022 pudeatque
1430 1965 1477 2007 in
1497 1980 1676 2022 corpore
1696 1965 1822 2023 regni
1841 1977 1884 2013 ²5

353 2034 629 2092 uoluptatem
654 2033 857 2077 luxuriae
881 2033 1110 2078 dominari.
1171 2034 1300 2088 Quod
1327 2037 1373 2078 et
1396 2034 1471 2078 ille
1500 2034 1822 2092 patientissime

356 2181 371 2207 1
397 2176 476 2217 poet
493 2170 545 2207 sic
562 2172 646 2207 add.
667 2172 707 2207 et
725 2170 765 2206 M
892 2181 915 2216 9
940 2170 1237 2208 detractionibus
1255 2170 1322 2207 SM
1456 2181 1498 2209 12
1523 2171 1738 2218 Xenophon
1756 2172 1819 2207 M:

356 2218 523 2255 Senofon
542 2218 566 2254 S
695 2227 734 2265 15
762 2217 867 2255 cunti
893 2218 926 2253 A
1037 2229 1079 2255 21
1109 2218 1355 2266 phylosophis
1373 2218 1412 2255 M
1524 2228 1567 2265 25
1594 2219 1671 2255 iam
1689 2219 1765 2257 iam
1783 2219 1823 2255 M

405 2350 426 2376 2
452 2341 665 2376 Anticaria:
703 2338 770 2375 viz.
798 2336 1064 2382 Antisthenen
1101 2349 1131 2374 v.
1160 2337 1360 2374 Woelfflin.
1397 2340 1495 2374 Caec.
1531 2339 1632 2374 Balb.
1667 2350 1730 2385 pp.
1766 2349 1806 2385 31

355 2389 412 2425 60.
586 2397 620 2422 11
657 2387 760 2421 Titus
786 2387 913 2421 Tatius
935 2387 1031 2421 etc:
1069 2397 1100 2420 v.
1127 2385 1330 2422 Woelfflin.
1361 2386 1461 2422 Caec.
1486 2387 1588 2422 Bau).
1617 2397 1679 2432 pp.
1706 2390 1737 2429 8.
1771 2367 1822 2431 16:

355 2446 421 2482 3¹:
454 2434 535 2471 cod.
567 2432 675 2469 Lind.
708 2434 811 2469 Titus
840 2435 878 2467 r'n
908 2439 1033 2468 senatu
1067 2434 1179 2469 Lucio
1208 2434 1356 2475 Metello.
1386 2433 1466 2470 cod.
1494 2433 1596 2469 Mon.
1626 2434 1758 2470 'l'ace'us
1782 2436 1822 2470 in

355 2487 482 2517 amatu
516 2482 629 2517 Lucio
659 2482 797 2516 Metello
824 2480 979 2516 habent.
1170 2490 1209 2516 12
1235 2480 1424 2526 Xenoson:
1458 2480 1506 2517 cs.
1535 2480 1636 2516 infra
1668 2480 1744 2517 viii.
1781 2491 1821 2528 15

356 2531 440 2576 (775
456 2530 516 2572 (:);
553 2540 582 2563 v.
612 2527 811 2564 Woelfflin.
839 2530 936 2563 Caec.
972 2528 1074 2563 Bam.
1108 2538 1170 2572 pp.
1199 2530 1231 2571 8,
1266 2529 1318 2571 16,
1354 2537 1410 2573 31,
1446 2538 1502 2574 39,
1538 2529 1605 2570 60;
1643 2530 1825 2574 Ayellium

355 2577 449 2613 citat
478 2574 656 2611 Burlaeun
688 2577 730 2610 de
764 2577 840 2610 uita
868 2580 899 2609 et
934 2576 1088 2609 moribus
1117 2575 1412 2620 philosophorum
1437 2587 1468 2611 c.
1503 2586 1558 2621 32,
1586 2587 1661 2611 non
1695 2578 1824 2614 tamen

355 2624 456 2661 unul
490 2622 655 2659 Gellium
692 2621 886 2658 historiam
925 2621 1035 2658 iotam
1077 2621 1252 2658 invenies.
1471 2633 1511 2667 14
1552 2625 1749 2666 Dioqenes:
1793 2635 1825 2660 v.

357 2637 560 2706 &hoelffliw
589 2672 687 2706 Caec.
716 2670 815 2706 Bau».
844 2681 878 2715 p.
908 2679 962 2714 34.
1144 2678 1181 2713 17
1207 2670 1315 2704 totius
1332 2670 1425 2706 etc.:
1452 2682 1483 2706 v,
1501 2660 1703 2706 Woelfflin.
1726 2672 1824 2708 caeo.

356 2720 459 2755 Balla.
480 2731 515 2765 p.
533 2720 590 2762 64.
693 2719 732 2753 18
757 2719 918 2753 Socraten
935 2718 1003 2752 cte.
1022 2729 1029 2752 :
1055 2728 1086 2752 v.
1106 2714 1309 2752 Woelfflin.
1329 2720 1428 2753 Cave.
1448 2719 1551 2754 Balb.
1569 2730 1605 2764 p.
1630 2728 1682 2762 14.
1779 2728 1823 2763 24

357 2768 561 2811 Aneiyonua
590 2767 680 2801 etc:
718 2776 749 2800 v.
778 2763 979 2801 Woelfflin.
1010 2765 1109 2801 Caec.
1142 2764 1244 2801 Bulb.
1274 2775 1311 2811 p.
1345 2775 1401 2811 33.
1580 2773 1624 2811 25
1658 2776 1823 2812 corpore:

356 2815 472 2860 capite
490 2812 613 2857 legere
632 2810 741 2848 malit
759 2810 1002 2849 Woelfflinuu.

499 2894 565 2926 ²²⁴
