1994 3190
201 191 299 223 cAP.
315 176 417 239 nv]
707 180 1144 244 POLICRATIGVS
1681 197 1768 238 509
1789 189 1818 228 b

199 312 344 341 sorore
375 298 543 341 tradita
576 298 624 340 in
659 297 889 341 affinitatis
927 299 1119 355 gratiam
1160 300 1352 346 admisit.
1411 301 1525 347 Cum
1559 318 1666 347 uero

197 366 315 409 idem
344 366 557 409 aduersus
585 366 813 423 priuatum
844 367 1064 423 quendam
1094 369 1278 425 grauius
1308 372 1665 416 excandesceret:

197 434 406 492 Loquere,
437 435 596 491 inquit,
634 435 849 492 Auguste,
889 436 1007 492 quod
1047 436 1202 492 placet,
1243 439 1347 494 quia
1387 440 1664 498 diligentiam

196 503 388 554 auribus,
419 503 598 560 linguae
630 503 984 547 taciturnitatem
1026 505 1181 556 indixi,
1203 507 1396 562 quietem
1435 511 1664 563 manibus3

157 583 177 618 5
195 574 242 615 01
284 571 331 614 in
375 572 579 615 omnibus
621 572 691 615 his
735 573 980 630 potentiam
1019 576 1145 616 tuam
1187 589 1354 626 accusa,
1385 578 1490 633 quia
1527 580 1664 622 nichil

194 641 317 684 aliud
341 641 469 699 argui
499 643 645 699 potest
677 642 725 684 in
754 642 972 699 patientia
1002 658 1111 686 mea.
1172 644 1243 686 Ad
1276 645 1384 688 haec
1413 662 1501 689 non
1534 650 1664 692 modo

194 709 242 752 in
281 725 328 754 se
367 711 575 754 seruabat
617 711 891 768 patientiam,
930 712 1007 754 sed
1050 712 1234 755 eandem
1283 714 1384 757 aliis
1430 716 1663 760 indicebat.

195 778 335 830 Vnde,
355 794 456 822 cum
487 780 688 823 Tiberius
720 783 982 837 quereretur
1014 795 1094 838 per
1128 782 1359 838 epistolam
1390 798 1515 836 suam
1546 786 1664 842 quod

193 848 325 893 multi
368 849 422 892 de
468 850 545 893 illo
590 864 821 907 perperam
867 850 1164 907 loquerentur,
1205 851 1271 894 ita
1305 854 1552 910 rescripsit:
1601 855 1707 898 Mic

136 929 178 953 10
194 915 354 969 Tiberi,
404 918 495 962 noli
545 918 678 962 nimis
731 918 957 976 indignari
1015 934 1280 977 quemquam
1339 936 1431 965 esse
1478 923 1554 979 qui
1611 924 1666 966 de

192 988 239 1030 te
269 987 384 1031 male
412 987 645 1045 loquatur3
687 988 796 1031 satis
828 990 895 1031 est
927 988 1045 1031 enim
1075 989 1112 1031 si
1142 989 1223 1034 hoc
1253 990 1479 1042 habemus,
1509 994 1665 1049 nequis

191 1056 319 1099 nobis
340 1057 595 1100 malefacere
622 1057 770 1114 possit.
831 1057 956 1100 Idem
983 1060 1114 1101 tanta
1140 1059 1348 1103 comitate
1375 1061 1595 1119 quoslibet
1620 1078 1665 1106 se

191 1125 405 1185 adeuntes
432 1126 690 1184 excipiebat,
711 1128 764 1169 ut
790 1126 1010 1184 quendam
1038 1128 1132 1171 ioco
1159 1129 1434 1186 corripuerit,
1459 1131 1575 1188 quod
1603 1133 1665 1176 sic

191 1194 277 1238 sibi
308 1195 506 1238 libellum
536 1196 762 1253 porrigere
791 1199 1032 1247 uereretur‚
1063 1198 1189 1254 quasi
1222 1198 1458 1256 elephanto
1491 1201 1665 1258 stipem.

135 1273 174 1308 ¹⁵
193 1263 252 1307 Et
270 1267 487 1321 quantum
515 1265 635 1308 Nero
659 1265 991 1310 adulationibus
1018 1270 1175 1324 captus
1196 1270 1275 1318 est,
1295 1271 1473 1312 tantum
1496 1270 1579 1313 iste
1607 1272 1664 1314 ab

191 1332 254 1376 eis
273 1347 455 1377 auersus
475 1336 554 1379 est.
612 1334 740 1378 Vnde
759 1335 1101 1392 appellationem
1123 1336 1290 1380 domini
1306 1340 1359 1381 ut
1378 1339 1662 1383 maledictum

190 1404 236 1446 et
261 1402 546 1460 obprobrium
573 1418 746 1462 semper
770 1405 1015 1450 exhorruit.
1076 1405 1278 1463 Denique
1301 1422 1402 1451 cum
1427 1409 1567 1452 eidem
1589 1410 1662 1453 de·

189 1472 415 1516 scendenti
453 1487 534 1531 per
571 1487 741 1517 sacram
781 1475 902 1517 uiam
949 1475 1207 1532 desperatus
1254 1477 1434 1533 quidam
1474 1478 1662 1522 diceret:

191 1541 231 1585 Ο
270 1542 470 1596 tiranne3
519 1543 569 1586 Si
605 1558 756 1595 essem,
796 1544 955 1601 inquit,
994 1559 1083 1588 non
1123 1545 1302 1591 diceres.
1363 1547 1661 1592 Obseruatum

131 1624 175 1649 πο
191 1611 354 1654 etenim
390 1614 468 1663 est,
502 1612 707 1670 quotiens
742 1613 1077 1671 ingrediebatur
1110 1615 1276 1666 urbem,
1305 1631 1360 1659 ne
1395 1618 1661 1674 supplicium

190 1679 245 1723 de
278 1695 499 1738 quoquam
530 1684 791 1726 sumeretur.
851 1682 1035 1727 Curtius
1066 1699 1199 1741 eques
1233 1685 1459 1729 Romanus
1493 1687 1662 1732 deliciis
1678 1691 1706 1730 d

188 1748 383 1801 affluens,
397 1764 495 1794 cum
511 1766 708 1795 macrum
721 1752 903 1795 turdum
920 1754 1179 1811 sumpsisset
1194 1754 1242 1796 in
1257 1756 1463 1800 conuiuio
1477 1756 1662 1808 Cesaris,

187 1818 482 1878 interrogauit
501 1835 559 1864 an
586 1821 763 1865 mittere
785 1822 960 1875 liceret;
990 1824 1218 1881 respondit
1237 1825 1463 1883 princeps:
1495 1827 1661 1880 Quidni

188 1886 349 1932 liceat?
407 1889 491 1932 Ille
530 1890 684 1934 statim
727 1905 808 1949 per
847 1891 1089 1936 fenestram
1128 1894 1263 1936 misit.
1322 1894 1451 1939 Miles
1491 1897 1661 1954 peritus

188 2002 210 2038 8
235 2001 405 2048 tyberius
421 2001 481 2039 CB
577 2015 684 2040 suam
703 2016 770 2041 om.
789 2004 924 2042 BASM
1047 2016 1099 2052 13,
1123 2016 1165 2052 14
1191 2006 1263 2043 sibi
1285 2007 1338 2044 sic
1355 2007 1389 2043 A
1519 2019 1562 2055 14
1589 2010 1660 2047 ele-

187 2047 297 2086 fanto
315 2048 340 2086 S
485 2060 539 2096 17.
553 2052 796 2099 opprobrium
816 2052 850 2088 A
996 2064 1039 2101 19
1063 2056 1226 2101 tyranne
1244 2055 1284 2091 M

238 2163 302 2203 1,'2
331 2160 422 2196 Cum
436 2173 522 2198 uero
540 2163 634 2198 idem
651 2163 723 2199 etc.
739 2175 748 2199 ε
773 2163 868 2199 haec
880 2175 957 2200 non
968 2163 1042 2200 nisi
1059 2164 1227 2202 hocloco
1240 2168 1406 2209 narrata,
1422 2167 1521 2212 quod
1532 2167 1659 2211 sciam,

188 2206 344 2251 extant3
368 2220 400 2243 v.
417 2208 623 2246 Woelfflin.
645 2211 743 2247 caeo.
764 2211 869 2246 Balb.
885 2222 922 2257 p.
943 2221 975 2257 9.
1132 2223 1152 2258 3
1178 2215 1426 2259 diliqentiam:
1453 2215 1657 2252 Woelfflin.

188 2254 253 2290 loc.
277 2256 335 2291 cit.
360 2255 432 2292 ‘Vt
457 2255 503 2292 de
527 2257 634 2303 gravi
659 2257 770 2294 huius
791 2258 892 2294 vocis
914 2259 1135 2305 corruptela
1156 2260 1217 2296 vix
1243 2261 1412 2298 dubitari
1437 2264 1579 2308 potest,
1604 2263 1660 2300 ita

188 2299 274 2347 ipsa
305 2302 532 2339 emendandi
564 2303 626 2340 via
656 2304 804 2352 incerta
837 2307 905 2343 est.
970 2306 1067 2342 Nam
1100 2307 1334 2351 surditatem,
1370 2310 1471 2354 quod
1505 2311 1657 2356 proprie

189 2348 396 2394 opponitur
405 2352 816 2399 taciturnitati,longius
827 2364 850 2389 a
862 2353 1033 2390 codicum
1045 2354 1233 2401 scriptura
1243 2355 1403 2393 recedit:
1418 2359 1658 2403 diffidentiam

188 2405 276 2432 vero
293 2396 468 2434 restituto
480 2397 541 2434 vix
557 2409 639 2435 eam
657 2400 884 2437 sententiam
899 2400 1040 2444 elicias,
1053 2404 1096 2439 ut
1109 2402 1255 2439 dictum
1271 2403 1322 2440 sit
1339 2415 1407 2450 pro
1426 2407 1544 2440 Aures
1560 2418 1658 2442 meae

189 2448 390 2486 assuerunt,
415 2456 460 2480 ne
483 2447 615 2481 talibus
630 2449 745 2491 fidem
761 2449 937 2484 habeant!
987 2448 1106 2485 Locus
1122 2452 1261 2493 tamen,
1282 2451 1405 2488 nihilo
1423 2454 1584 2496 mutato,
1602 2454 1655 2490 sic

188 2487 363 2536 intellegi
378 2492 526 2536 potest:
556 2494 638 2528 Tibi
659 2506 714 2530 me
729 2496 935 2542 increpanti
955 2508 1062 2533 aures
1084 2499 1276 2544 diligenter
1302 2501 1405 2545 dabo,
1422 2501 1519 2535 nihil
1535 2506 1657 2537 tamen

187 2538 414 2581 respondebo.
549 2540 572 2576 8
596 2552 676 2577 cum
697 2543 862 2578 Tiberius
877 2545 975 2580 etc.:
1003 2556 1037 2579 v.
1056 2543 1159 2581 Suet.
1177 2547 1270 2592 Aua.
1293 2555 1349 2593 51.
1485 2557 1526 2583 12
1552 2553 1656 2584 tanta

189 2585 260 2619 etc.
278 2595 287 2620 ι
314 2582 418 2620 Suet.
439 2586 533 2631 Any.
553 2595 610 2632 53.
754 2598 795 2634 15
821 2592 917 2627 Nero
929 2593 1203 2629 adulationibus
1218 2599 1363 2640 coptus:
1388 2606 1420 2629 v.
1439 2593 1543 2630 Suet.
1560 2597 1655 2632 Nero

188 2639 245 2666 20.
393 2633 436 2668 16
459 2635 736 2679 appellationem
752 2639 850 2674 eta:
877 2636 981 2675 Suet.
998 2641 1092 2684 Auy.
1112 2649 1166 2686 53.
1328 2651 1383 2687 17,
1405 2643 1446 2678 18
1472 2644 1584 2677 eidem
1601 2645 1655 2678 de—

187 2679 369 2713 scendenti
385 2680 456 2715 etc.
472 2692 480 2715 :
504 2691 577 2726 quo
593 2683 743 2719 auctore
759 2683 831 2720 hoc
847 2687 977 2722 narret
993 2685 1130 2723 Noster
1145 2687 1284 2724 nescio.
1414 2699 1458 2734 19
1485 2691 1655 2726 Obserua-

189 2729 266 2759 tum
282 2726 377 2762 etc.:
405 2724 508 2763 Suet.
534 2728 631 2774 Auo.
658 2738 712 2775 57.
761 2730 843 2767 Hoc
869 2743 917 2769 ex
941 2732 1120 2771 Suetonio
1145 2734 1306 2771 citatum
1331 2746 1408 2772 esse
1435 2747 1512 2772 non
1537 2737 1654 2772 anim—

189 2771 354 2808 advertit
367 2773 619 2818 Woelfflinus;
643 2787 675 2812 v.
693 2777 792 2814 Caec.
805 2779 909 2816 Balb.
926 2792 962 2826 p.
978 2790 1031 2816 10.
1130 2792 1170 2818 21
1196 2783 1346 2818 Curtius
1361 2786 1433 2819 etc.
1448 2796 1458 2820 ι
1486 2784 1652 2821 Macrob.

188 2820 264 2856 Sat.
280 2818 319 2856 ii.
336 2830 359 2865 4
379 2819 396 2867 ᾗ
418 2830 474 2858 22.
616 2832 661 2868 24
684 2824 791 2861 Miles
807 2827 901 2862 eta:
924 2839 958 2864 v.
978 2827 1140 2865 Mani-ob.
1159 2830 1234 2866 Sat.
1254 2829 1294 2867 ii.
1311 2841 1334 2876 4
1354 2829 1372 2877 ξ
1392 2831 1448 2868 26.

1479 2912 1542 2935 22⁷
