1994 3190
236 196 319 235 394
339 195 365 225 c
708 180 968 227 IOANNIS
1009 179 1523 226 SARESBERIENSIS
1703 179 1814 240 [LIB.
1829 190 1850 224 1

380 304 589 347 robustus
617 316 765 346 coram
795 302 998 355 Domino,
1029 302 1147 346 forte
1176 295 1282 360 quia
1309 304 1463 346 tantae
1492 301 1696 345 elationis
1726 301 1775 343 in
1804 315 1851 345 se

381 373 546 423 extitit,
567 375 620 415 ut
645 387 726 415 nec
746 372 934 415 recentis
960 387 1075 429 pena
1102 372 1262 415 diluuii
1291 374 1441 429 posset
1467 371 1642 422 instrui,
1663 371 1771 428 quin
1801 371 1850 413 in

381 442 520 485 oculis
554 441 735 485 Domini
769 442 1029 499 superbiret,
1062 444 1108 484 et
1139 441 1399 498 obsequium
1430 441 1548 498 quod
1582 441 1639 483 ab
1672 441 1851 484 homine

382 512 574 554 Domino
604 511 858 562 debebatur,
882 511 967 554 sibi
991 511 1310 555 contumaciter
1333 513 1596 568 usurparet;
1625 525 1726 554 cum
1749 525 1850 554 con-

383 585 473 624 stet
519 581 637 638 quod
680 580 983 624 confusionem
1030 580 1285 637 linguarum
1334 580 1555 622 diluuium
1604 580 1852 623 antecessit.
1871 592 1891 626 5

384 650 588 707 Babylon
607 651 786 708 quidem
806 650 939 694 calice
958 663 1092 692 aureo
1112 649 1367 691 uniuersam
1390 662 1567 692 carnem
1582 649 1786 701 inebriat,
1807 651 1855 692 et

384 720 597 763 aduersus
646 719 899 771 Ierusalem,
940 732 1053 775 quae
1101 732 1278 761 sursum
1324 720 1403 769 est,
1441 721 1587 761 castra
1635 718 1858 762 construit

338 794 367 834 d
384 790 672 846 proculdubio
710 790 924 846 peritura,
959 787 1121 845 quibus
1161 787 1361 844 quisquis
1395 787 1604 831 militiam
1643 790 1855 845 praestat,

383 862 598 916 perpetua
626 861 880 902 sanctorum
909 857 1217 900 maledictione
1248 857 1528 914 dampnatur.

444 927 562 972 Esau
578 943 751 985 quoque
764 927 1046 970 uenationem
1062 926 1271 979 exercuit,
1285 929 1330 970 et
1348 926 1655 970 benedictione
1667 929 1855 983 paterna
1873 942 1918 967 1ο

386 998 549 1041 meruit
564 997 831 1040 defraudari.
882 996 938 1038 In
953 995 1078 1039 siluis
1093 995 1270 1054 collegit
1285 996 1486 1049 esuriem,
1499 1000 1551 1039 ut
1563 996 1855 1039 immoderato

386 1071 513 1110 aestu
552 1067 808 1110 lenticulam
847 1065 1157 1123 concupiscens
1197 1066 1554 1123 praerogatiuam
1588 1065 1856 1123 primogeni-

387 1140 534 1179 torum
556 1136 719 1194 exiguo
738 1136 881 1193 pretio
902 1138 948 1178 et
966 1134 1048 1177 uili
1068 1134 1358 1187 distraheret3
1389 1138 1434 1178 et
1454 1135 1609 1192 iugum
1625 1134 1857 1178 seruitutis

388 1205 710 1249 haereditariae
730 1205 980 1248 transmisit
1006 1204 1054 1246 in
1080 1206 1291 1261 posteros,
1310 1207 1364 1247 ut
1383 1204 1542 1248 ditioni
1563 1204 1758 1257 minoris,
1778 1203 1856 1261 qui

388 1275 507 1318 domi
528 1275 728 1332 degebat,
741 1274 853 1318 colla
873 1276 1183 1331 supponerent.
1234 1273 1564 1318 Fruticantibus
1583 1274 1686 1332 pilis
1705 1274 1856 1320 horre-
1877 1284 1916 1322 15

388 1344 499 1387 bant
537 1359 706 1397 manus,
743 1358 822 1387 nec
862 1343 980 1387 enim
1015 1343 1127 1386 lenis
1159 1357 1252 1387 esse
1286 1346 1462 1401 poterat
1492 1346 1607 1397 actu,
1640 1343 1859 1387 siluestris

388 1414 596 1465 moribus,
628 1414 885 1470 cultumque
919 1413 1059 1457 uestis
1092 1413 1311 1470 pretiosae
1345 1413 1464 1456 domi
1496 1413 1748 1470 reliquerat,
1780 1412 1858 1470 qui

389 1483 566 1527 assiduo
585 1487 753 1526 uenatu
773 1483 958 1527 uirtutis
978 1483 1200 1526 abiecerat
1218 1482 1540 1526 indumentum.
1592 1482 1859 1526 Fraternum

240 1564 323 1603 395
343 1565 372 1594 a
390 1554 650 1611 sanguinem
682 1553 874 1605 sitiebat,
909 1555 956 1596 et
985 1566 1031 1597 se
1065 1553 1123 1596 ab
1158 1567 1220 1604 eo,
1250 1566 1380 1610 quem
1411 1552 1496 1596 sibi
1528 1553 1683 1596 diuina
1711 1552 1860 1610 gratia

390 1623 444 1666 de
473 1626 660 1680 paterna
687 1622 992 1666 benedictione
1021 1622 1270 1680 praelatum
1298 1625 1496 1675 nouerat,
1524 1622 1725 1680 placatus
1755 1624 1860 1666 ante
1877 1636 1923 1662 πο

390 1692 659 1743 muneribus,
683 1706 773 1735 non
794 1695 861 1735 est
880 1692 1052 1735 ueritus
1071 1692 1260 1736 adorari.

449 1761 711 1805 venationis
738 1761 882 1805 aeriae
909 1764 1134 1806 auctorem
1162 1762 1369 1806 iactitant
1396 1761 1532 1805 fuisse
1557 1761 1860 1813 Machabeum‚

393 1833 468 1889 qui
485 1832 726 1876 maioribus
741 1834 992 1889 occupatus,
1009 1831 1142 1875 huius
1157 1831 1415 1889 uoluptatis,
1429 1834 1483 1875 ut
1496 1831 1703 1882 creditur,
1717 1831 1862 1874 uitam

392 1902 524 1945 duxit
559 1904 770 1945 exortem.
846 1901 1034 1959 Egregie
1066 1901 1284 1959 siquidem
1316 1900 1431 1945 bella
1461 1901 1609 1959 gessit,
1644 1900 1863 1944 fratribus

393 1971 592 2014 restituit
640 1971 904 2022 libertatem,
944 1970 1063 2028 leges
1112 1971 1267 2024 erexit,
1307 1970 1566 2015 cerimonias
1614 1970 1860 2021 innouauit‚
1881 1982 1925 2018 πε

392 2040 629 2085 inundauit
663 2042 828 2091 sancta,
863 2040 1019 2097 templi
1054 2039 1225 2093 faciem,
1256 2040 1374 2084 unde
1405 2039 1490 2084 sibi
1523 2039 1730 2084 credebat
1761 2053 1861 2097 pro·

394 2111 568 2154 uenisse
597 2109 843 2161 uictoriam,
863 2110 1034 2155 coronis
1062 2111 1208 2155 aureis
1228 2110 1467 2164 decorauit,
1485 2110 1716 2168 nullosque
1742 2110 1863 2155 illius

396 2181 441 2223 in
463 2184 588 2224 actus
608 2179 835 2237 surrepsit,

677 2269 936 2323 partemque
965 2265 1073 2309 tulit
1102 2266 1187 2310 sibi
1217 2268 1324 2309 nata
1353 2265 1571 2323 uoluptas.

399 2352 623 2396 Postremo
643 2366 723 2409 pro
738 2351 880 2395 salute
898 2351 1089 2395 fratrum
1107 2351 1233 2396 fusus
1249 2352 1294 2395 in
1310 2352 1414 2403 acie,
1425 2365 1656 2410 germanos
1672 2352 1861 2410 legitimi
1881 2366 1926 2402 30

397 2423 498 2466 belli
522 2422 701 2479 reliquit
726 2422 919 2466 heredes.
978 2422 1050 2465 Ab
1073 2425 1218 2466 aetate
1246 2422 1388 2479 prima
1412 2422 1482 2466 cui
1510 2422 1696 2465 rationis
1720 2422 1862 2480 legem

469 2543 520 2574 one
539 2538 713 2574 robustus
729 2540 813 2573 add.
831 2539 989 2574 uenator
1005 2549 1108 2584 mary
1109 2536 1169 2574 ,A
1272 2537 1296 2573 6
1314 2536 1473 2574 Bobilon
1491 2535 1591 2572 ASM
1689 2545 1722 2582 7,
1740 2537 1761 2573 8
1784 2548 1868 2584 pro-

399 2598 444 2622 cu
462 2585 576 2621 dubio
596 2586 785 2621 construit
804 2586 833 2620 Α
991 2596 1014 2631 9
1039 2585 1244 2621 damnatur
1261 2583 1285 2620 S
1439 2593 1483 2629 27
1507 2590 1586 2631 pose
1604 2583 1708 2620 illius
1724 2586 1809 2622 add.
1827 2586 1866 2623 et

400 2646 494 2669 man.
513 2645 549 2668 re
534 2635 643 2669 eicene
633 2645 688 2668 or
701 2635 740 2669 in
758 2645 870 2679 mar-9.
887 2632 918 2668 A
936 2644 1072 2670 necnon
1090 2634 1144 2669 ed.
1155 2634 1279 2679 prino.
1420 2642 1467 2678 30
1491 2631 1677 2678 legittimi
1696 2631 1761 2667 SM

447 2732 470 2768 6
496 2732 655 2777 Babylon
675 2730 924 2767 8183181.Ιῄ
943 2740 977 2776 7,
995 2731 1110 2778 Apoc.
1124 2730 1211 2767 xvii.
1224 2740 1258 2776 4,
1274 2738 1305 2777 5.
1402 2738 1422 2775 7
1448 2731 1644 2766 Ierusalem
1662 2732 1756 2768 etc:
1783 2729 1867 2769 Gal.

403 2779 446 2814 iv.
468 2780 524 2833 ²⁶:
695 2789 737 2814 ιο
765 2780 861 2814 Esau
881 2781 977 2815 cta:
1003 2791 1036 2816 v.
1057 2778 1151 2816 Gen.
1169 2789 1251 2815 xxv.
1270 2787 1314 2823 ²7
1328 2788 1441 2824 seqq..
1460 2777 1561 2814 xxvii
1580 2777 1729 2825 passim,
1752 2777 1866 2823 xxxii,

403 2825 530 2862 xxxiii.
675 2837 720 2873 ²9
740 2832 948 2874 partemque
964 2828 1057 2863 eta:
1078 2826 1165 2864 Luc.
1183 2827 1313 2863 Phara.
1332 2825 1371 2862 ii.
1389 2836 1470 2872 391.

514 2898 554 2931 28
