1994 3190
191 204 292 238 cAP.
306 190 419 252 vm]
702 187 1140 235 POLICRATICVS
1670 196 1762 242 490
1780 188 1811 229 b

190 311 411 356 Homerus
449 323 622 367 quoque
660 309 709 351 in
747 308 824 351 illo
862 307 1170 351 celeberrimae
1208 307 1492 366 perfectionis
1525 321 1656 366 opere

189 381 454 438 dedignatus
483 381 551 422 est
581 392 708 421 nosse
740 377 980 428 fortunam,
1012 377 1122 420 adeo
1156 378 1335 434 quidem
1366 380 1419 421 ut
1452 378 1500 420 in
1533 377 1658 420 nulla

188 452 315 508 parte
349 447 466 492 tanti
499 447 707 491 carminis
741 446 1005 489 nominetur.
1076 446 1239 489 Maluit
1273 447 1390 489 enim
1429 447 1511 490 soli
1551 446 1658 498 Deo,

188 533 318 576 quem
357 527 536 560 MOIPAN
575 515 838 566 nominauit,
878 515 1089 558 uniuersa
1130 515 1324 572 regenda
1370 516 1657 570 committere,

152 606 172 642 5
188 601 320 644 quam
340 588 393 629 ut
411 585 580 642 aliquid
599 585 838 628 ascriberet
853 584 1096 627 temeritati
1114 583 1332 635 fortunae,
1348 599 1481 640 quam
1501 585 1659 641 utique

187 656 250 700 sic
268 657 442 700 constat
460 654 641 696 minime
661 668 754 697 esse
773 653 913 704 deam,
933 653 1049 696 sicut
1068 656 1237 696 certum
1263 655 1330 695 est
1358 653 1445 695 dici
1466 656 1511 695 et
1531 653 1659 711 pingi

187 739 344 769 cecam.
403 719 588 767 Frustra
613 737 718 780 ergo
746 723 906 766 cecitas
933 722 1027 766 eius
1047 722 1263 780 arguitur,
1283 737 1396 779 quae
1422 722 1469 764 in
1495 726 1658 766 natura

187 808 335 838 rerum
365 793 557 836 inueniri
586 807 675 835 non
704 794 861 848 potest.
921 791 1048 834 Vnde
1078 794 1124 834 et
1157 805 1284 834 casus
1313 806 1403 834 non
1433 806 1526 834 esse
1556 806 1657 834 con·

188 863 394 914 uincitur,
425 863 463 906 si
497 876 597 905 eum
628 862 727 918 quis
758 861 1047 918 improuisum
1080 865 1290 905 euentum
1324 875 1419 904 esse
1452 861 1657 914 diffiniat,

131 949 174 977 10
189 948 289 978 cum
323 931 459 976 nichil
492 931 573 974 fiat
605 932 730 974 cuius
763 934 911 974 ortum
946 931 1146 988 legitima
1179 946 1312 974 causa
1345 934 1392 974 et
1421 931 1537 974 ratio
1566 945 1656 972 non

188 1002 432 1060 praecedat,
471 1003 516 1044 et
554 1000 696 1044 fidelis
735 1000 1016 1044 concionator
1059 1001 1196 1044 nichil
1245 1001 1293 1043 in
1339 1003 1459 1044 terra
1499 1000 1654 1043 doceat
1671 1007 1697 1038 c

187 1071 284 1115 fieri
318 1071 412 1114 sine
442 1085 584 1114 causa.
659 1070 976 1114 Verumtamen
1012 1070 1118 1127 quia
1151 1073 1328 1127 praeter
1361 1070 1655 1112 intentionem

186 1141 435 1199 gerentium
464 1140 625 1197 aliqua,
648 1140 862 1183 nonnulla
891 1140 1158 1198 contingunt
1187 1143 1363 1198 praeter
1391 1140 1655 1197 opinionem,

187 1224 313 1254 casus
327 1209 620 1267 appellatione
632 1209 913 1259 clauduntur,
925 1209 1028 1252 licet
1039 1224 1178 1266 aeque
1193 1210 1468 1267 disponentis
1484 1209 1655 1252 ratione

130 1295 171 1330 15
187 1279 390 1339 praeuisa
405 1279 506 1330 sint,
517 1279 632 1322 sicut
652 1294 704 1322 ea
724 1294 836 1336 quae
857 1278 952 1336 lege
973 1282 1160 1322 naturae
1175 1279 1450 1322 necessitatis
1466 1279 1656 1322 nexibus

187 1349 398 1393 uidentur
425 1351 582 1392 artata.
656 1348 844 1392 Proinde
868 1351 914 1392 et
938 1349 1045 1392 haec
1069 1349 1165 1406 ipsa
1188 1348 1493 1406 contingentia
1519 1348 1655 1405 prim-

188 1432 295 1463 euae
324 1418 520 1462 omnium
554 1432 711 1461 causae
743 1418 804 1461 sic
839 1432 932 1461 esse
966 1421 1141 1461 constat
1175 1418 1350 1461 adnexa
1384 1421 1437 1461 ut
1470 1418 1527 1460 ad
1558 1433 1656 1461 eam

187 1487 335 1532 omnia
355 1486 628 1540 referantur3
658 1490 704 1530 et
732 1501 814 1544 pro
843 1502 941 1530 mea
970 1488 1176 1544 opinione
1204 1488 1311 1531 haec
1338 1488 1435 1545 ipsa
1459 1487 1515 1529 ad
1540 1487 1655 1544 posi-

187 1556 352 1600 tionem
364 1556 561 1599 omnium
577 1571 689 1613 quae
704 1560 810 1600 sunt
824 1558 1068 1600 necessario
1080 1561 1386 1614 consequatur.
1428 1557 1656 1600 Ridebunt

130 1639 172 1663 πο
188 1625 304 1670 forte
333 1626 639 1684 prudentiores
668 1626 970 1684 insipientiam
999 1642 1155 1678 meam,
1185 1628 1262 1684 qui
1292 1627 1436 1670 Deum
1470 1642 1563 1670 esse
1598 1627 1655 1670 ad

188 1695 468 1739 existentiam
488 1696 685 1738 omnium
706 1697 829 1753 sequi
845 1698 1094 1749 consentio;
1124 1697 1199 1740 sed
1221 1697 1278 1740 ab
1298 1697 1456 1740 effectu
1476 1711 1654 1740 causam

188 1763 344 1808 inferri
373 1764 445 1808 uel
474 1764 763 1822 probabiliter
792 1780 862 1808 me
889 1766 1170 1823 Peripatetici
1199 1766 1456 1810 docuerunt.
1518 1766 1654 1809 Porro

189 1833 388 1877 doctores
405 1834 508 1877 fidei
529 1848 626 1876 eam
646 1849 702 1877 ex
729 1836 933 1878 omnibus
960 1850 1138 1879 causam
1169 1836 1414 1879 necessario
1440 1835 1653 1886 inferunt,
1671 1834 1702 1875 d

190 1917 247 1946 ex
276 1917 364 1960 qua
391 1903 550 1954 omnia,
570 1918 649 1961 per
678 1919 811 1961 quam
841 1905 1001 1956 omnia,
1021 1908 1067 1948 et
1097 1906 1144 1948 in
1175 1920 1263 1962 qua
1292 1908 1399 1948 sunt
1428 1906 1588 1955 omnia,
1609 1908 1654 1948 et

131 1988 174 2023 ²5
191 1971 285 2015 sine
305 1986 392 2029 qua
411 1971 580 2015 factum
600 1975 668 2016 est
686 1976 766 2016 aut
785 1974 1024 2018 subsistere
1039 1978 1186 2032 potest
1206 1975 1355 2019 nichil.
1406 1974 1534 2028 Quod
1550 1989 1656 2032 ergo

189 2036 357 2098 aliquid
391 2039 598 2084 fortunae
631 2042 836 2086 uidemur
874 2045 1102 2094 ascribere,
1135 2045 1174 2088 ei
1215 2059 1494 2101 nequaquam
1530 2058 1654 2101 prae-

188 2109 367 2153 iudicat.
428 2109 515 2153 Sed
543 2110 648 2166 quia
675 2112 803 2154 nobis
832 2113 890 2156 ad
919 2114 1118 2156 homines
1148 2129 1291 2156 sermo
1321 2117 1399 2164 est,
1424 2114 1655 2156 hominum

188 2178 336 2222 uerbis
355 2179 535 2231 utimur,
555 2180 711 2238 pingui
731 2180 801 2239 (ut
827 2183 1148 2242 praediximus)
1169 2184 1372 2226 Minerua
1398 2187 1581 2241 agentes
1601 2183 1656 2226 de

190 2247 387 2305 singulis,
416 2248 471 2291 de
499 2249 623 2292 nullo
652 2251 859 2294 subtilem
891 2253 1124 2296 reddentes
1155 2254 1384 2297 rationem.
1456 2253 1585 2306 Quod
1618 2252 1655 2295 si

133 2337 175 2372 30
191 2315 273 2359 hoc
310 2316 455 2373 ipsum
494 2318 716 2374 patienter
754 2320 1020 2372 admittitur,
1059 2337 1110 2365 ea
1156 2337 1269 2379 quae
1309 2337 1336 2365 a
1382 2322 1656 2380 philosophis

191 2384 391 2442 gentium
416 2386 617 2443 publicae
646 2388 858 2432 utilitatis
884 2391 1032 2447 gratia
1058 2391 1223 2448 scripta
1247 2395 1354 2435 sunt
1373 2391 1527 2434 audire
1548 2391 1657 2448 quid

195 2523 238 2560 17
257 2518 406 2552 constat
422 2528 499 2554 esse
515 2528 666 2554 annexa
681 2519 722 2554 M
819 2530 862 2556 22
881 2521 1155 2568 peripathetici
1172 2521 1248 2558 AM
1345 2533 1386 2568 31
1404 2522 1529 2559 audiri
1543 2522 1658 2559 A²SM

244 2644 259 2670 1
287 2635 466 2672 Homerus
482 2639 552 2674 etc.
570 2651 578 2675 :
603 2650 636 2675 v.
653 2638 819 2677 Macrob.
835 2642 909 2677 Sat.
927 2653 958 2678 v.
980 2643 1023 2678 16
1042 2641 1059 2689 §
1080 2644 1112 2679 8.
1279 2653 1323 2679 10
1346 2644 1461 2680 nichil
1468 2646 1543 2688 fiat
1559 2645 1630 2680 etc.
1650 2657 1657 2680 :

194 2680 292 2738 i’lat.
311 2682 403 2718 Tim.
420 2684 466 2719 28
476 2693 515 2719 A.
531 2696 623 2722 vers.
646 2685 853 2733 Chalcidii3
880 2689 929 2726 cf.
949 2701 1062 2735 supra
1078 2690 1116 2726 ii.
1134 2700 1149 2727 1
1177 2690 1260 2736 (415
1277 2691 1335 2735 D).
1476 2702 1513 2727 11
1542 2693 1659 2727 nichil

194 2740 235 2782 ’.ιη
253 2733 350 2764 terra
366 2731 455 2767 etc.:
483 2731 549 2767 Iob
564 2744 597 2768 v.
613 2734 647 2769 6.
805 2744 851 2779 24
876 2747 921 2771 ex
943 2749 1015 2782 qua
1039 2739 1134 2774 etc.:
1160 2749 1191 2774 v.
1218 2737 1324 2774 Rom.
1350 2737 1401 2774 xi.
1427 2739 1497 2784 36;
1524 2738 1658 2775 Ioann.

193 2785 275 2832 133..
449 2779 493 2814 28
511 2781 646 2824 pinyui
668 2781 862 2819 Minerua:
888 2782 964 2820 Cic.
982 2786 1026 2820 de
1048 2786 1195 2821 Amicit.
1216 2794 1233 2831 5
1254 2784 1272 2832 ξ
1297 2795 1349 2831 19.
1494 2791 1534 2821 ut
1553 2798 1661 2831 prae-

193 2823 376 2860 dmmus:
400 2836 434 2861 v.
452 2836 564 2872 supra
578 2826 621 2864 ii.
645 2837 690 2864 22
707 2828 792 2875 (449
804 2830 858 2875 Β).

249 2893 330 2912 ”¹¹⁸⁸
869 2901 892 2929 c
912 2902 934 2930 c
1487 2906 1550 2942 193
