1994 3236
863 204 1319 260 PROLEGOMENA

362 323 477 363 esset
499 319 720 377 cupiditas
742 319 908 364 sciendi
933 320 1142 378 quicquid
1167 321 1225 364 ab
1254 321 1507 364 hominibus
1535 321 1697 365 saeculi
1726 324 1827 379 post

363 389 595 433 Christum
629 388 875 432 duodecimi
905 389 1250 433 occidentalibus
1280 390 1335 433 de
1373 391 1461 433 ista
1491 390 1646 448 lingua
1676 391 1826 434 scibile

363 461 490 508 esset,
511 473 567 500 ex
586 473 768 515 operum
789 458 884 502 eius
903 459 1123 516 plerisque
1142 459 1488 516 locis-apparetl.
1538 460 1594 502 In
1606 460 1828 517 Apuliam,

363 528 441 570 ubi
457 528 593 570 etiam
613 531 711 571 tum
730 528 918 571 florebat
933 528 1090 571 Graeci
1109 529 1323 572 sermonis
1337 544 1456 580 usus,
1472 529 1559 572 iter
1573 529 1641 572 bis
1662 529 1830 572 fecerat

363 597 426 654 (v.
462 597 629 641 Policr.
666 597 723 640 vi.
759 609 826 651 24,
862 597 937 642 vii.
970 610 1037 653 29,
1072 597 1223 642 Metal.
1258 598 1308 640 iii
1343 598 1391 640 in
1427 599 1620 656 prologo,
1651 599 1737 655 Ep.
1773 599 1828 655 85

363 666 422 709 ad
462 666 644 709 Petrum
684 665 960 723 cellensem).
1021 666 1122 710 Illic
1161 667 1215 710 de
1254 668 1481 711 uocabulis
1515 671 1560 710 et
1594 667 1828 710 locutioni-

365 736 448 778 bus
473 736 651 779 Graecis
678 736 881 779 nonnihil
910 751 938 778 a
970 736 1133 780 Graeco
1161 737 1405 793 interprete
1431 740 1470 780 et
1501 737 1584 793 qui
1609 736 1830 780 Latinam

364 805 580 861 linyuam
613 806 838 848 commode
879 809 1073 848 nouerat
1116 820 1162 848 se
1196 805 1399 848 didicisse
1434 806 1482 848 in
1516 805 1668 849 Metal.
1706 806 1735 847 i.
1775 814 1828 860 15

365 873 548 917 fatetur.
619 875 674 917 In
719 874 987 918 Policratico
1036 874 1170 918 semel
1214 875 1399 917 uerbum
1444 875 1608 918 litteris
1652 874 1832 918 Graecis

365 946 611 996 exaratum,
633 947 843 987 MOIPAN
868 944 1045 994 scilicet,
1069 944 1187 1000 quod
1207 959 1263 987 ex
1291 944 1481 988 Macrob.
1502 945 1596 988 Sat.
1617 959 1659 988 v.
1685 944 1739 986 16
1759 946 1783 1001 ᾧ
1805 945 1829 986 8

365 1012 681 1070 desumpserat,
695 1013 743 1055 in
758 1015 934 1056 textum
954 1013 1145 1056 inserere
1160 1027 1294 1056 ausus
1314 1015 1407 1066 est3
1437 1013 1544 1056 alibi
1565 1016 1611 1056 et
1625 1013 1673 1055 in
1687 1013 1830 1056 Meta-

364 1082 514 1139 loyico,
526 1082 603 1125 ubi
623 1083 799 1139 saepius
818 1085 1065 1133 occurrunt,
1085 1082 1412 1126 characteribus
1433 1082 1606 1126 Latinis
1625 1096 1833 1139 expressa

366 1151 583 1194 uocabula
613 1151 782 1195 Graeca
814 1151 984 1195 codices
1018 1151 1241 1195 exhibent.
1302 1151 1358 1194 In
1397 1152 1482 1208 Ep.
1526 1152 1608 1208 169
1643 1151 1832 1194 Ioannes

366 1223 517 1263 noster
532 1220 812 1264 obstaculum
826 1221 873 1262 in
887 1220 1120 1264 Ambrosio
1135 1223 1358 1278 repertum
1375 1221 1494 1277 quod
1509 1221 1671 1265 nullus
1686 1221 1833 1277 mayl-

365 1293 567 1334 atrorum
585 1294 848 1334 nostrorum
866 1289 1027 1347 sufficit
1051 1303 1273 1342 amouere,
1295 1290 1408 1346 quia
1432 1289 1622 1334 Graecae
1643 1290 1833 1346 linyuae

366 1364 557 1417 expertes
569 1364 691 1410 sunt,
703 1359 873 1410 Ioanni,
888 1359 1128 1403 Sarraceno
1140 1359 1269 1410 dicto,
1282 1359 1460 1417 linguae
1473 1359 1665 1403 Graecae
1678 1359 1833 1417 perito,

368 1430 690 1486 expediendum
716 1429 946 1486 proponit3
976 1444 1063 1486 quo
1084 1429 1218 1472 etiam
1238 1429 1296 1472 ad
1315 1429 1522 1486 Dionysii
1543 1429 1619 1486 qui
1648 1431 1834 1472 uocatur

368 1499 664 1556 Areopagitae
684 1499 820 1542 libros
848 1499 902 1541 de
929 1498 1114 1542 Caelesti
1139 1498 1427 1551 Hiera‘rchia,
1450 1499 1504 1542 de
1524 1498 1834 1542 Ecclesiastico

369 1568 657 1620 Hieram-hia,
687 1568 740 1611 de
767 1568 959 1612 Diuinic
983 1567 1250 1612 nominibus
1270 1568 1428 1612 Latine
1447 1568 1592 1612 denuo
1618 1569 1834 1626 interpre-

369 1637 528 1681 tandos
543 1652 649 1681 usus
662 1642 740 1690 est,
754 1640 806 1680 ut
817 1652 873 1680 ex
885 1638 1000 1694 Epp.
1020 1649 1112 1693 147,
1126 1651 1209 1694 239
1223 1637 1500 1694 (Robertson,
1512 1637 1567 1680 M
1564 1638 1749 1682 aterials
1753 1637 1835 1694 for

367 1708 438 1751 the
451 1707 567 1750 Hist.
580 1706 801 1764 ofBecket,
815 1707 927 1763 Epp.
946 1721 964 1750 1
974 1708 1041 1762 89,
1054 1708 1155 1765 333)
1169 1707 1226 1750 ad
1239 1707 1504 1765 Magistrum
1517 1707 1834 1765 Raymundum

368 1776 677 1820 cancellarium
695 1777 1010 1827 Pictauensem,
1026 1790 1120 1832 149,
1135 1789 1218 1834 230
1231 1776 1411 1819 Ioannis
1423 1776 1667 1827 Sarraceni,
1683 1780 1764 1834 169
1778 1777 1835 1821 ad

369 1846 580 1890 Ioannem
596 1846 887 1889 Sarracenum
901 1849 1047 1903 potest
1058 1846 1218 1904 colligi.
1250 1846 1316 1889 De
1328 1846 1570 1904 philologia
1581 1845 1836 1904 linguarum

369 1916 561 1959 Graecae
588 1919 634 1959 et
663 1915 848 1959 Latinae
877 1916 1176 1973 comparatiue
1205 1916 1383 1959 disserit
1412 1916 1458 1958 in
1493 1915 1641 1960 Metal.
1674 1916 1734 1959 iv.
1767 1930 1836 1974 34.

369 1985 564 2029 Nomina
576 1985 718 2042 specie
731 1985 908 2042 quidem
922 1985 1089 2029 Graeca
1099 1985 1174 2028 sed
1188 1986 1267 2028 uix
1280 1985 1442 2028 rationi
1456 1985 1611 2028 Graeci
1623 1986 1837 2029 sermonis

369 2054 707 2105 accommodata,
728 2054 1053 2098 Palici-aticum
1080 2054 1256 2105 scilicet,
1280 2054 1609 2111 Metaloyicum,
1633 2054 1837 2098 Entheti-

370 2138 476 2167 cum
496 2123 620 2166 libris
635 2123 727 2167 suis
747 2124 969 2181 imponere
984 2123 1140 2174 uoluit,
1155 2138 1342 2180 quorum
1358 2124 1549 2181 primum
1570 2122 1763 2167 Islbrum
1781 2123 1838 2167 in

370 2207 510 2236 usum
522 2192 786 2236 ciuitatibus
800 2193 1148 2250 imperantium,
1163 2193 1351 2236 alterum
1368 2193 1405 2235 A
1406 2193 1586 2249 poloyia
1594 2208 1679 2249 pro
1695 2193 1837 2249 loqiaea

370 2262 558 2307 scientia
587 2262 836 2319 significare
863 2262 1053 2307 uidetur.
1114 2262 1231 2315 Quid
1259 2262 1402 2305 dicere
1431 2262 1541 2305 uelit
1563 2262 1838 2315 Entkcticus,

371 2332 573 2389 equidem
606 2332 763 2375 nescio.
834 2331 962 2385 Quod
997 2331 1053 2374 ad
1085 2346 1261 2375 carmen
1296 2331 1561 2375 Policrat‘e'co
1591 2333 1838 2389 praefixum

373 2402 551 2455 attinet,
572 2402 687 2445 idem
708 2402 956 2459 significare
977 2404 1123 2458 potest
1149 2401 1265 2458 quod
1286 2401 1570 2444 Introduc-tio
1587 2416 1596 2454 ;
1630 2402 1707 2444 sed
1731 2402 1838 2446 haec

374 2471 684 2528 interpretatio
722 2471 955 2514 Enthetiaeo
994 2470 1047 2515 de
1079 2470 1293 2526 Dogmate
1326 2470 1701 2527 Philosophorum
1748 2486 1838 2514 non

372 2541 606 2592 conuenit;
636 2540 887 2598 suspicatur
906 2539 1335 2584 Schaarschmidtius
1358 2540 1569 2583 Ioannem
1595 2540 1650 2584 de
1671 2539 1838 2584 Nuthe-

375 2610 459 2654 lico
480 2610 605 2667 quasi
627 2609 681 2654 de
703 2609 924 2653 Monitore
943 2609 1217 2666 cogitauiese.

431 2679 531 2727 Sed.
546 2683 597 2722 ut
616 2678 672 2722 ad
694 2678 968 2736 propositum
990 2678 1177 2730 redeam,
1193 2678 1380 2722 Graecos
1400 2677 1634 2735 scriptores
1650 2692 1737 2722 non
1753 2679 1839 2722 nisi

374 2749 530 2792 Latine
547 2763 696 2792 uersos
713 2749 855 2806 legere
876 2748 1023 2807 potuit
1044 2747 1256 2800 Ioannes;
1283 2761 1345 2799 ac,
1361 2747 1398 2790 si
1419 2747 1537 2805 apud
1559 2747 1683 2791 illum
1700 2762 1840 2806 pauca

421 2835 432 2857 ¹
456 2834 512 2872 Os.
532 2836 765 2891 Pgocoedn'nye
781 2837 826 2882 os
836 2836 892 2872 the
908 2835 1151 2873 Aristotelian
1167 2835 1311 2882 society,
1333 2834 1382 2871 11.
1402 2843 1435 2871 2.
1455 2833 1493 2878 ii,
1512 2845 1576 2882 pp.
1594 2843 1671 2881 105,
1694 2836 1774 2873 106.

491 2897 585 2926 xxu
