<?xml version="1.0" encoding="UTF-8"?>
<!DOCTYPE html PUBLIC "-//W3C//DTD XHTML 1.0 Transitional//EN"
    "http://www.w3.org/TR/xhtml1/DTD/xhtml1-transitional.dtd">
<html xmlns="http://www.w3.org/1999/xhtml" xml:lang="en" lang="en">
 <head>
  <title>
</title>
<meta http-equiv="Content-Type" content="text/html;charset=utf-8" />
  <meta name='ocr-system' content='tesseract 3.04.00' />
  <meta name='ocr-capabilities' content='ocr_page ocr_carea ocr_par ocr_line ocrx_word'/>
</head>
<body>
  <div class='ocr_page' id='page_1' title='image "./policraticisived01john_0337.png"; bbox 0 0 1994 3190; ppageno 0'>
   <div class='ocr_carea' id='block_1_1' title="bbox 225 205 1829 268">
    <p class='ocr_par' dir='ltr' id='par_1_1' title="bbox 225 205 1829 268">
     <span class='ocr_line' id='line_1_1' title="bbox 225 205 1829 268; baseline -0.005 -14"><span class='ocrx_word' id='word_1_1' title='bbox 225 218 325 254; x_wconf 66' lang='lat' dir='ltr'>oar.</span> <span class='ocrx_word' id='word_1_2' title='bbox 341 206 400 268; x_wconf 93' lang='lat'>11]</span> <span class='ocrx_word' id='word_1_3' title='bbox 731 205 1170 251; x_wconf 83' lang='lat' dir='ltr'>POLIORATICVS</span> <span class='ocrx_word' id='word_1_4' title='bbox 1698 214 1780 256; x_wconf 83' lang='lat'>540</span> <span class='ocrx_word' id='word_1_5' title='bbox 1798 206 1829 246; x_wconf 89' lang='lat' dir='ltr'>b</span> 
     </span>
    </p>
   </div>
   <div class='ocr_carea' id='block_1_2' title="bbox 183 325 1732 936">
    <p class='ocr_par' dir='ltr' id='par_1_2' title="bbox 183 325 1732 936">
     <span class='ocr_line' id='line_1_2' title="bbox 223 325 1688 384; baseline -0.001 -13"><span class='ocrx_word' id='word_1_6' title='bbox 223 342 330 371; x_wconf 89' lang='lat' dir='ltr'>uero</span> <span class='ocrx_word' id='word_1_7' title='bbox 350 326 508 384; x_wconf 90' lang='lat' dir='ltr'>capitis</span> <span class='ocrx_word' id='word_1_8' title='bbox 527 325 575 369; x_wconf 90' lang='lat' dir='ltr'>in</span> <span class='ocrx_word' id='word_1_9' title='bbox 595 341 642 370; x_wconf 89' lang='lat' dir='ltr'>re</span> <span class='ocrx_word' id='word_1_10' title='bbox 668 325 846 383; x_wconf 91' lang='lat' dir='ltr'>publica</span> <span class='ocrx_word' id='word_1_11' title='bbox 865 325 1038 382; x_wconf 90' lang='lat' dir='ltr'>optinet</span> <span class='ocrx_word' id='word_1_12' title='bbox 1064 325 1208 368; x_wconf 88' lang='lat' dir='ltr'>locum</span> <span class='ocrx_word' id='word_1_13' title='bbox 1236 325 1315 367; x_wconf 91' lang='lat' dir='ltr'>uni</span> <span class='ocrx_word' id='word_1_14' title='bbox 1342 325 1566 369; x_wconf 89' lang='lat' dir='ltr'>subiectus</span> <span class='ocrx_word' id='word_1_15' title='bbox 1593 325 1688 369; x_wconf 88' lang='lat' dir='ltr'>Deo</span> 
     </span>
     <span class='ocr_line' id='line_1_3' title="bbox 224 393 1689 452; baseline -0.002 -12"><span class='ocrx_word' id='word_1_16' title='bbox 224 399 270 440; x_wconf 90' lang='lat' dir='ltr'>et</span> <span class='ocrx_word' id='word_1_17' title='bbox 285 396 355 439; x_wconf 88' lang='lat' dir='ltr'>his</span> <span class='ocrx_word' id='word_1_18' title='bbox 375 395 451 452; x_wconf 92' lang='lat' dir='ltr'>qui</span> <span class='ocrx_word' id='word_1_19' title='bbox 471 395 589 438; x_wconf 92' lang='lat' dir='ltr'>uices</span> <span class='ocrx_word' id='word_1_20' title='bbox 609 394 729 437; x_wconf 88' lang='lat' dir='ltr'>illius</span> <span class='ocrx_word' id='word_1_21' title='bbox 749 396 891 451; x_wconf 92' lang='lat' dir='ltr'>agunt</span> <span class='ocrx_word' id='word_1_22' title='bbox 909 393 957 435; x_wconf 92' lang='lat' dir='ltr'>in</span> <span class='ocrx_word' id='word_1_23' title='bbox 978 393 1120 444; x_wconf 86' lang='lat' dir='ltr'>terris,</span> <span class='ocrx_word' id='word_1_24' title='bbox 1141 394 1348 449; x_wconf 92' lang='lat' dir='ltr'>quoniam</span> <span class='ocrx_word' id='word_1_25' title='bbox 1369 397 1414 437; x_wconf 91' lang='lat' dir='ltr'>et</span> <span class='ocrx_word' id='word_1_26' title='bbox 1438 394 1485 437; x_wconf 90' lang='lat' dir='ltr'>in</span> <span class='ocrx_word' id='word_1_27' title='bbox 1509 409 1689 451; x_wconf 90' lang='lat' dir='ltr'>corpore</span> 
     </span>
     <span class='ocr_line' id='line_1_4' title="bbox 222 463 1732 520; baseline -0.003 -12"><span class='ocrx_word' id='word_1_28' title='bbox 222 466 417 508; x_wconf 90' lang='lat' dir='ltr'>humano</span> <span class='ocrx_word' id='word_1_29' title='bbox 455 465 513 507; x_wconf 90' lang='lat' dir='ltr'>ab</span> <span class='ocrx_word' id='word_1_30' title='bbox 552 463 700 506; x_wconf 89' lang='lat' dir='ltr'>anima</span> <span class='ocrx_word' id='word_1_31' title='bbox 738 465 975 520; x_wconf 89' lang='lat' dir='ltr'>uegetatur</span> <span class='ocrx_word' id='word_1_32' title='bbox 1013 466 1147 519; x_wconf 89' lang='lat' dir='ltr'>caput</span> <span class='ocrx_word' id='word_1_33' title='bbox 1186 466 1232 504; x_wconf 90' lang='lat' dir='ltr'>et</span> <span class='ocrx_word' id='word_1_34' title='bbox 1271 463 1452 520; x_wconf 87' lang='lat' dir='ltr'>regitur.</span> <span class='ocrx_word' id='word_1_35' title='bbox 1532 463 1689 508; x_wconf 84' lang='lat' dir='ltr'>Gordis</span> <span class='ocrx_word' id='word_1_36' title='bbox 1707 475 1732 504; x_wconf 91' lang='lat' dir='ltr'>c</span> 
     </span>
     <span class='ocr_line' id='line_1_5' title="bbox 222 531 1689 590; baseline -0.001 -13"><span class='ocrx_word' id='word_1_37' title='bbox 222 534 366 578; x_wconf 92' lang='lat' dir='ltr'>locum</span> <span class='ocrx_word' id='word_1_38' title='bbox 387 535 566 577; x_wconf 88' lang='lat' dir='ltr'>senatus</span> <span class='ocrx_word' id='word_1_39' title='bbox 586 532 768 590; x_wconf 88' lang='lat' dir='ltr'>optinet,</span> <span class='ocrx_word' id='word_1_40' title='bbox 790 546 816 574; x_wconf 88' lang='lat' dir='ltr'>a</span> <span class='ocrx_word' id='word_1_41' title='bbox 836 546 923 588; x_wconf 92' lang='lat' dir='ltr'>quo</span> <span class='ocrx_word' id='word_1_42' title='bbox 947 531 1162 574; x_wconf 90' lang='lat' dir='ltr'>bonorum</span> <span class='ocrx_word' id='word_1_43' title='bbox 1190 545 1371 587; x_wconf 91' lang='lat' dir='ltr'>operum</span> <span class='ocrx_word' id='word_1_44' title='bbox 1400 534 1445 574; x_wconf 93' lang='lat' dir='ltr'>et</span> <span class='ocrx_word' id='word_1_45' title='bbox 1471 533 1689 576; x_wconf 90' lang='lat' dir='ltr'>malorum</span> 
     </span>
     <span class='ocr_line' id='line_1_6' title="bbox 183 599 1690 661; baseline -0.001 -15"><span class='ocrx_word' id='word_1_46' title='bbox 183 623 204 658; x_wconf 78' lang='lat'>5</span> <span class='ocrx_word' id='word_1_47' title='bbox 223 603 466 661; x_wconf 91' lang='lat' dir='ltr'>procedunt</span> <span class='ocrx_word' id='word_1_48' title='bbox 490 602 630 644; x_wconf 90' lang='lat' dir='ltr'>initia.</span> <span class='ocrx_word' id='word_1_49' title='bbox 691 600 931 644; x_wconf 84' lang='lat' dir='ltr'>Oculorum</span> <span class='ocrx_word' id='word_1_50' title='bbox 958 599 1134 642; x_wconf 88' lang='lat' dir='ltr'>aurium</span> <span class='ocrx_word' id='word_1_51' title='bbox 1161 602 1207 642; x_wconf 89' lang='lat' dir='ltr'>et</span> <span class='ocrx_word' id='word_1_52' title='bbox 1233 599 1411 655; x_wconf 80' lang='lat' dir='ltr'>linguae</span> <span class='ocrx_word' id='word_1_53' title='bbox 1438 600 1579 643; x_wconf 91' lang='lat' dir='ltr'>officia</span> <span class='ocrx_word' id='word_1_54' title='bbox 1605 601 1690 644; x_wconf 83' lang='lat' dir='ltr'>sibi</span> 
     </span>
     <span class='ocr_line' id='line_1_7' title="bbox 222 667 1691 726; baseline -0.003 -10"><span class='ocrx_word' id='word_1_55' title='bbox 222 672 461 716; x_wconf 87' lang='lat' dir='ltr'>uendicant</span> <span class='ocrx_word' id='word_1_56' title='bbox 499 670 666 713; x_wconf 89' lang='lat' dir='ltr'>iudices</span> <span class='ocrx_word' id='word_1_57' title='bbox 706 672 752 712; x_wconf 87' lang='lat' dir='ltr'>et</span> <span class='ocrx_word' id='word_1_58' title='bbox 790 668 1014 726; x_wconf 81' lang='lat' dir='ltr'>praesides</span> <span class='ocrx_word' id='word_1_59' title='bbox 1053 667 1394 725; x_wconf 88' lang='lat' dir='ltr'>prouinciarum.</span> <span class='ocrx_word' id='word_1_60' title='bbox 1473 668 1691 712; x_wconf 90' lang='lat' dir='ltr'>Officiales</span> 
     </span>
     <span class='ocr_line' id='line_1_8' title="bbox 221 737 1691 796; baseline -0.003 -11"><span class='ocrx_word' id='word_1_61' title='bbox 221 744 268 785; x_wconf 90' lang='lat' dir='ltr'>et</span> <span class='ocrx_word' id='word_1_62' title='bbox 315 740 480 784; x_wconf 89' lang='lat' dir='ltr'>milites</span> <span class='ocrx_word' id='word_1_63' title='bbox 518 739 724 782; x_wconf 88' lang='lat' dir='ltr'>manibus</span> <span class='ocrx_word' id='word_1_64' title='bbox 772 741 1050 796; x_wconf 72' lang='lat' dir='ltr'><strong>coaptantur.</strong></span> <span class='ocrx_word' id='word_1_65' title='bbox 1129 737 1217 790; x_wconf 83' lang='lat' dir='ltr'>Qui</span> <span class='ocrx_word' id='word_1_66' title='bbox 1255 751 1427 793; x_wconf 90' lang='lat' dir='ltr'>semper</span> <span class='ocrx_word' id='word_1_67' title='bbox 1466 738 1691 781; x_wconf 89' lang='lat' dir='ltr'>adsistunt</span> 
     </span>
     <span class='ocr_line' id='line_1_9' title="bbox 220 805 1689 868; baseline -0.002 -15"><span class='ocrx_word' id='word_1_68' title='bbox 220 810 423 868; x_wconf 83' lang='lat' dir='ltr'>principi,</span> <span class='ocrx_word' id='word_1_69' title='bbox 456 809 671 852; x_wconf 86' lang='lat' dir='ltr'>lateribus</span> <span class='ocrx_word' id='word_1_70' title='bbox 704 807 1020 851; x_wconf 73' lang='lat' dir='ltr'>assimilantur.</span> <span class='ocrx_word' id='word_1_71' title='bbox 1093 805 1359 859; x_wconf 84' lang='lat' dir='ltr'>Quaestores</span> <span class='ocrx_word' id='word_1_72' title='bbox 1393 808 1438 849; x_wconf 91' lang='lat' dir='ltr'>et</span> <span class='ocrx_word' id='word_1_73' title='bbox 1473 820 1689 850; x_wconf 88' lang='lat' dir='ltr'>commen-</span> 
     </span>
     <span class='ocr_line' id='line_1_10' title="bbox 220 874 1690 936; baseline -0.002 -14"><span class='ocrx_word' id='word_1_74' title='bbox 220 879 435 923; x_wconf 87' lang='lat' dir='ltr'>tarienses</span> <span class='ocrx_word' id='word_1_75' title='bbox 451 878 559 936; x_wconf 90' lang='lat' dir='ltr'>(non</span> <span class='ocrx_word' id='word_1_76' title='bbox 578 877 678 921; x_wconf 92' lang='lat' dir='ltr'>illos</span> <span class='ocrx_word' id='word_1_77' title='bbox 697 877 794 920; x_wconf 91' lang='lat' dir='ltr'>dico</span> <span class='ocrx_word' id='word_1_78' title='bbox 809 876 886 933; x_wconf 91' lang='lat' dir='ltr'>qui</span> <span class='ocrx_word' id='word_1_79' title='bbox 906 875 1153 920; x_wconf 81' lang='lat' dir='ltr'>carceribus</span> <span class='ocrx_word' id='word_1_80' title='bbox 1173 878 1397 932; x_wconf 75' lang='lat' dir='ltr'>praesunt,</span> <span class='ocrx_word' id='word_1_81' title='bbox 1412 874 1489 918; x_wconf 85' lang='lat' dir='ltr'>sed</span> <span class='ocrx_word' id='word_1_82' title='bbox 1509 876 1690 919; x_wconf 75' lang='lat' dir='ltr'>comites</span> 
     </span>
    </p>
   </div>
   <div class='ocr_carea' id='block_1_3' title="bbox 84 944 1690 1006">
    <p class='ocr_par' dir='ltr' id='par_1_3' title="bbox 0 927 1690 1006">
     <span class='ocr_line' id='line_1_11' title="bbox 84 944 1690 1006; baseline -0.002 -13.199"><span class='ocrx_word' id='word_1_83' title='bbox 84 959 86 962; x_wconf 74' lang='grc'>’</span> <span class='ocrx_word' id='word_1_84' title='bbox 162 966 206 992; x_wconf 84' lang='grc' dir='ltr'>1ο</span> <span class='ocrx_word' id='word_1_85' title='bbox 223 962 371 992; x_wconf 87' lang='lat' dir='ltr'>rerum</span> <span class='ocrx_word' id='word_1_86' title='bbox 419 948 715 1006; x_wconf 86' lang='lat' dir='ltr'>priuatarum)</span> <span class='ocrx_word' id='word_1_87' title='bbox 768 946 825 989; x_wconf 90' lang='lat' dir='ltr'>ad</span> <span class='ocrx_word' id='word_1_88' title='bbox 874 945 1046 989; x_wconf 89' lang='lat' dir='ltr'>uentris</span> <span class='ocrx_word' id='word_1_89' title='bbox 1095 948 1141 988; x_wconf 88' lang='lat' dir='ltr'>et</span> <span class='ocrx_word' id='word_1_90' title='bbox 1189 944 1502 987; x_wconf 85' lang='lat' dir='ltr'>intestinorum</span> <span class='ocrx_word' id='word_1_91' title='bbox 1552 945 1690 989; x_wconf 78' lang='lat' dir='ltr'>refert</span> 
     </span>
    </p>
   </div>
   <div class='ocr_carea' id='block_1_4' title="bbox 158 1013 1823 2182">
    <p class='ocr_par' dir='ltr' id='par_1_4' title="bbox 158 1013 1823 2182">
     <span class='ocr_line' id='line_1_12' title="bbox 221 1013 1689 1075; baseline -0.001 -15"><span class='ocrx_word' id='word_1_92' title='bbox 221 1017 471 1075; x_wconf 87' lang='lat' dir='ltr'>imaginem.</span> <span class='ocrx_word' id='word_1_93' title='bbox 543 1016 678 1070; x_wconf 80' lang='lat' dir='ltr'>Quae,</span> <span class='ocrx_word' id='word_1_94' title='bbox 718 1015 755 1059; x_wconf 91' lang='lat' dir='ltr'>si</span> <span class='ocrx_word' id='word_1_95' title='bbox 795 1015 1011 1058; x_wconf 86' lang='lat' dir='ltr'>immensa</span> <span class='ocrx_word' id='word_1_96' title='bbox 1049 1013 1266 1057; x_wconf 86' lang='lat' dir='ltr'>auiditate</span> <span class='ocrx_word' id='word_1_97' title='bbox 1305 1013 1605 1071; x_wconf 88' lang='lat' dir='ltr'>congesserint</span> <span class='ocrx_word' id='word_1_98' title='bbox 1645 1018 1689 1058; x_wconf 90' lang='lat' dir='ltr'>et</span> 
     </span>
     <span class='ocr_line' id='line_1_13' title="bbox 219 1083 1687 1144; baseline -0.003 -13"><span class='ocrx_word' id='word_1_99' title='bbox 219 1090 429 1144; x_wconf 88' lang='lat' dir='ltr'>congesta</span> <span class='ocrx_word' id='word_1_100' title='bbox 460 1086 658 1130; x_wconf 78' lang='lat' dir='ltr'>tenacius</span> <span class='ocrx_word' id='word_1_101' title='bbox 690 1084 1029 1135; x_wconf 88' lang='lat' dir='ltr'>reseruauerint‚</span> <span class='ocrx_word' id='word_1_102' title='bbox 1061 1083 1405 1126; x_wconf 88' lang='lat' dir='ltr'>innumerabiles</span> <span class='ocrx_word' id='word_1_103' title='bbox 1436 1087 1481 1127; x_wconf 93' lang='lat' dir='ltr'>et</span> <span class='ocrx_word' id='word_1_104' title='bbox 1513 1084 1687 1128; x_wconf 85' lang='lat' dir='ltr'>incura-</span> 
     </span>
     <span class='ocr_line' id='line_1_14' title="bbox 220 1153 1689 1214; baseline -0.002 -14"><span class='ocrx_word' id='word_1_105' title='bbox 220 1155 330 1200; x_wconf 90' lang='lat' dir='ltr'>biles</span> <span class='ocrx_word' id='word_1_106' title='bbox 349 1158 564 1214; x_wconf 90' lang='lat' dir='ltr'>generant</span> <span class='ocrx_word' id='word_1_107' title='bbox 583 1155 769 1205; x_wconf 91' lang='lat' dir='ltr'>morbos,</span> <span class='ocrx_word' id='word_1_108' title='bbox 789 1157 841 1197; x_wconf 92' lang='lat' dir='ltr'>ut</span> <span class='ocrx_word' id='word_1_109' title='bbox 860 1153 974 1196; x_wconf 91' lang='lat' dir='ltr'>uitio</span> <span class='ocrx_word' id='word_1_110' title='bbox 994 1167 1144 1196; x_wconf 90' lang='lat' dir='ltr'>eorum</span> <span class='ocrx_word' id='word_1_111' title='bbox 1172 1153 1311 1196; x_wconf 84' lang='lat' dir='ltr'>totius</span> <span class='ocrx_word' id='word_1_112' title='bbox 1337 1154 1532 1210; x_wconf 89' lang='lat' dir='ltr'>corporis</span> <span class='ocrx_word' id='word_1_113' title='bbox 1558 1154 1689 1197; x_wconf 89' lang='lat' dir='ltr'>ruina</span> 
     </span>
     <span class='ocr_line' id='line_1_15' title="bbox 219 1222 1688 1280; baseline -0.002 -11"><span class='ocrx_word' id='word_1_114' title='bbox 219 1225 459 1268; x_wconf 90' lang='lat' dir='ltr'>immineat.</span> <span class='ocrx_word' id='word_1_115' title='bbox 510 1224 701 1267; x_wconf 89' lang='lat' dir='ltr'>Pedibus</span> <span class='ocrx_word' id='word_1_116' title='bbox 721 1237 826 1266; x_wconf 90' lang='lat' dir='ltr'>uero</span> <span class='ocrx_word' id='word_1_117' title='bbox 847 1223 939 1266; x_wconf 92' lang='lat' dir='ltr'>solo</span> <span class='ocrx_word' id='word_1_118' title='bbox 959 1222 1124 1279; x_wconf 88' lang='lat' dir='ltr'>iugiter</span> <span class='ocrx_word' id='word_1_119' title='bbox 1143 1222 1450 1266; x_wconf 88' lang='lat' dir='ltr'>inherentibus</span> <span class='ocrx_word' id='word_1_120' title='bbox 1470 1223 1688 1280; x_wconf 85' lang='lat' dir='ltr'>agricolae</span> 
     </span>
     <span class='ocr_line' id='line_1_16' title="bbox 161 1291 1686 1351; baseline -0.001 -15"><span class='ocrx_word' id='word_1_121' title='bbox 161 1309 201 1345; x_wconf 82' lang='lat'>15</span> <span class='ocrx_word' id='word_1_122' title='bbox 219 1296 494 1351; x_wconf 87' lang='lat' dir='ltr'>coaptantur,</span> <span class='ocrx_word' id='word_1_123' title='bbox 520 1292 681 1350; x_wconf 89' lang='lat' dir='ltr'>quibus</span> <span class='ocrx_word' id='word_1_124' title='bbox 710 1291 868 1348; x_wconf 87' lang='lat' dir='ltr'>eapitis</span> <span class='ocrx_word' id='word_1_125' title='bbox 898 1291 1180 1348; x_wconf 90' lang='lat' dir='ltr'>prouidentia</span> <span class='ocrx_word' id='word_1_126' title='bbox 1208 1293 1336 1335; x_wconf 89' lang='lat' dir='ltr'>tanto</span> <span class='ocrx_word' id='word_1_127' title='bbox 1366 1292 1508 1349; x_wconf 89' lang='lat' dir='ltr'>magis</span> <span class='ocrx_word' id='word_1_128' title='bbox 1538 1306 1686 1335; x_wconf 92' lang='lat' dir='ltr'>neces-</span> 
     </span>
     <span class='ocr_line' id='line_1_17' title="bbox 219 1359 1731 1419; baseline -0.004 -13"><span class='ocrx_word' id='word_1_129' title='bbox 219 1363 337 1406; x_wconf 86' lang='lat' dir='ltr'>saria</span> <span class='ocrx_word' id='word_1_130' title='bbox 356 1365 435 1413; x_wconf 86' lang='lat' dir='ltr'>est,</span> <span class='ocrx_word' id='word_1_131' title='bbox 455 1375 543 1419; x_wconf 91' lang='lat' dir='ltr'>quo</span> <span class='ocrx_word' id='word_1_132' title='bbox 565 1360 695 1418; x_wconf 89' lang='lat' dir='ltr'>plura</span> <span class='ocrx_word' id='word_1_133' title='bbox 722 1360 959 1404; x_wconf 88' lang='lat' dir='ltr'>inueniunt</span> <span class='ocrx_word' id='word_1_134' title='bbox 986 1359 1259 1410; x_wconf 87' lang='lat' dir='ltr'>offendicula,</span> <span class='ocrx_word' id='word_1_135' title='bbox 1280 1360 1387 1403; x_wconf 91' lang='lat' dir='ltr'>dum</span> <span class='ocrx_word' id='word_1_136' title='bbox 1408 1360 1455 1403; x_wconf 91' lang='lat' dir='ltr'>in</span> <span class='ocrx_word' id='word_1_137' title='bbox 1476 1361 1685 1418; x_wconf 91' lang='lat' dir='ltr'>obsequio</span> <span class='ocrx_word' id='word_1_138' title='bbox 1702 1361 1731 1400; x_wconf 89' lang='lat' dir='ltr'>d</span> 
     </span>
     <span class='ocr_line' id='line_1_18' title="bbox 218 1429 1686 1490; baseline -0.001 -14"><span class='ocrx_word' id='word_1_139' title='bbox 218 1431 413 1490; x_wconf 86' lang='lat' dir='ltr'>corporis</span> <span class='ocrx_word' id='word_1_140' title='bbox 442 1431 490 1473; x_wconf 91' lang='lat' dir='ltr'>in</span> <span class='ocrx_word' id='word_1_141' title='bbox 517 1433 638 1474; x_wconf 88' lang='lat' dir='ltr'>terra</span> <span class='ocrx_word' id='word_1_142' title='bbox 663 1430 942 1488; x_wconf 86' lang='lat' dir='ltr'>gradiuntur,</span> <span class='ocrx_word' id='word_1_143' title='bbox 962 1430 1111 1486; x_wconf 91' lang='lat' dir='ltr'>eisque</span> <span class='ocrx_word' id='word_1_144' title='bbox 1139 1429 1301 1472; x_wconf 89' lang='lat' dir='ltr'>iustius</span> <span class='ocrx_word' id='word_1_145' title='bbox 1327 1433 1686 1487; x_wconf 82' lang='lat' dir='ltr'>tegumentorum</span> 
     </span>
     <span class='ocr_line' id='line_1_19' title="bbox 219 1499 1689 1557; baseline -0.002 -11"><span class='ocrx_word' id='word_1_146' title='bbox 219 1501 406 1546; x_wconf 88' lang='lat' dir='ltr'>debetur</span> <span class='ocrx_word' id='word_1_147' title='bbox 433 1499 707 1557; x_wconf 84' lang='lat' dir='ltr'>suffragium,</span> <span class='ocrx_word' id='word_1_148' title='bbox 737 1499 813 1556; x_wconf 89' lang='lat' dir='ltr'>qui</span> <span class='ocrx_word' id='word_1_149' title='bbox 848 1499 988 1542; x_wconf 90' lang='lat' dir='ltr'>totius</span> <span class='ocrx_word' id='word_1_150' title='bbox 1023 1499 1218 1556; x_wconf 92' lang='lat' dir='ltr'>corporis</span> <span class='ocrx_word' id='word_1_151' title='bbox 1252 1499 1432 1556; x_wconf 90' lang='lat' dir='ltr'>erigunt</span> <span class='ocrx_word' id='word_1_152' title='bbox 1466 1500 1689 1543; x_wconf 90' lang='lat' dir='ltr'>sustinent</span> 
     </span>
     <span class='ocr_line' id='line_1_20' title="bbox 220 1567 1689 1628; baseline -0.001 -14"><span class='ocrx_word' id='word_1_153' title='bbox 220 1574 267 1615; x_wconf 92' lang='lat' dir='ltr'>et</span> <span class='ocrx_word' id='word_1_154' title='bbox 306 1571 570 1628; x_wconf 89' lang='lat' dir='ltr'>promouent</span> <span class='ocrx_word' id='word_1_155' title='bbox 608 1568 781 1611; x_wconf 91' lang='lat' dir='ltr'>molem.</span> <span class='ocrx_word' id='word_1_156' title='bbox 856 1568 1022 1611; x_wconf 90' lang='lat' dir='ltr'>Pedum</span> <span class='ocrx_word' id='word_1_157' title='bbox 1065 1567 1334 1611; x_wconf 88' lang='lat' dir='ltr'>adminicula</span> <span class='ocrx_word' id='word_1_158' title='bbox 1383 1567 1689 1612; x_wconf 87' lang='lat' dir='ltr'>robustissimo</span> 
     </span>
     <span class='ocr_line' id='line_1_21' title="bbox 159 1637 1689 1698; baseline -0.003 -13"><span class='ocrx_word' id='word_1_159' title='bbox 159 1658 204 1684; x_wconf 67' lang='grc' dir='ltr'>πο</span> <span class='ocrx_word' id='word_1_160' title='bbox 220 1639 389 1698; x_wconf 86' lang='lat' dir='ltr'>corpori</span> <span class='ocrx_word' id='word_1_161' title='bbox 424 1638 542 1689; x_wconf 91' lang='lat' dir='ltr'>tolle,</span> <span class='ocrx_word' id='word_1_162' title='bbox 573 1638 666 1681; x_wconf 89' lang='lat' dir='ltr'>suis</span> <span class='ocrx_word' id='word_1_163' title='bbox 700 1637 871 1680; x_wconf 88' lang='lat' dir='ltr'>uiribus</span> <span class='ocrx_word' id='word_1_164' title='bbox 906 1652 995 1680; x_wconf 91' lang='lat' dir='ltr'>non</span> <span class='ocrx_word' id='word_1_165' title='bbox 1034 1637 1241 1694; x_wconf 88' lang='lat' dir='ltr'>procedet</span> <span class='ocrx_word' id='word_1_166' title='bbox 1275 1638 1351 1680; x_wconf 91' lang='lat' dir='ltr'>sed</span> <span class='ocrx_word' id='word_1_167' title='bbox 1384 1642 1464 1681; x_wconf 91' lang='lat' dir='ltr'>aut</span> <span class='ocrx_word' id='word_1_168' title='bbox 1495 1638 1689 1696; x_wconf 90' lang='lat' dir='ltr'>turpiter</span> 
     </span>
     <span class='ocr_line' id='line_1_22' title="bbox 218 1707 1685 1764; baseline -0.002 -11"><span class='ocrx_word' id='word_1_169' title='bbox 218 1709 440 1753; x_wconf 88' lang='lat' dir='ltr'>inutiliter</span> <span class='ocrx_word' id='word_1_170' title='bbox 454 1712 500 1752; x_wconf 91' lang='lat' dir='ltr'>et</span> <span class='ocrx_word' id='word_1_171' title='bbox 518 1708 700 1751; x_wconf 87' lang='lat' dir='ltr'>moleste</span> <span class='ocrx_word' id='word_1_172' title='bbox 715 1707 920 1750; x_wconf 87' lang='lat' dir='ltr'>manibus</span> <span class='ocrx_word' id='word_1_173' title='bbox 941 1709 1066 1764; x_wconf 88' lang='lat' dir='ltr'>repet</span> <span class='ocrx_word' id='word_1_174' title='bbox 1084 1709 1164 1750; x_wconf 90' lang='lat' dir='ltr'>aut</span> <span class='ocrx_word' id='word_1_175' title='bbox 1178 1707 1410 1750; x_wconf 88' lang='lat' dir='ltr'>brutorum</span> <span class='ocrx_word' id='word_1_176' title='bbox 1427 1708 1685 1750; x_wconf 89' lang='lat' dir='ltr'>animalium</span> 
     </span>
     <span class='ocr_line' id='line_1_23' title="bbox 217 1776 1823 1836; baseline 0 -14"><span class='ocrx_word' id='word_1_177' title='bbox 217 1792 300 1836; x_wconf 90' lang='lat' dir='ltr'>ope</span> <span class='ocrx_word' id='word_1_178' title='bbox 338 1778 601 1821; x_wconf 89' lang='lat' dir='ltr'>mouebitur.</span> <span class='ocrx_word' id='word_1_179' title='bbox 661 1776 793 1819; x_wconf 87' lang='lat' dir='ltr'>Ponit</span> <span class='ocrx_word' id='word_1_180' title='bbox 829 1777 877 1819; x_wconf 90' lang='lat' dir='ltr'>in</span> <span class='ocrx_word' id='word_1_181' title='bbox 911 1777 1028 1819; x_wconf 91' lang='lat' dir='ltr'>hunc</span> <span class='ocrx_word' id='word_1_182' title='bbox 1061 1776 1240 1819; x_wconf 90' lang='lat' dir='ltr'>modum</span> <span class='ocrx_word' id='word_1_183' title='bbox 1272 1791 1393 1820; x_wconf 89' lang='lat' dir='ltr'>more</span> <span class='ocrx_word' id='word_1_184' title='bbox 1433 1791 1513 1820; x_wconf 88' lang='lat' dir='ltr'>suo</span> <span class='ocrx_word' id='word_1_185' title='bbox 1552 1792 1685 1834; x_wconf 88' lang='lat' dir='ltr'>quam</span> <span class='ocrx_word' id='word_1_186' title='bbox 1702 1792 1773 1832; x_wconf 88' lang='lat'>541</span> <span class='ocrx_word' id='word_1_187' title='bbox 1793 1794 1823 1822; x_wconf 92' lang='lat' dir='ltr'>a</span> 
     </span>
     <span class='ocr_line' id='line_1_24' title="bbox 217 1845 1687 1905; baseline -0.001 -14"><span class='ocrx_word' id='word_1_188' title='bbox 217 1847 422 1905; x_wconf 88' lang='lat' dir='ltr'>plurima,</span> <span class='ocrx_word' id='word_1_189' title='bbox 456 1861 569 1904; x_wconf 89' lang='lat' dir='ltr'>quae</span> <span class='ocrx_word' id='word_1_190' title='bbox 599 1845 859 1903; x_wconf 90' lang='lat' dir='ltr'>diligentius</span> <span class='ocrx_word' id='word_1_191' title='bbox 891 1845 1116 1888; x_wconf 84' lang='lat' dir='ltr'>diffusiore</span> <span class='ocrx_word' id='word_1_192' title='bbox 1156 1848 1353 1889; x_wconf 87' lang='lat' dir='ltr'>tractatu</span> <span class='ocrx_word' id='word_1_193' title='bbox 1392 1847 1687 1903; x_wconf 89' lang='lat' dir='ltr'>prosequitur,</span> 
     </span>
     <span class='ocr_line' id='line_1_25' title="bbox 218 1915 1686 1972; baseline -0.001 -12"><span class='ocrx_word' id='word_1_194' title='bbox 218 1916 275 1960; x_wconf 92' lang='lat' dir='ltr'>ad</span> <span class='ocrx_word' id='word_1_195' title='bbox 290 1916 649 1960; x_wconf 80' lang='lat' dir='ltr'>informationem</span> <span class='ocrx_word' id='word_1_196' title='bbox 663 1915 726 1959; x_wconf 91' lang='lat' dir='ltr'>rei</span> <span class='ocrx_word' id='word_1_197' title='bbox 739 1915 941 1972; x_wconf 90' lang='lat' dir='ltr'>publicae</span> <span class='ocrx_word' id='word_1_198' title='bbox 957 1918 1002 1958; x_wconf 91' lang='lat' dir='ltr'>et</span> <span class='ocrx_word' id='word_1_199' title='bbox 1014 1915 1357 1972; x_wconf 86' lang='lat' dir='ltr'>magistratuum</span> <span class='ocrx_word' id='word_1_200' title='bbox 1373 1915 1686 1967; x_wconf 83' lang='lat' dir='ltr'>eruditionem3</span> 
     </span>
     <span class='ocr_line' id='line_1_26' title="bbox 158 1985 1687 2044; baseline 0.001 -16"><span class='ocrx_word' id='word_1_201' title='bbox 158 1990 200 2039; x_wconf 78' lang='lat'>2&#39;5</span> <span class='ocrx_word' id='word_1_202' title='bbox 218 2001 331 2044; x_wconf 91' lang='lat' dir='ltr'>quae</span> <span class='ocrx_word' id='word_1_203' title='bbox 357 1986 506 2030; x_wconf 91' lang='lat' dir='ltr'>omnia</span> <span class='ocrx_word' id='word_1_204' title='bbox 532 1985 773 2029; x_wconf 89' lang='lat' dir='ltr'>sillabatim</span> <span class='ocrx_word' id='word_1_205' title='bbox 805 1985 964 2041; x_wconf 85' lang='lat' dir='ltr'>exequi</span> <span class='ocrx_word' id='word_1_206' title='bbox 997 1985 1171 2027; x_wconf 88' lang='lat' dir='ltr'>seruilis</span> <span class='ocrx_word' id='word_1_207' title='bbox 1207 1985 1588 2042; x_wconf 87' lang='lat' dir='ltr'>interpretationis</span> <span class='ocrx_word' id='word_1_208' title='bbox 1619 1991 1687 2029; x_wconf 92' lang='lat' dir='ltr'>est</span> 
     </span>
     <span class='ocr_line' id='line_1_27' title="bbox 218 2054 1683 2113; baseline -0.001 -14"><span class='ocrx_word' id='word_1_209' title='bbox 218 2070 330 2113; x_wconf 87' lang='lat' dir='ltr'>quae</span> <span class='ocrx_word' id='word_1_210' title='bbox 349 2055 498 2113; x_wconf 91' lang='lat' dir='ltr'>potius</span> <span class='ocrx_word' id='word_1_211' title='bbox 517 2055 696 2098; x_wconf 85' lang='lat' dir='ltr'>affectat</span> <span class='ocrx_word' id='word_1_212' title='bbox 715 2054 903 2112; x_wconf 91' lang='lat' dir='ltr'>speciem</span> <span class='ocrx_word' id='word_1_213' title='bbox 924 2068 1058 2111; x_wconf 91' lang='lat' dir='ltr'>quam</span> <span class='ocrx_word' id='word_1_214' title='bbox 1078 2054 1196 2097; x_wconf 88' lang='lat' dir='ltr'>uires</span> <span class='ocrx_word' id='word_1_215' title='bbox 1212 2055 1405 2098; x_wconf 89' lang='lat' dir='ltr'>auctoris</span> <span class='ocrx_word' id='word_1_216' title='bbox 1425 2055 1683 2112; x_wconf 82' lang='lat' dir='ltr'>exprimere.</span> 
     </span>
     <span class='ocr_line' id='line_1_28' title="bbox 218 2123 1683 2182; baseline -0.001 -13"><span class='ocrx_word' id='word_1_217' title='bbox 218 2125 277 2169; x_wconf 89' lang='lat' dir='ltr'>Et</span> <span class='ocrx_word' id='word_1_218' title='bbox 298 2125 403 2182; x_wconf 88' lang='lat' dir='ltr'>quia</span> <span class='ocrx_word' id='word_1_219' title='bbox 421 2125 541 2182; x_wconf 89' lang='lat' dir='ltr'>apud</span> <span class='ocrx_word' id='word_1_220' title='bbox 567 2125 713 2182; x_wconf 89' lang='lat' dir='ltr'>ipsum</span> <span class='ocrx_word' id='word_1_221' title='bbox 734 2124 789 2168; x_wconf 92' lang='lat' dir='ltr'>de</span> <span class='ocrx_word' id='word_1_222' title='bbox 808 2123 1057 2167; x_wconf 87' lang='lat' dir='ltr'>cerimoniis</span> <span class='ocrx_word' id='word_1_223' title='bbox 1077 2127 1123 2167; x_wconf 92' lang='lat' dir='ltr'>et</span> <span class='ocrx_word' id='word_1_224' title='bbox 1142 2123 1318 2167; x_wconf 78' lang='lat' dir='ltr'>cultura</span> <span class='ocrx_word' id='word_1_225' title='bbox 1338 2124 1521 2168; x_wconf 88' lang='lat' dir='ltr'>deorum</span> <span class='ocrx_word' id='word_1_226' title='bbox 1541 2125 1683 2182; x_wconf 91' lang='lat' dir='ltr'>plura,</span> 
     </span>
    </p>
   </div>
   <div class='ocr_carea' id='block_1_5' title="bbox 216 2195 1683 2305">
    <p class='ocr_par' dir='ltr' id='par_1_5' title="bbox 216 2195 1683 2305">
     <span class='ocr_line' id='line_1_29' title="bbox 216 2195 1683 2258; baseline 0.001 -10"><span class='ocrx_word' id='word_1_227' title='bbox 216 2195 651 2248; x_wconf 62' lang='lat' dir='ltr'>W</span> <span class='ocrx_word' id='word_1_228' title='bbox 684 2222 717 2253; x_wconf 88' lang='lat'>2,</span> <span class='ocrx_word' id='word_1_229' title='bbox 736 2222 756 2256; x_wconf 88' lang='lat'>3</span> <span class='ocrx_word' id='word_1_230' title='bbox 780 2210 947 2247; x_wconf 82' lang='lat' dir='ltr'>humano</span> <span class='ocrx_word' id='word_1_231' title='bbox 962 2210 1004 2247; x_wconf 91' lang='lat' dir='ltr'>in</span> <span class='ocrx_word' id='word_1_232' title='bbox 1023 2221 1178 2256; x_wconf 90' lang='lat' dir='ltr'>corpore</span> <span class='ocrx_word' id='word_1_233' title='bbox 1194 2210 1234 2247; x_wconf 79' lang='lat'>0²</span> <span class='ocrx_word' id='word_1_234' title='bbox 1250 2224 1259 2248; x_wconf 75' lang='grc' dir='ltr'>ε</span> <span class='ocrx_word' id='word_1_235' title='bbox 1284 2211 1325 2247; x_wconf 89' lang='lat' dir='ltr'>in</span> <span class='ocrx_word' id='word_1_236' title='bbox 1342 2211 1507 2248; x_wconf 89' lang='lat' dir='ltr'>humano</span> <span class='ocrx_word' id='word_1_237' title='bbox 1525 2223 1683 2258; x_wconf 87' lang='lat' dir='ltr'>corpore</span> 
     </span>
     <span class='ocr_line' id='line_1_30' title="bbox 218 2257 1647 2305; baseline 0.001 -11"><span class='ocrx_word' id='word_1_238' title='bbox 218 2257 317 2295; x_wconf 82' lang='lat' dir='ltr'>BSM</span> <span class='ocrx_word' id='word_1_239' title='bbox 435 2269 459 2304; x_wconf 82' lang='grc'>4</span> <span class='ocrx_word' id='word_1_240' title='bbox 484 2258 632 2295; x_wconf 83' lang='lat' dir='ltr'>obtinet</span> <span class='ocrx_word' id='word_1_241' title='bbox 648 2257 778 2295; x_wconf 86' lang='lat' dir='ltr'>CBSM</span> <span class='ocrx_word' id='word_1_242' title='bbox 900 2268 940 2296; x_wconf 89' lang='lat'>11</span> <span class='ocrx_word' id='word_1_243' title='bbox 965 2258 1186 2305; x_wconf 76' lang='lat' dir='ltr'>ymaginem</span> <span class='ocrx_word' id='word_1_244' title='bbox 1203 2258 1244 2294; x_wconf 84' lang='lat' dir='ltr'>M</span> <span class='ocrx_word' id='word_1_245' title='bbox 1361 2270 1410 2296; x_wconf 90' lang='lat'>20</span> <span class='ocrx_word' id='word_1_246' title='bbox 1434 2270 1590 2305; x_wconf 87' lang='lat' dir='ltr'>corpore</span> <span class='ocrx_word' id='word_1_247' title='bbox 1607 2260 1647 2295; x_wconf 84' lang='lat' dir='ltr'>M</span> 
     </span>
    </p>
   </div>
   <div class='ocr_carea' id='block_1_6' title="bbox 215 2333 1706 2902">
    <p class='ocr_par' dir='ltr' id='par_1_6' title="bbox 215 2333 1706 2902">
     <span class='ocr_line' id='line_1_31' title="bbox 215 2333 1683 2388; baseline 0.002 -19"><span class='ocrx_word' id='word_1_248' title='bbox 215 2335 343 2371; x_wconf 75' lang='lat' dir='ltr'>talium</span> <span class='ocrx_word' id='word_1_249' title='bbox 367 2335 520 2371; x_wconf 70' lang='lat' dir='ltr'>Soanda</span> <span class='ocrx_word' id='word_1_250' title='bbox 550 2347 630 2371; x_wconf 79' lang='lat' dir='ltr'>cum</span> <span class='ocrx_word' id='word_1_251' title='bbox 656 2336 766 2370; x_wconf 78' lang='lat' dir='ltr'>tacita</span> <span class='ocrx_word' id='word_1_252' title='bbox 789 2335 927 2379; x_wconf 73' lang='lat' dir='ltr'>virqine</span> <span class='ocrx_word' id='word_1_253' title='bbox 947 2336 1131 2388; x_wconf 56' lang='lat' dir='ltr'>pontifex.</span> <span class='ocrx_word' id='word_1_254' title='bbox 1179 2333 1375 2371; x_wconf 89' lang='lat' dir='ltr'>Pontificis</span> <span class='ocrx_word' id='word_1_255' title='bbox 1406 2334 1571 2372; x_wconf 82' lang='lat' dir='ltr'>maxime</span> <span class='ocrx_word' id='word_1_256' title='bbox 1600 2338 1683 2372; x_wconf 85' lang='lat' dir='ltr'>erat</span> 
     </span>
     <span class='ocr_line' id='line_1_32' title="bbox 215 2380 1683 2428; baseline 0.003 -12"><span class='ocrx_word' id='word_1_257' title='bbox 215 2380 384 2427; x_wconf 83' lang='lat' dir='ltr'>virgines</span> <span class='ocrx_word' id='word_1_258' title='bbox 394 2381 563 2420; x_wconf 73' lang='lat' dir='ltr'>Vestales</span> <span class='ocrx_word' id='word_1_259' title='bbox 576 2393 711 2428; x_wconf 84' lang='lat' dir='ltr'>capere</span> <span class='ocrx_word' id='word_1_260' title='bbox 729 2383 770 2418; x_wconf 89' lang='lat' dir='ltr'>et</span> <span class='ocrx_word' id='word_1_261' title='bbox 786 2380 827 2418; x_wconf 88' lang='lat' dir='ltr'>in</span> <span class='ocrx_word' id='word_1_262' title='bbox 839 2393 912 2425; x_wconf 72' lang='lat' dir='ltr'>ea3‚</span> <span class='ocrx_word' id='word_1_263' title='bbox 926 2393 958 2417; x_wconf 81' lang='lat'>81</span> <span class='ocrx_word' id='word_1_264' title='bbox 971 2380 1062 2428; x_wconf 89' lang='lat' dir='ltr'>quid</span> <span class='ocrx_word' id='word_1_265' title='bbox 1075 2382 1352 2423; x_wconf 84' lang='lat' dir='ltr'>commiserant,</span> <span class='ocrx_word' id='word_1_266' title='bbox 1361 2381 1660 2420; x_wconf 83' lang='lat' dir='ltr'>animadvertere</span> <span class='ocrx_word' id='word_1_267' title='bbox 1674 2396 1683 2422; x_wconf 75' lang='lat' dir='ltr'>t</span> 
     </span>
     <span class='ocr_line' id='line_1_33' title="bbox 217 2427 1682 2477; baseline 0.002 -13"><span class='ocrx_word' id='word_1_268' title='bbox 217 2439 308 2464; x_wconf 86' lang='lat' dir='ltr'>nam</span> <span class='ocrx_word' id='word_1_269' title='bbox 323 2427 428 2464; x_wconf 88' lang='lat' dir='ltr'>urbis</span> <span class='ocrx_word' id='word_1_270' title='bbox 444 2430 571 2465; x_wconf 83' lang='lat' dir='ltr'>focum</span> <span class='ocrx_word' id='word_1_271' title='bbox 589 2429 782 2476; x_wconf 89' lang='lat' dir='ltr'>publicum</span> <span class='ocrx_word' id='word_1_272' title='bbox 801 2428 1068 2466; x_wconf 84' lang='lat' dir='ltr'>custodiebant</span> <span class='ocrx_word' id='word_1_273' title='bbox 1084 2429 1249 2476; x_wconf 83' lang='lat' dir='ltr'>virgines</span> <span class='ocrx_word' id='word_1_274' title='bbox 1265 2429 1432 2466; x_wconf 80' lang='lat' dir='ltr'>Vestales</span> <span class='ocrx_word' id='word_1_275' title='bbox 1453 2430 1560 2475; x_wconf 85' lang='lat' dir='ltr'>quasi</span> <span class='ocrx_word' id='word_1_276' title='bbox 1583 2430 1682 2477; x_wconf 88' lang='lat' dir='ltr'>regis</span> 
     </span>
     <span class='ocr_line' id='line_1_34' title="bbox 217 2475 1706 2524; baseline 0.003 -14"><span class='ocrx_word' id='word_1_277' title='bbox 217 2475 329 2516; x_wconf 87' lang='lat' dir='ltr'>filiae,</span> <span class='ocrx_word' id='word_1_278' title='bbox 348 2475 455 2511; x_wconf 91' lang='lat' dir='ltr'>cuius</span> <span class='ocrx_word' id='word_1_279' title='bbox 470 2476 588 2512; x_wconf 86' lang='lat' dir='ltr'>vicem</span> <span class='ocrx_word' id='word_1_280' title='bbox 606 2475 648 2512; x_wconf 85' lang='lat' dir='ltr'>in</span> <span class='ocrx_word' id='word_1_281' title='bbox 660 2476 776 2513; x_wconf 87' lang='lat' dir='ltr'>sacris</span> <span class='ocrx_word' id='word_1_282' title='bbox 793 2476 990 2513; x_wconf 87' lang='lat' dir='ltr'>obtinebat</span> <span class='ocrx_word' id='word_1_283' title='bbox 1009 2477 1185 2523; x_wconf 85' lang='lat' dir='ltr'>pontifex</span> <span class='ocrx_word' id='word_1_284' title='bbox 1204 2476 1399 2513; x_wconf 84' lang='lat' dir='ltr'>maximus.</span> <span class='ocrx_word' id='word_1_285' title='bbox 1451 2476 1578 2513; x_wconf 85' lang='lat' dir='ltr'>Etiam</span> <span class='ocrx_word' id='word_1_286' title='bbox 1596 2481 1683 2524; x_wconf 89' lang='lat' dir='ltr'>post</span> <span class='ocrx_word' id='word_1_287' title='bbox 1703 2481 1706 2485; x_wconf 92' lang='grc'><strong><em>’</em></strong></span> 
     </span>
     <span class='ocr_line' id='line_1_35' title="bbox 218 2522 1681 2571; baseline 0.003 -13"><span class='ocrx_word' id='word_1_288' title='bbox 218 2522 420 2559; x_wconf 87' lang='lat' dir='ltr'>fundatum</span> <span class='ocrx_word' id='word_1_289' title='bbox 453 2523 499 2559; x_wconf 87' lang='lat' dir='ltr'>ab</span> <span class='ocrx_word' id='word_1_290' title='bbox 532 2523 736 2560; x_wconf 87' lang='lat' dir='ltr'>Aureliano</span> <span class='ocrx_word' id='word_1_291' title='bbox 762 2526 1020 2570; x_wconf 51' lang='lat' dir='ltr'>pontificatum</span> <span class='ocrx_word' id='word_1_292' title='bbox 1058 2526 1145 2560; x_wconf 75' lang='lat' dir='ltr'>solis</span> <span class='ocrx_word' id='word_1_293' title='bbox 1176 2524 1375 2571; x_wconf 87' lang='lat' dir='ltr'>pontifices</span> <span class='ocrx_word' id='word_1_294' title='bbox 1406 2524 1577 2561; x_wconf 88' lang='lat' dir='ltr'>Vestales</span> <span class='ocrx_word' id='word_1_295' title='bbox 1616 2537 1681 2562; x_wconf 90' lang='lat' dir='ltr'>seu</span> 
     </span>
     <span class='ocr_line' id='line_1_36' title="bbox 216 2569 1681 2618; baseline 0.003 -13"><span class='ocrx_word' id='word_1_296' title='bbox 216 2569 354 2606; x_wconf 85' lang='lat' dir='ltr'>Vestae</span> <span class='ocrx_word' id='word_1_297' title='bbox 371 2569 555 2616; x_wconf 85' lang='lat' dir='ltr'>appellati</span> <span class='ocrx_word' id='word_1_298' title='bbox 571 2573 658 2607; x_wconf 86' lang='lat' dir='ltr'>sunt</span> <span class='ocrx_word' id='word_1_299' title='bbox 674 2570 741 2617; x_wconf 91' lang='lat' dir='ltr'>qui</span> <span class='ocrx_word' id='word_1_300' title='bbox 757 2583 778 2608; x_wconf 91' lang='lat' dir='ltr'>e</span> <span class='ocrx_word' id='word_1_301' title='bbox 796 2571 957 2618; x_wconf 88' lang='lat' dir='ltr'>collegio</span> <span class='ocrx_word' id='word_1_302' title='bbox 979 2571 1205 2618; x_wconf 87' lang='lat' dir='ltr'>pontificum</span> <span class='ocrx_word' id='word_1_303' title='bbox 1229 2572 1387 2618; x_wconf 85' lang='lat' dir='ltr'>antiquo</span> <span class='ocrx_word' id='word_1_304' title='bbox 1413 2575 1534 2608; x_wconf 87' lang='lat' dir='ltr'>erant.</span> <span class='ocrx_word' id='word_1_305' title='bbox 1585 2572 1681 2610; x_wconf 90' lang='lat' dir='ltr'>Vide</span> 
     </span>
     <span class='ocr_line' id='line_1_37' title="bbox 217 2616 1681 2666; baseline 0.003 -14"><span class='ocrx_word' id='word_1_306' title='bbox 217 2617 264 2653; x_wconf 88' lang='lat' dir='ltr'>de</span> <span class='ocrx_word' id='word_1_307' title='bbox 280 2616 352 2652; x_wconf 87' lang='lat' dir='ltr'>hac</span> <span class='ocrx_word' id='word_1_308' title='bbox 368 2627 407 2652; x_wconf 81' lang='lat' dir='ltr'>rs</span> <span class='ocrx_word' id='word_1_309' title='bbox 432 2616 655 2662; x_wconf 85' lang='lat' dir='ltr'>Marquardt</span> <span class='ocrx_word' id='word_1_310' title='bbox 677 2620 861 2655; x_wconf 73' lang='lat' dir='ltr'>Romische</span> <span class='ocrx_word' id='word_1_311' title='bbox 883 2620 1222 2665; x_wconf 70' lang='lat' dir='ltr'>Staatewmoaltuny</span> <span class='ocrx_word' id='word_1_312' title='bbox 1241 2619 1313 2664; x_wconf 89' lang='lat' dir='ltr'>(ed.</span> <span class='ocrx_word' id='word_1_313' title='bbox 1337 2621 1439 2665; x_wconf 81' lang='grc'><strong>1885)</strong></span> <span class='ocrx_word' id='word_1_314' title='bbox 1457 2619 1512 2655; x_wconf 88' lang='lat' dir='ltr'>iii.</span> <span class='ocrx_word' id='word_1_315' title='bbox 1539 2632 1574 2666; x_wconf 91' lang='lat' dir='ltr'>p.</span> <span class='ocrx_word' id='word_1_316' title='bbox 1600 2623 1681 2666; x_wconf 87' lang='lat'>238,</span> 
     </span>
     <span class='ocr_line' id='line_1_38' title="bbox 217 2663 1679 2712; baseline 0.002 -12"><span class='ocrx_word' id='word_1_317' title='bbox 217 2676 253 2700; x_wconf 90' lang='grc'>11.</span> <span class='ocrx_word' id='word_1_318' title='bbox 271 2673 307 2710; x_wconf 79' lang='grc' dir='ltr'>ςς</span> <span class='ocrx_word' id='word_1_319' title='bbox 333 2663 380 2700; x_wconf 82' lang='lat' dir='ltr'>cf.</span> <span class='ocrx_word' id='word_1_320' title='bbox 394 2675 459 2710; x_wconf 90' lang='lat' dir='ltr'>pp.</span> <span class='ocrx_word' id='word_1_321' title='bbox 474 2666 529 2709; x_wconf 90' lang='lat'>83,</span> <span class='ocrx_word' id='word_1_322' title='bbox 540 2676 577 2700; x_wconf 90' lang='grc'>11.</span> <span class='ocrx_word' id='word_1_323' title='bbox 592 2673 623 2710; x_wconf 88' lang='grc'>5,</span> <span class='ocrx_word' id='word_1_324' title='bbox 638 2666 695 2711; x_wconf 90' lang='lat'>89,</span> <span class='ocrx_word' id='word_1_325' title='bbox 707 2677 745 2702; x_wconf 92' lang='lat' dir='ltr'>n.</span> <span class='ocrx_word' id='word_1_326' title='bbox 760 2667 795 2711; x_wconf 93' lang='lat'>6,</span> <span class='ocrx_word' id='word_1_327' title='bbox 810 2676 855 2710; x_wconf 88' lang='lat'>24</span> <span class='ocrx_word' id='word_1_328' title='bbox 860 2675 877 2711; x_wconf 85' lang='grc'>5</span> <span class='ocrx_word' id='word_1_329' title='bbox 891 2678 900 2708; x_wconf 91' lang='grc'><strong>;</strong></span> <span class='ocrx_word' id='word_1_330' title='bbox 924 2665 1136 2703; x_wconf 87' lang='lat' dir='ltr'>Mommsen</span> <span class='ocrx_word' id='word_1_331' title='bbox 1152 2668 1357 2703; x_wconf 69' lang='lat' dir='ltr'>Romisches</span> <span class='ocrx_word' id='word_1_332' title='bbox 1371 2669 1590 2703; x_wconf 72' lang='lat' dir='ltr'>Staatsrecht</span> <span class='ocrx_word' id='word_1_333' title='bbox 1608 2668 1679 2712; x_wconf 88' lang='lat' dir='ltr'>(ed.</span> 
     </span>
     <span class='ocr_line' id='line_1_39' title="bbox 220 2710 1682 2757; baseline 0.002 -9"><span class='ocrx_word' id='word_1_334' title='bbox 220 2711 327 2756; x_wconf 87' lang='lat'>1887)</span> <span class='ocrx_word' id='word_1_335' title='bbox 343 2710 382 2746; x_wconf 88' lang='lat' dir='ltr'>ii.</span> <span class='ocrx_word' id='word_1_336' title='bbox 401 2722 438 2756; x_wconf 91' lang='lat' dir='ltr'>p.</span> <span class='ocrx_word' id='word_1_337' title='bbox 458 2721 565 2756; x_wconf 86' lang='lat' dir='ltr'>23,n.</span> <span class='ocrx_word' id='word_1_338' title='bbox 581 2722 613 2757; x_wconf 91' lang='lat'>3.</span> <span class='ocrx_word' id='word_1_339' title='bbox 756 2715 777 2749; x_wconf 91' lang='lat'><em>8</em></span> <span class='ocrx_word' id='word_1_340' title='bbox 795 2715 988 2750; x_wconf 74' lang='lat' dir='ltr'>lateribus:</span> <span class='ocrx_word' id='word_1_341' title='bbox 1014 2715 1075 2750; x_wconf 78' lang='lat' dir='ltr'>Sic</span> <span class='ocrx_word' id='word_1_342' title='bbox 1090 2716 1186 2750; x_wconf 84' lang='lat' dir='ltr'>enim</span> <span class='ocrx_word' id='word_1_343' title='bbox 1202 2726 1391 2750; x_wconf 71' lang='lat' dir='ltr'>assessores</span> <span class='ocrx_word' id='word_1_344' title='bbox 1407 2720 1439 2750; x_wconf 78' lang='lat' dir='ltr'>et</span> <span class='ocrx_word' id='word_1_345' title='bbox 1455 2716 1682 2751; x_wconf 73' lang='lat' dir='ltr'>consiliarios</span> 
     </span>
     <span class='ocr_line' id='line_1_40' title="bbox 216 2758 1680 2806; baseline 0.001 -10"><span class='ocrx_word' id='word_1_346' title='bbox 216 2763 448 2796; x_wconf 79' lang='lat' dir='ltr'>consueuerat</span> <span class='ocrx_word' id='word_1_347' title='bbox 462 2759 646 2804; x_wconf 78' lang='lat' dir='ltr'>appellare</span> <span class='ocrx_word' id='word_1_348' title='bbox 655 2758 847 2806; x_wconf 82' lang='lat' dir='ltr'>Eugenius</span> <span class='ocrx_word' id='word_1_349' title='bbox 860 2760 917 2795; x_wconf 89' lang='grc' dir='ltr'>ΙΙΙ</span> <span class='ocrx_word' id='word_1_350' title='bbox 933 2772 1047 2806; x_wconf 86' lang='lat' dir='ltr'>papa,</span> <span class='ocrx_word' id='word_1_351' title='bbox 1059 2762 1103 2797; x_wconf 88' lang='lat' dir='ltr'>ut</span> <span class='ocrx_word' id='word_1_352' title='bbox 1118 2760 1174 2797; x_wconf 87' lang='lat' dir='ltr'>ait</span> <span class='ocrx_word' id='word_1_353' title='bbox 1193 2761 1352 2798; x_wconf 83' lang='lat' dir='ltr'>Ioannes</span> <span class='ocrx_word' id='word_1_354' title='bbox 1368 2761 1512 2798; x_wconf 83' lang='lat' dir='ltr'>Saresb.</span> <span class='ocrx_word' id='word_1_355' title='bbox 1529 2762 1571 2797; x_wconf 91' lang='lat' dir='ltr'>in</span> <span class='ocrx_word' id='word_1_356' title='bbox 1585 2764 1680 2798; x_wconf 77' lang='lat' dir='ltr'>Hist.</span> 
     </span>
     <span class='ocr_line' id='line_1_41' title="bbox 216 2804 1678 2854; baseline 0.003 -13"><span class='ocrx_word' id='word_1_357' title='bbox 216 2807 354 2851; x_wconf 82' lang='lat' dir='ltr'>Pontis.</span> <span class='ocrx_word' id='word_1_358' title='bbox 373 2817 405 2843; x_wconf 90' lang='lat' dir='ltr'>c.</span> <span class='ocrx_word' id='word_1_359' title='bbox 422 2815 462 2841; x_wconf 89' lang='lat'>21</span> <span class='ocrx_word' id='word_1_360' title='bbox 491 2804 626 2850; x_wconf 71' lang='lat' dir='ltr'>(Pertz.</span> <span class='ocrx_word' id='word_1_361' title='bbox 644 2807 741 2842; x_wconf 71' lang='lat' dir='ltr'>Mon.</span> <span class='ocrx_word' id='word_1_362' title='bbox 763 2808 884 2842; x_wconf 77' lang='lat' dir='ltr'>Germ.</span> <span class='ocrx_word' id='word_1_363' title='bbox 901 2809 997 2843; x_wconf 75' lang='lat' dir='ltr'>Hist.</span> <span class='ocrx_word' id='word_1_364' title='bbox 1014 2810 1143 2854; x_wconf 76' lang='lat' dir='ltr'>Script.</span> <span class='ocrx_word' id='word_1_365' title='bbox 1161 2819 1221 2844; x_wconf 84' lang='lat' dir='ltr'>xx.</span> <span class='ocrx_word' id='word_1_366' title='bbox 1240 2815 1342 2854; x_wconf 78' lang='lat' dir='ltr'>533J;</span> <span class='ocrx_word' id='word_1_367' title='bbox 1377 2809 1424 2845; x_wconf 88' lang='lat' dir='ltr'>cf.</span> <span class='ocrx_word' id='word_1_368' title='bbox 1444 2809 1479 2845; x_wconf 89' lang='lat' dir='ltr'>S.</span> <span class='ocrx_word' id='word_1_369' title='bbox 1498 2809 1678 2845; x_wconf 87' lang='lat' dir='ltr'>Bernard.</span> 
     </span>
     <span class='ocr_line' id='line_1_42' title="bbox 217 2852 1678 2902; baseline 0.003 -13"><span class='ocrx_word' id='word_1_370' title='bbox 217 2854 261 2889; x_wconf 82' lang='lat' dir='ltr'>de</span> <span class='ocrx_word' id='word_1_371' title='bbox 275 2854 565 2890; x_wconf 65' lang='lat' dir='ltr'>consideratione</span> <span class='ocrx_word' id='word_1_372' title='bbox 582 2852 647 2899; x_wconf 86' lang='lat' dir='ltr'>(ad</span> <span class='ocrx_word' id='word_1_373' title='bbox 662 2852 786 2899; x_wconf 87' lang='lat' dir='ltr'>ipsum</span> <span class='ocrx_word' id='word_1_374' title='bbox 799 2853 1029 2901; x_wconf 81' lang='lat' dir='ltr'>Eugenium)</span> <span class='ocrx_word' id='word_1_375' title='bbox 1046 2854 1094 2892; x_wconf 86' lang='lat' dir='ltr'>iv.</span> <span class='ocrx_word' id='word_1_376' title='bbox 1106 2866 1130 2900; x_wconf 86' lang='lat'>4</span> <span class='ocrx_word' id='word_1_377' title='bbox 1145 2854 1290 2902; x_wconf 84' lang='lat' dir='ltr'>(Migne</span> <span class='ocrx_word' id='word_1_378' title='bbox 1302 2857 1344 2892; x_wconf 89' lang='lat' dir='ltr'>P.</span> <span class='ocrx_word' id='word_1_379' title='bbox 1358 2858 1399 2892; x_wconf 88' lang='lat' dir='ltr'>L.</span> <span class='ocrx_word' id='word_1_380' title='bbox 1412 2856 1565 2893; x_wconf 86' lang='lat' dir='ltr'>clxxxii.</span> <span class='ocrx_word' id='word_1_381' title='bbox 1582 2858 1678 2902; x_wconf 89' lang='lat'>778).</span> 
     </span>
    </p>
   </div>
   <div class='ocr_carea' id='block_1_7' title="bbox 1506 2911 1571 2952">
    <p class='ocr_par' dir='ltr' id='par_1_7' title="bbox 1506 2911 1571 2952">
     <span class='ocr_line' id='line_1_43' title="bbox 1506 2911 1571 2952; baseline 0.015 -9"><span class='ocrx_word' id='word_1_382' title='bbox 1506 2911 1571 2952; x_wconf 79' lang='lat'>²83</span> 
     </span>
    </p>
   </div>
  </div>
 </body>
</html>
