1994 3190
137 604 156 638 5

116 951 158 974 10

118 1296 158 1330 15

119 1644 161 1668 20

119 1989 160 2023 ²5

121 2333 163 2366 30

173 201 271 236 oar.
285 189 390 250 m]
680 185 1124 232 POLIORATICVS
1652 196 1728 236 441
1747 197 1776 226 a

172 308 452 367 persequitur
464 321 474 360 ;
513 306 748 365 mitigatur
776 307 926 348 tamen
955 302 1180 346 interdum
1210 302 1333 346 Iouis
1361 316 1537 347 accessu
1565 302 1639 346 uel

172 377 367 427 Veneris,
383 375 591 433 quoniam
611 376 657 417 et
677 374 774 430 ipsa
793 371 987 430 propitia
1002 373 1070 414 est
1085 374 1130 414 et
1149 371 1353 428 benigna.
1395 372 1639 415 Mercurius

172 460 278 490 uero
307 444 411 488 talis
440 445 518 494 est,
542 442 717 499 qualem
745 440 882 484 uicini
912 439 1117 496 planetae
1146 440 1438 495 permiserint,
1464 455 1564 484 cum
1595 443 1640 484 et

171 516 266 573 ipse
304 511 606 558 conuertibilis
646 513 834 554 naturae
877 509 937 552 sit
974 508 1384 566 potentioribusque
1424 510 1640 554 cohereat.

173 583 300 627 Vnde
339 582 537 640 plerique
577 595 678 624 eum
717 579 964 637 praesulem
996 577 1273 634 eloquentiae
1308 579 1559 634 opinantur,
1589 594 1640 622 eo

174 652 290 710 quod
339 652 417 694 illa
464 651 617 694 iuncta
664 648 907 706 sapientiae
955 647 1198 704 plurimum
1247 647 1398 703 prosit,
1444 647 1640 690 malitiae

173 722 338 767 sociata
371 722 528 764 noceat
560 719 813 777 plurimum.
885 717 1007 760 Haec
1039 715 1218 773 quidem
1247 716 1331 758 etsi
1361 730 1450 758 non
1479 717 1641 766 docuit,

172 794 337 836 sectam
366 794 515 834 tamen
545 788 705 832 erroris
734 787 889 844 attigit
919 786 1134 836 Lucanae,
1154 799 1254 828 cum
1283 786 1488 828 timorem
1518 786 1641 828 urbis

174 861 440 906 describeret
452 874 462 913 ;
504 858 756 914 bellumque
787 855 917 900 ciuile
950 854 1206 898 necessariis
1240 854 1534 897 astronomiae
1573 869 1640 897 ar-

174 929 398 988 gumentis
445 926 765 972 incuitabiliter
811 924 1196 983 appropinquante
1238 921 1398 967 Cesare
1438 922 1642 966 futurum

175 998 468 1042 denuntiaret.
548 996 705 1039 Innuit
744 994 862 1038 enim
908 996 1040 1051 poeta
1078 991 1358 1035 doctissimus
1398 989 1452 1048 (si
1493 996 1642 1035 tamen

173 1071 304 1127 poeta
322 1067 533 1111 dicendus
555 1068 634 1116 est,
654 1065 730 1122 qui
751 1079 858 1108 uera
877 1062 1131 1106 narratione
1151 1076 1300 1104 rerum
1326 1061 1384 1104 ad
1412 1062 1643 1105 historicos
1660 1062 1688 1100 b

175 1137 316 1195 magis
336 1135 520 1194 accedit)
540 1135 661 1177 illius
685 1133 902 1176 malitiam
927 1130 1296 1189 irrefragabiliter
1315 1130 1643 1188 adimplendam

176 1207 252 1264 qui
301 1206 419 1250 solus
467 1206 515 1248 in
564 1205 726 1248 throno
775 1203 844 1246 sui
888 1200 1098 1245 domicilii
1138 1201 1370 1245 residebat.
1444 1200 1503 1243 Et
1542 1200 1645 1244 licet

178 1276 361 1335 Figulus
386 1275 622 1319 Parcarum
648 1273 831 1317 consilia
857 1272 1068 1315 discutiat
1094 1273 1374 1327 mentemque
1403 1270 1644 1320 stellarum,

175 1359 406 1403 corporum
436 1347 586 1387 tamen
615 1357 727 1400 quae
758 1341 969 1385 uidentur
1002 1339 1199 1383 nondum
1229 1339 1406 1397 plenam
1436 1340 1644 1382 notitiam

174 1414 374 1465 tradidit,
407 1428 507 1457 cum
542 1414 591 1456 in
624 1415 722 1456 tota
759 1410 1174 1454 mathematicorum
1213 1409 1343 1452 domo
1375 1410 1519 1453 adhuc
1554 1424 1643 1452 non

175 1485 234 1528 sit
262 1483 462 1542 quaestio
492 1482 711 1541 expedita,
741 1496 799 1525 an
829 1495 886 1525 ex
920 1480 1148 1523 elementis
1179 1478 1324 1522 sidera
1354 1482 1557 1523 constent
1586 1495 1644 1523 an

177 1569 233 1599 ex
278 1555 436 1612 quinta
478 1553 670 1597 essentia
713 1566 846 1609 quam
885 1549 1141 1593 Aristotiles
1189 1549 1444 1593 introducit.
1526 1549 1644 1592 Nam

177 1623 294 1682 quod
334 1623 397 1666 eis
431 1622 630 1666 obiciunt
662 1620 800 1678 pueri,
835 1619 986 1663 mollia
1019 1619 1111 1661 sint
1142 1633 1200 1661 an
1233 1618 1356 1668 dura,
1387 1621 1433 1662 et
1467 1619 1505 1662 si
1537 1618 1645 1675 quid

176 1693 428 1737 huiusmodi
459 1694 537 1743 est,
564 1691 699 1734 etiam
729 1689 883 1733 audire
913 1688 1222 1746 dedignantur,
1247 1689 1451 1745 quamuis
1474 1689 1646 1745 aliquos

177 1761 368 1806 famosos
423 1763 470 1805 et
525 1775 605 1804 suo
658 1759 821 1802 iudicio
874 1758 1095 1815 sapientes
1145 1758 1192 1800 in
1241 1757 1407 1799 talibus
1456 1757 1646 1800 uiderim

177 1831 420 1874 miserrime
454 1830 666 1873 laborare.
726 1827 983 1886 Expediunt
1011 1828 1162 1869 tamen
1198 1829 1244 1869 et
1277 1826 1370 1868 suis
1400 1826 1647 1869 rationibus

178 1900 379 1958 probant,
427 1898 534 1956 quid
583 1897 681 1941 fata
728 1897 984 1947 deliberent,
1024 1899 1070 1939 et
1118 1895 1391 1952 deprehensa
1438 1895 1647 1938 uoluntas
1665 1906 1688 1935 c

180 1969 374 2014 siderum
410 1983 540 2026 quem
570 1968 618 2010 in
641 1967 871 2011 sublunari
902 1965 1032 2024 globo
1068 1965 1283 2008 sortiatur
1311 1964 1528 2008 effectum.
1588 1964 1647 2007 Et

178 2038 295 2083 forte
315 2038 536 2082 sententia
554 2037 750 2081 numinis
774 2036 903 2080 irrita
929 2038 1008 2086 est,
1028 2050 1162 2093 quam
1191 2049 1281 2078 non
1308 2034 1647 2079 mathematicus

178 2108 360 2166 profert.
419 2108 500 2152 Ait
519 2122 648 2165 ergo:

267 2195 395 2248 Quod
424 2195 562 2239 cladis
591 2208 743 2261 genus,
772 2207 799 2236 0
828 2192 990 2250 superi,
1020 2206 1109 2249 qua
1138 2194 1262 2258 peste
1290 2191 1460 2248 paratis

266 2253 501 2297 seuitiam'l
544 2252 732 2296 extremi
762 2251 1004 2294 multorum
1034 2255 1211 2307 tempus
1240 2250 1288 2292 in
1318 2264 1458 2293 unum

266 2325 508 2355 conuenere
537 2311 654 2363 dies3
693 2324 865 2354 summo
895 2309 933 2352 si
964 2308 1130 2366 frigida
1159 2308 1251 2351 celo

267 2369 395 2412 stella
423 2383 584 2412 nocens
613 2368 764 2427 nigros
795 2367 981 2411 Saturni
1011 2366 1269 2410 accenderet
1298 2366 1436 2423 ignes,

185 2476 227 2503 12
251 2465 460 2519 hystoricos
475 2465 516 2501 M
707 2475 752 2512 14
775 2468 889 2502 trono
907 2464 940 2500 A
1133 2465 1175 2500 18
1199 2464 1333 2510 sydera
1350 2462 1411 2498 CB
1604 2472 1647 2508 23

183 2512 485 2550 miserationibus
502 2512 542 2548 M
684 2522 727 2560 25
754 2513 930 2560 syderum
946 2511 1008 2549 CB
1105 2476 1302 2548 sublimari
1324 2510 1364 2546 M

231 2600 252 2635 8
276 2600 448 2635 Lucanus
462 2599 555 2636 etc.·
581 2611 614 2635 v.
631 2598 718 2636 Luc.
734 2600 862 2635 Phara
880 2597 906 2634 i.
923 2599 994 2643 469
1005 2608 1106 2644 seqq.
1205 2606 1246 2642 13
1271 2598 1394 2632 illius:
1420 2607 1469 2632 30.
1490 2594 1647 2640 Martis;

184 2658 215 2682 v.
234 2645 321 2682 Luc.
340 2647 469 2682 Phara
486 2645 512 2681 i.
527 2646 600 2682 660
611 2657 713 2692 seqq.
846 2654 888 2692 15
913 2646 1089 2690 Fiyulus:
1116 2657 1149 2681 v.
1166 2644 1253 2680 Luc.
1270 2645 1398 2679 Phar-s.
1418 2643 1442 2678 i.
1460 2644 1532 2687 640
1545 2654 1645 2688 seqq.

186 2702 231 2738 19
248 2704 292 2728 ea:
306 2694 434 2746 quinta
449 2695 621 2728 essentia.
648 2692 786 2730 Stellas
802 2704 849 2730 ex
864 2695 991 2739 quinta
1003 2694 1206 2728 substantia
1223 2692 1394 2727 constare
1407 2691 1516 2726 docet
1534 2690 1648 2726 Mart.

185 2739 275 2785 Cap.
310 2738 385 2775 viii.
422 2738 440 2785 ξ
476 2741 554 2784 814,
588 2751 702 2785 quam
734 2739 980 2777 Aristotelem
1013 2741 1194 2785 quattuor
1227 2738 1425 2775 elementis
1459 2736 1649 2773 addidisse

184 2786 305 2871 11·εὲἃὲ
321 2785 397 2870 ἓέο.
420 2787 523 2824 Tusc.
539 2788 644 2834 Disp.
661 2786 686 2824 i.
706 2797 751 2824 10
767 2786 786 2834 ξ
805 2796 862 2823 22.
975 2787 1020 2823 28
1047 2788 1148 2832 Quod
1164 2787 1278 2822 cladis
1294 2787 1386 2822 etc.:
1414 2785 1504 2822 Luc.
1519 2786 1648 2820 Phara.

186 2846 200 2870 1
254 2845 275 2879 4
298 2853 318 2859 —

1475 2895 1539 2928 109
