1994 3190
225 127 310 177 465
328 136 354 167 c
698 127 961 172 IOANNIS
1000 127 1516 174 SARESBERIENSIS
1674 129 1783 191 [mn.
1799 142 1841 176 11

328 265 353 295 c
370 247 554 290 uidebat
587 248 852 304 praeditum,
878 251 1007 293 tanto
1041 250 1199 293 acriori
1234 250 1406 293 inuidia
1441 250 1490 294 ei.
1516 250 1710 294 occultas
1743 253 1840 294 ten-

370 317 505 360 debat
551 317 747 370 insidias,
786 321 881 361 tam
924 319 1186 363 manifestas
1229 334 1363 376 quam
1411 320 1588 377 iniquas
1634 335 1842 364 exercens

370 387 650 440 inimicitias;
680 392 726 431 et
759 403 848 445 quo
883 388 1165 432 manifestius
1200 403 1302 432 eum
1331 389 1550 432 Dominus
1588 390 1842 441 extollebat,

371 471 423 500 eo
452 457 629 500 auidius
658 473 748 501 non
777 461 871 502 tam
902 459 1146 516 deprimere
1181 473 1315 515 quam
1345 459 1606 516 extinguere
1635 474 1842 517 propera-

371 526 474 579 bat;
513 527 685 584 ipsique
716 527 811 571 Deo
845 542 891 571 se
926 543 950 571 e
985 528 1164 606 regione
1198 528 1325 585 ponit
1359 528 1624 585 oppositum,
1659 529 1767 571 dum
1801 528 1842 572 ei
1861 546 1882 580 5

371 596 593 654 surripere
614 600 693 640 aut
713 598 882 654 eripere
906 598 1100 641 nititur
1088 612 1187 640 1ura
1207 612 1459 654 regnorum.
1519 598 1718 655 Dignum
1738 612 1844 655 ergo

371 664 463 708 fuit
491 669 544 709 ut
573 681 663 709 non
691 670 891 710 maneret
919 667 967 709 in
996 682 1048 710 eo
1069 667 1264 724 Spiritus
1291 667 1484 717 Domini,
1504 667 1580 724 qui
1610 682 1686 711 cor
1713 682 1846 711 suum

372 751 463 779 non
502 736 632 779 modo
671 737 975 780 habitaculum
1019 738 1095 780 sed
1136 740 1181 780 et
1220 739 1374 780 tantae
1413 738 1638 794 nequitiae
1678 737 1846 782 fecerat

374 805 730 850 fundamentum.
806 806 1069 863 Exagitauit
1109 821 1209 849 eum
1248 806 1400 862 itaque
1435 806 1619 863 spiritus
1653 821 1846 863 nequam

374 890 402 918 a
428 875 631 926 Domino,
652 878 698 918 et
725 890 781 918 ex
802 876 879 918 1110
899 879 1019 918 retro
1038 876 1176 918 fluere
1195 878 1242 918 et
1269 875 1413 918 indies
1433 875 1536 926 labi,
1556 876 1698 918 minui
1718 875 1844 933 regni
1865 895 1910 920 ιο

375 946 494 989 uires
527 948 777 1003 coeperunt,
809 946 928 989 salus
967 945 1119 1002 populi
1158 946 1386 996 fluctuare,
1417 946 1614 988 hostium
1653 946 1847 989 crebrior

376 1016 518 1058 maior
546 1016 791 1072 clariorque
821 1016 1009 1059 uictoria
1038 1018 1132 1058 tam
1162 1015 1279 1072 regis
1309 1030 1440 1072 quam
1472 1015 1625 1072 populi
1654 1015 1848 1058 ualidius

331 1083 361 1123 d
378 1085 549 1128 animos
583 1084 733 1142 fregit.
805 1085 909 1142 Ipse
947 1088 1098 1128 tamen
1141 1099 1242 1128 eum
1281 1085 1354 1128 cui
1393 1085 1611 1128 Dominus
1660 1099 1847 1142 regnum

376 1155 645 1204 firmauerat,
677 1155 1022 1197 exterminatum
1055 1155 1248 1197 habebat
1287 1169 1315 1196 a
1352 1154 1516 1197 finibus
1556 1154 1658 1197 suis.
1728 1153 1848 1207 Quid

376 1238 482 1281 ergo
530 1223 711 1266 tandem
761 1224 878 1281 cepit
931 1224 1133 1268 consilii?
1212 1223 1316 1266 Non
1364 1223 1520 1280 utique
1569 1225 1622 1266 ut
1660 1238 1848 1281 regnum
1868 1238 1909 1274 ¹5

376 1293 574 1336 traderet
594 1293 776 1344 meliori,
797 1297 850 1336 ut
869 1294 1147 1351 dispositioni
1172 1293 1363 1344 diuinae,
1385 1308 1498 1350 quae
1517 1293 1558 1337 ei
1579 1294 1849 1344 innotuerat,

376 1363 688 1420 adquiesceret,
709 1366 762 1406 ut
789 1363 1081 1420 penitentiam
1097 1365 1327 1406 anteactae
1354 1363 1475 1406 uitae
1499 1365 1651 1421 ageret
1678 1362 1849 1407 fructu·

376 1446 509 1475 osam.
584 1432 673 1475 Sed
712 1433 788 1489 qui
828 1433 1041 1476 aduersus
1088 1433 1330 1476 Dominum
1369 1433 1621 1476 calcaneum
1661 1433 1850 1476 tumoris

376 1502 611 1553 extulerat,
641 1502 853 1559 populum
884 1503 931 1545 in
961 1505 1134 1546 montes
1164 1502 1340 1556 Gelboe,
1363 1501 1441 1546 ubi
1471 1502 1722 1560 puniendus
1752 1504 1851 1546 erat

376 1575 423 1615 et
461 1572 736 1623 occidendus,
768 1572 925 1615 eduxit
969 1572 1018 1614 in
1061 1572 1291 1630 praelium.
1352 1573 1503 1617 Occidi
1543 1572 1762 1630 siquidem
1800 1572 1849 1615 in
1869 1584 1914 1610 πο

377 1644 526 1684 monte
556 1641 722 1691 debuit,
750 1642 826 1698 qui
856 1656 945 1684 non
975 1642 1061 1685 nisi
1092 1642 1185 1685 alta
1214 1643 1262 1685 in
1291 1643 1435 1700 seipso
1464 1643 1673 1700 respexit.
1733 1642 1852 1695 Quia

377 1726 483 1768 ergo
507 1726 607 1754 eum
635 1711 802 1754 ueritas
830 1711 927 1768 ipsa
953 1712 1158 1763 deseruit,
1178 1712 1236 1755 ad
1268 1711 1436 1755 fontem
1462 1712 1679 1756 mendacii
1710 1711 1851 1755 falsus

377 1784 423 1823 et
456 1780 634 1837 iniquus
674 1781 877 1837 princeps
916 1781 1130 1838 confugit.
1205 1781 1336 1824 Dixit
1375 1782 1526 1838 itaque
1560 1781 1701 1824 seruis
1732 1781 1851 1824 suis:

378 1849 589 1903 Quaerite
629 1850 762 1893 michi
803 1850 1033 1893 mulierem
1064 1850 1301 1893 habentem
1336 1850 1577 1907 phitonem,
1610 1853 1657 1894 et
1688 1850 1851 1894 uadam

377 1919 435 1961 ad
457 1934 552 1962 eam
574 1922 619 1962 et
639 1919 894 1962 sciscitabor
913 1934 993 1975 per
1013 1934 1122 1964 eam.
1182 1919 1301 1972 Quid
1321 1920 1444 1963 aliud
1464 1920 1652 1964 dixisset
1669 1920 1851 1978 gentilis
1871 1934 1913 1968 25

379 1988 583 2045 idemque
604 1988 828 2045 perfidus?
888 1988 1048 2032 Nonne
1068 1988 1186 2032 idem
1208 1992 1276 2032 est
1296 2004 1347 2033 ac
1367 1990 1405 2032 si
1426 1989 1571 2033 dicat:

221 2083 312 2131 466
333 2092 363 2122 a
516 2075 712 2118 Flectere
742 2075 778 2117 si
810 2090 979 2132 nequeo
1009 2090 1201 2132 superos,
1222 2075 1475 2119 Acheronta
1503 2076 1723 2120 mouebo'ss

380 2171 461 2211 aut
482 2167 752 2210 fidelioribus
773 2167 920 2210 uerbis
941 2171 986 2211 et
1014 2168 1225 2211 insaniori
1253 2168 1462 2225 perfidia:
1493 2168 1542 2211 Si
1571 2168 1704 2212 michi
1732 2168 1853 2212 Deus

381 2238 587 2281 notitiam
642 2237 867 2279 subtrahit
926 2237 1141 2287 ueritatis,
1191 2252 1288 2280 eam
1346 2240 1495 2281 tamen
1545 2252 1624 2294 per
1679 2241 1853 2295 patrem

381 2306 597 2350 mendacii
640 2321 691 2349 eo
731 2306 874 2348 inuito
913 2321 1184 2363 cognoscam,
1224 2309 1269 2349 et
1309 2307 1419 2350 uelit
1458 2307 1571 2350 nolit
1610 2307 1852 2350 archanum
1873 2329 1915 2363 30

381 2376 552 2420 consilii
594 2375 688 2418 eius
728 2389 806 2432 per
845 2378 1087 2432 potestates
1126 2376 1404 2419 aduersarias
1443 2376 1715 2433 explorabo?
1794 2375 1854 2420 Et

382 2446 595 2489 dixerunt
622 2445 739 2487 serui
768 2444 862 2487 eius
886 2445 942 2487 ml
971 2460 1097 2488 eum:
1140 2446 1220 2489 Est
1247 2445 1406 2488 mulier
1431 2446 1598 2489 habens
1625 2445 1852 2503 phitonem

382 2545 406 2581 6
431 2542 626 2589 subripere
644 2542 732 2578 GBS
869 2552 915 2579 20
940 2545 978 2579 et
995 2542 1226 2580 occidendus
1244 2546 1327 2581 erat
1346 2542 1411 2579 MS
1540 2553 1584 2591 25
1611 2543 1813 2582 scicitabor
1829 2543 1854 2581 S

382 2589 482 2636 eant]
500 2590 605 2626 illam
626 2590 663 2626 M

432 2687 476 2722 23
506 2679 611 2714 [Ji-rit
629 2679 722 2714 etc..
756 2687 766 2713 1
792 2676 883 2722 neg.
903 2676 1028 2713 xxviii.
1049 2686 1081 2723 7.
1267 2687 1309 2722 27
1340 2679 1490 2714 Flectere.
1508 2680 1607 2715 etc.:
1633 2678 1744 2725 Verg.
1762 2679 1854 2716 Aen.

384 2723 446 2761 vii.
468 2735 545 2769 312.
716 2734 770 2770 29,
791 2734 839 2770 30
862 2731 966 2770 patre
980 2727 1222 2762 nmendacii:
1251 2738 1282 2762 v.
1303 2726 1432 2763 lounn.
1452 2725 1527 2762 viii.
1546 2737 1580 2772 4.
1732 2735 1790 2773 31,
1808 2735 1852 2772 32

384 2773 433 2809 12·ae
450 2774 622 2808 dixerunt
638 2773 732 2809 ete:
768 2772 894 2819 llstg.
915 2771 1042 2809 xxviii.
1062 2782 1096 2819 7.

495 2852 559 2887 ¹50
