1994 3190
209 147 293 196 484
311 157 342 187 a
679 143 940 188 IOANNIS
980 126 1493 188 SARESBERIENSI'S
1632 143 1745 201 [Lm.
1760 150 1821 186 111

355 266 496 307 norat.
576 263 687 316 Quis
722 267 871 307 autem
906 278 995 307 non
1035 264 1190 317 rideat,
1230 279 1331 308 cum
1366 279 1499 322 agaso
1539 278 1628 307 non
1667 263 1821 307 tressis

354 333 589 376 titulorum
605 332 799 376 fascibus
815 337 1100 390 purpuratur,
1113 337 1159 377 et
1178 349 1267 377 non
1283 334 1377 377 sine
1392 348 1532 377 sanna
1547 337 1592 377 et
1607 333 1821 377 cachinno

355 401 632 444 audientium
653 402 843 445 Damma
862 403 1026 446 transit
1045 403 1092 445 in
1114 403 1323 446 Marcum.

819 483 987 539 Papae!
1030 484 1179 527 Marco
1209 483 1451 540 spondente
1482 497 1656 526 recusas

471 540 647 583 credere
677 543 730 584 tu
758 542 995 585 nummosi
1043 541 1192 584 Marco
1222 541 1305 584 sub
1334 541 1478 584 iudice
1508 541 1676 598 palles?
1839 558 1858 592 ⁵

472 599 649 642 Marcus
678 599 805 642 dixit.
865 599 939 642 Ita
969 602 1046 651 est,
1077 600 1264 657 assigna,
1296 599 1455 651 Marce,
1485 599 1683 641 tabellas.

355 678 437 721 Est
479 679 682 735 equidem
725 679 923 722 omnium
969 679 1188 736 captanda
1226 679 1526 722 beniuolentia
1566 693 1678 735 quae
1721 677 1822 721 fons

356 748 576 791 amicitiae
598 751 643 791 et
663 748 832 805 primus
851 749 1052 792 caritatis
1078 763 1335 806 progressus
1365 751 1457 801 est3
1487 748 1563 790 sed
1591 748 1822 791 honestate

308 823 339 861 b
357 817 578 868 incolumi,
591 817 831 860 officiorum
847 818 1020 869 studiis,
1035 818 1219 860 uirtutis
1232 818 1320 869 uia,
1335 817 1643 874 obsequiorum
1660 816 1822 868 fructu,

357 887 616 944 integritate
636 887 861 931 sermonis.
921 887 1044 930 Assit
1064 890 1109 930 et
1129 887 1238 930 fides
1258 887 1477 930 dictorum
1497 885 1663 929 scilicet
1684 885 1822 929 facto·
1841 903 1884 930 10

356 970 543 1012 rumque
573 956 834 1006 constantia,
859 958 904 998 et
933 957 1100 999 ueritas
1127 971 1239 1012 quae
1263 955 1505 999 officiorum
1532 958 1578 998 et
1607 955 1823 998 bonorum

356 1025 555 1067 omnium
596 1028 663 1068 est
711 1024 1069 1068 fundamentum.
1150 1025 1352 1068 Gratiam
1401 1025 1615 1068 bonorum
1658 1024 1735 1067 sed
1763 1026 1824 1067 *et

357 1095 566 1146 omnium,
580 1095 616 1137 si
637 1095 732 1137 fieri
753 1097 912 1151 posset,
924 1095 1070 1137 uirtus
1085 1095 1268 1151 appetit,
1281 1094 1357 1138 sed
1373 1095 1430 1137 ad
1445 1109 1542 1137 eam
1558 1094 1826 1151 dedignatur

356 1177 437 1220 per
465 1164 614 1206 sordes
643 1164 859 1208 accedere.
919 1163 1094 1207 Nobilis
1123 1165 1279 1221 utique
1302 1179 1372 1207 res
1399 1166 1466 1207 est
1490 1167 1535 1207 et
1562 1163 1750 1206 delicata
1780 1166 1826 1206 et

357 1247 470 1289 quae
489 1247 618 1275 omne
639 1233 757 1289 quod
777 1233 957 1276 dedecet
977 1236 1253 1290 aspernatur.
1312 1233 1468 1276 Omnis
1495 1233 1630 1276 etiam
1661 1232 1825 1290 species
1845 1253 1885 1288 15

357 1316 470 1359 quae
491 1316 547 1344 ex
573 1302 717 1358 seipsa
743 1317 833 1345 non
857 1302 975 1345 lucet
1001 1303 1042 1345 ei
1066 1305 1270 1360 suspecta
1295 1306 1375 1346 est.
1434 1302 1664 1359 Numquid
1686 1302 1827 1359 igitur

357 1371 575 1414 mentitur
610 1375 662 1414 ut
696 1371 903 1428 placeat?
964 1371 1196 1429 Numquid
1230 1372 1394 1415 bonum
1434 1371 1543 1415 dicit
1581 1371 1748 1414 malum
1781 1374 1827 1414 et

358 1440 525 1482 malum
553 1440 747 1484 bonqu
807 1441 1038 1498 Numquid
1069 1442 1271 1492 amicum,
1292 1441 1369 1498 qui
1397 1455 1555 1498 parum
1586 1455 1720 1483 sanus
1747 1443 1826 1491 est,

359 1509 547 1567 instigat
586 1512 638 1552 ut
674 1510 866 1567 amplius
906 1510 1043 1554 faciat
1082 1511 1307 1554 insanire?
1366 1510 1502 1553 Porro
1541 1524 1642 1553 cum
1681 1509 1825 1552 omnis

316 1592 341 1622 c
359 1579 600 1622 assentatio
620 1579 765 1636 turpis
786 1579 857 1630 sit,
878 1580 1163 1637 perniciosior
1182 1583 1250 1623 est
1276 1594 1376 1623 cum
1406 1579 1463 1622 ad
1492 1579 1824 1622 subornandum
1843 1599 1886 1623 ιο

357 1648 520 1690 uitium
541 1663 751 1705 personae
764 1648 835 1691 uel
852 1652 1038 1692 naturae
1054 1649 1126 1692 uel
1141 1649 1374 1707 dignitatis
1389 1649 1558 1692 accedit
1573 1648 1824 1692 auctoritas.

358 1717 530 1774 Nempe
547 1718 795 1775 philosophi
811 1718 1038 1775 probabile
1058 1718 1213 1762 dicunt
1233 1718 1350 1776 quod
1367 1718 1573 1760 uideatur
1592 1717 1664 1760 uel
1685 1716 1827 1760 omni-

358 1786 442 1829 bus
473 1786 544 1829 uel
580 1787 782 1844 pluribus
814 1791 894 1830 aut
925 1788 1268 1845 sapientioribus
1303 1791 1384 1830 aut
1418 1787 1536 1844 quod
1569 1786 1615 1829 in
1648 1786 1849 1844 propria-

360 1855 573 1899 facultate
593 1856 765 1900 artifici.
825 1855 873 1899 Si
901 1871 1006 1913 ergo
1031 1857 1293 1914 sapientiam
1321 1856 1532 1913 cuiusque
1558 1856 1684 1899 Plato
1709 1870 1824 1899 com-

360 1924 538 1968 mendet
570 1929 650 1967 aut
691 1924 905 1975 Socrates,
941 1926 1195 1969 Aristotiles
1233 1940 1417 1969 acumen
1458 1925 1637 1982 ingenii,
1672 1924 1825 1969 Cicero
1844 1943 1886 1979 ²5

357 1994 531 2038 dicendi
552 1994 734 2051 copiam,
755 1995 1093 2039 mathematicae
1114 1996 1312 2038 studium
1328 1995 1568 2053 Pitagoras‚
1584 1998 1826 2038 metrorum

358 2063 598 2106 uarietates
650 2063 842 2118 Flaccus,
885 2064 1006 2107 Naso
1057 2065 1286 2108 leuitatem
1335 2064 1628 2114 uersificandi,
1668 2063 1824 2121 quidni

357 2131 538 2176 credat?
598 2132 801 2176 Subeunt
831 2133 949 2176 enim
980 2134 1111 2178 citius
1141 2137 1186 2178 ct
1217 2134 1378 2177 fortius
1406 2133 1604 2191 singulos
1629 2132 1828 2177 fomenta

358 2202 585 2255 uitiorum,
1420 2236 1595 2294 magnis
1845 2248 1889 2282 30

591 2308 690 2337 cum
721 2294 913 2338 subeunt
944 2295 1114 2338 animos
1143 2295 1409 2339 auctoribus.

361 2396 382 2423 2
408 2385 624 2422 chachinno
642 2386 666 2421 8
822 2397 842 2432 3
868 2387 1007 2423 damna.
1026 2387 1076 2423 B:
1103 2388 1268 2434 dampna
1285 2387 1323 2423 M
1483 2397 1526 2423 ιο
1551 2387 1642 2423 fides
1659 2389 1698 2424 et
1717 2386 1828 2424 0¹BA

362 2444 408 2470 20
438 2433 746 2470 aubhornandum
775 2432 799 2470 S
937 2435 1348 2508 „eigonffnffffiffmthica⁰
1374 2434 1427 2471 C:
1461 2435 1732 2472 matemathice
1769 2435 1827 2473 BS

362 2514 472 2598 ἔξω
524 2526 582 2551 ra·
614 2513 638 2551 8
876 2524 920 2560 27
959 2515 1155 2552 leuitatem
1190 2515 1298 2553 CAS:
1340 2515 1540 2554 leuitatem
1573 2516 1636 2553 uel
1670 2515 1830 2553 facilitar

363 2623 562 2689 ’Th-ymo
579 2656 652 2680 non
670 2647 808 2679 trema:
838 2643 936 2681 Pom.
957 2644 1031 2679 Sat.
1052 2656 1083 2679 v.
1105 2645 1161 2689 76.
1323 2655 1344 2689 4
1371 2646 1493 2690 Papae
1511 2646 1605 2681 etc.:
1633 2644 1732 2681 Pers.
1753 2645 1826 2681 Sat.

361 2703 394 2727 v.
415 2694 543 2737 79—81.
673 2702 715 2727 22
739 2692 924 2737 probabile
941 2694 1035 2727 cte:
1063 2703 1093 2727 v.
1114 2692 1173 2727 Ar.
1197 2692 1281 2737 Top.
1300 2691 1324 2727 i.
1348 2702 1360 2728 1
1385 2694 1480 2739 (100.
1502 2694 1521 2727 b
1539 2702 1579 2728 21
1597 2695 1715 2738 seqq.)
1735 2693 1827 2737 (non

361 2743 488 2775 tumen
520 2737 680 2775 totidem
710 2739 830 2775 verbis
856 2749 901 2774 ex
928 2739 1077 2775 Boethii
1107 2738 1304 2785 versione).
1483 2749 1526 2784 27
1553 2740 1733 2776 leuitatem
1761 2752 1768 2775 :
1794 2750 1826 2776 v.

361 2786 469 2824 Ovid.
498 2788 607 2822 'lv-iae.
624 2786 803 2835 iv.10.25,
821 2788 875 2823 26.
951 2797 997 2834 30
1024 2789 1163 2833 maqm‘e
1174 2789 1269 2823 etc.:
1297 2786 1374 2824 Iuv.
1387 2788 1462 2824 Sat,
1476 2786 1548 2823 xiv.
1563 2797 1620 2833 32,
1629 2796 1684 2833 33.

476 2859 536 2891 182
