1994 3190
264 163 339 205 ⁵77
359 164 385 194 c
622 151 624 153 ’
733 151 935 196 IOANN
937 150 996 194 IS
1037 149 1551 194 SARESBERIENSIS
1723 148 1833 210 [ms.
1847 160 1878 195 v

410 271 651 315 monachus
684 274 730 314 et
763 273 1017 314 sanctorum
1049 269 1234 314 Cosmae
1265 273 1311 314 et
1341 270 1550 314 Damiani
1584 270 1795 314 diaconus
1833 273 1880 314 et

365 347 394 387 d
411 341 648 385 cardinalis
675 341 839 383 Romae
859 340 1023 398 degens
1049 340 1097 383 in
1124 340 1306 383 excelsis
1332 340 1618 398 singulariter
1644 340 1880 391 habitauit,

412 410 641 454 excutiens
667 424 826 452 manus
853 424 955 452 suas
984 409 1042 452 ab
1068 409 1189 452 omni
1221 424 1413 461 munere,
1442 413 1496 452 ut
1523 410 1721 453 nondum
1747 412 1881 452 natus

410 480 471 523 sit
502 479 628 523 cuius
654 493 813 522 aurum
842 479 915 522 uel
944 482 1180 536 argentum
1209 479 1257 521 in
1286 493 1448 522 munus
1477 479 1704 536 acceperit.
1762 477 1882 532 Quid

411 549 603 592 referam
634 549 890 599 Martinam,
921 549 998 605 qui
1029 551 1184 592 contra
1212 563 1378 591 morem
1408 563 1436 591 a
1465 548 1684 606 legatione
1714 562 1884 605 pauper
1901 566 1920 600 5

412 619 597 669 rediens,
630 633 731 662 cum
771 618 828 661 ab
862 618 1064 675 episcopo
1099 617 1355 661 Florentino
1389 632 1552 674 equum
1586 618 1702 661 socio
1736 632 1882 661 neces-

378 705 384 711 ·
411 688 578 732 sarium
628 702 792 745 magna
839 687 1091 744 compulsus
1140 686 1358 729 instantia
1405 686 1655 743 accepisset,
1696 687 1898 743 eundem,

413 757 612 801 restituit
650 756 868 807 donatori,
907 771 963 799 ex
1003 770 1091 813 quo
1130 770 1231 798 eum
1271 755 1328 798 ab
1373 755 1504 798 initio
1547 755 1641 798 dati
1689 755 1886 799 muneris

414 841 592 870 causam
612 826 660 869 in
681 826 881 869 Romana
901 825 1082 869 ecclesia
1101 824 1405 867 uentilandam
1427 824 1632 868 habuisse
1647 825 1886 883 cognouit?

416 895 547 949 Quod
576 899 622 939 et
651 895 826 953 plenius
856 898 1036 938 sanctus
1067 894 1319 937 Bernardus
1359 893 1699 938 Clar‘euallensis
1738 894 1886 946 abbas,
1906 911 1948 935 10

418 966 494 1022 qui
516 979 617 1008 eum
644 964 884 1022 perfectius
910 967 1108 1015 nouerat,
1128 963 1267 1006 refert
1289 963 1340 1035 in
1363 962 1476 1006 libro
1501 963 1735 1006 doctrinali
1755 978 1887 1020 quem

419 1034 477 1078 ad
511 1037 714 1078 sanctum
748 1033 997 1090 Eugenium
1029 1033 1084 1075 de
1119 1031 1502 1089 Contemplatione
1531 1033 1604 1076 uel
1628 1032 1888 1076 Considera·

419 1105 540 1147 tione
580 1103 747 1147 scribit.
827 1103 967 1146 Taceo
1007 1102 1126 1159 quod
1168 1102 1435 1146 uenerabilis
1473 1105 1602 1159 pater
1645 1101 1890 1146 Gaufridus

421 1173 709 1218 Carnotensis
729 1172 903 1230 legatus
930 1172 1199 1229 Aquitaniae
1225 1171 1564 1228 prouincialium
1590 1186 1776 1215 munera
1801 1186 1891 1215 non

421 1242 597 1299 recepit,
631 1242 718 1285 nisi
757 1242 805 1284 in
843 1256 977 1285 causa
1015 1240 1227 1285 esculenti
1262 1243 1307 1284 et
1345 1241 1568 1298 poculenti
1601 1244 1646 1284 et
1676 1241 1758 1285 hoc
1789 1255 1890 1286 cum
1910 1256 1950 1291 15
1987 1277 1991 1280 ,

426 1338 450 1397 1¹
462 1364 543 1405 post
559 1357 742 1394 diaconus
757 1369 825 1394 om.
843 1358 881 1394 et
899 1355 964 1392 SM
1110 1365 1124 1392 1
1135 1365 1149 1392 1
1177 1354 1287 1392 nouit
1303 1355 1336 1392 A

424 1462 658 1499 Ber-nardum
692 1461 953 1498 Redonensem
986 1458 1128 1495 iterum
1161 1458 1211 1495 ob
1243 1461 1506 1507 contemptum
1539 1460 1727 1506 pecuniae
1760 1461 1894 1499 laudat

426 1510 588 1547 Ioannes
598 1509 701 1545 infra
711 1508 758 1544 vi.
768 1518 813 1553 24
826 1509 911 1553 (624
922 1507 974 1553 c).
1006 1506 1180 1543 Mortuus
1194 1509 1252 1544 est
1263 1519 1299 1544 a.
1311 1517 1325 1544 1
1334 1516 1400 1554 154
1412 1507 1481 1555 (De
1490 1508 1571 1545 Mas
1582 1508 1707 1546 Latrie
1718 1508 1894 1547 loc.cit.l.

425 1568 447 1593 2
467 1560 508 1593 in
521 1559 667 1593 excelsis
678 1558 862 1592 habitauit
874 1557 945 1592 etc.
961 1566 970 1591 ε
994 1566 1026 1591 v·
1042 1554 1111 1590 Isa-
1126 1554 1257 1591 xxxiii.
1275 1563 1327 1601 15,
1343 1556 1397 1591 16.
1497 1564 1515 1602 5
1533 1557 1759 1593 Martinam:
1782 1556 1895 1594 Pauli

427 1605 498 1642 loc.
521 1616 637 1651 supra
660 1604 724 1640 cit.
748 1602 957 1639 ‘Martinus
977 1602 1176 1649 presbyter
1197 1602 1296 1639 card.
1323 1601 1358 1638 S.
1376 1601 1562 1648 Stephani
1579 1603 1620 1639 in
1643 1603 1745 1640 Celio
1764 1606 1894 1642 monte

427 1652 492 1699 qui
511 1651 727 1688 Innocentii
746 1650 816 1698 [II]
833 1649 930 1687 actis
946 1661 970 1686 a
986 1660 1031 1695 23
1051 1649 1132 1685 Ian.
1153 1660 1167 1686 1
1178 1659 1242 1695 133
1259 1661 1377 1695 usque
1393 1650 1441 1686 ad
1462 1660 1505 1696 19
1521 1650 1600 1688 Mai
1616 1651 1838 1698 subscripsit
1855 1654 1895 1690 81

427 1713 460 1736 a.
489 1709 579 1745 1134
603 1698 760 1736 ineunte
783 1697 978 1744 legatione
999 1696 1040 1732 in
1062 1708 1221 1743 regnum
1246 1695 1441 1733 Danorum
1465 1697 1686 1743 perfunctus
1709 1701 1790 1736 est!
1838 1698 1895 1738 De

428 1748 500 1784 hac
519 1746 710 1793 legatione
725 1746 773 1782 cf.
788 1744 998 1782 Bernhardi
1011 1746 1151 1781 Lothar
1164 1755 1232 1780 von
1248 1745 1497 1791 Supplinburq
1510 1745 1624 1792 (Lips.
1642 1747 1747 1793 1879)
1763 1759 1800 1794 p.
1814 1749 1896 1793 489.

432 1793 647 1831 Genuensis
663 1795 746 1830 erat
764 1791 962 1835 Martinus,
982 1803 1002 1828 e
1027 1790 1175 1827 familia
1191 1791 1378 1828 Cibonum
1395 1794 1523 1839 ortus;
1550 1795 1745 1839 promotus
1766 1797 1826 1831 est
1847 1794 1897 1832 ad

429 1840 751 1888 card.presbyteri
767 1840 804 1876 d·
861 1839 996 1876 itatem
1009 1838 1057 1875 ab
1071 1838 1296 1876 Innocentio
1313 1839 1351 1875 11
1364 1838 1454 1876 circ.
1468 1852 1501 1876 a.
1518 1851 1620 1886 1130.
1653 1841 1826 1878 Mortuus
1839 1843 1898 1880 est

430 1889 564 1927 circ.a.
582 1899 689 1933 1144;
707 1901 738 1924 v.
750 1887 804 1925 De
859 1898 899 1923 as
915 1885 1041 1923 Latris
1061 1887 1189 1922 Τνέεον
1203 1888 1246 1922 de
1266 1888 1497 1933 Chronoloqie
1509 1900 1546 1934 p.
1563 1890 1663 1934 1184.
1703 1891 1899 1935 leyatione:

432 1937 473 1973 in
499 1935 619 1973 Dacia
644 1935 709 1974 i.e.
734 1934 859 1972 Dania
883 1945 955 1971 sec.
982 1933 1020 1970 S.
1043 1933 1279 1971 Boi-nardum
1306 1934 1376 1971 loc.
1401 1934 1504 1972 infra
1528 1935 1594 1972 cit.
1689 1937 1713 1974 6
1738 1938 1900 1984 episcopo

430 1985 663 2021 Florentino:
702 1982 727 2020 i.
738 1994 771 2019 8.
798 1981 995 2018 Gotifredo
1027 1981 1073 2018 de
1106 1981 1378 2027 Contalbertis,
1406 1982 1470 2029 qui
1499 1983 1598 2020 sedit
1625 1995 1659 2021 a.
1691 1993 1900 2030 1113-1142

434 2033 482 2076 (v.
516 2030 674 2078 Ugheui
698 2031 784 2066 Ital.
810 2031 910 2066 Sacr.
937 2028 992 2065 iii.
1021 2030 1042 2064 8
1080 2031 1209 2083 seqq.).
1262 2041 1411 2075 equum:
1491 2042 1510 2066 ο
1534 2032 1642 2067 Pisas
1667 2031 1732 2067 ubi
1757 2042 1903 2069 eramus

433 2085 519 2115 tunc
543 2083 732 2125 peruectus
758 2082 808 2113 est
838 2076 1018 2114 Ber-nard.
1065 2087 1122 2112 oc.
1152 2076 1254 2113 infra
1281 2076 1347 2113 cit.
1404 2077 1437 2112 A
1491 2077 1694 2115 concilium
1723 2078 1902 2116 Pisanum

434 2126 482 2163 ab
520 2124 742 2162 Innocentio
776 2124 813 2160 11
846 2135 878 2160 a.
916 2134 1005 2170 1134
1036 2123 1210 2160 habitum
1243 2123 1395 2171 respicit
1428 2125 1466 2162 S.
1499 2125 1724 2171 Bernardus,
1754 2138 1829 2173 quo
1860 2126 1903 2164 in

434 2172 596 2211 concilio
618 2172 758 2210 iterum
783 2170 1129 2209 excommunicatus
1153 2173 1211 2208 est
1236 2171 1371 2208 Petrus
1393 2172 1529 2210 Leonis
1550 2172 1675 2210 dictus
1696 2172 1903 2212 Anacletus

435 2220 643 2267 antipapa5
676 2232 710 2256 v.
740 2219 793 2257 De
824 2219 904 2255 Mas
933 2217 1058 2255 Latris
1093 2219 1222 2255 Trdsor
1245 2221 1288 2255 de
1320 2221 1552 2266 Chronoloyie
1577 2233 1614 2268 p.
1636 2231 1735 2267 1293.
1859 2232 1899 2260 11

437 2270 546 2316 refert
576 2270 674 2305 etc.:
709 2279 742 2303 v.
773 2266 957 2303 Bet-nard.
982 2268 1025 2302 de
1054 2267 1347 2303 Consideraewne
1374 2266 1421 2307 iv.
1453 2277 1470 2314 5
1499 2267 1517 2315 ᾗ
1550 2279 1589 2315 13
1617 2268 1764 2316 (Migne
1793 2270 1835 2306 P.
1860 2270 1903 2306 L.

437 2314 592 2352 clxxxii.
617 2316 696 2370 782.
724 2316 768 2359 78
797 2316 823 2358 ).
954 2323 1006 2367 13.
1032 2323 1074 2358 14
1111 2314 1316 2359 Gausru'dus
1351 2315 1605 2353 Gamzotenmb:
1642 2314 1844 2354 (laufridus
1866 2315 1905 2354 11

437 2364 483 2399 de
514 2362 650 2411 Leugu
677 2361 739 2408 (de
819 2362 895 2407 veo)
925 2372 1124 2408 spucopus
1150 2361 1390 2399 Carnotensis
1417 2365 1504 2409 post
1531 2362 1679 2400 obitum
1713 2363 1751 2400 S.
1779 2363 1905 2401 lvonis

438 2411 583 2449 electus
608 2421 643 2446 a.
676 2410 776 2446 1116.
826 2408 883 2445 Ab
913 2407 1137 2445 Innocentio
1167 2408 1202 2444 ΙΙ
1233 2409 1380 2455 legatus
1406 2409 1503 2448 sedis
1529 2410 1761 2457 apostolicae
1793 2423 1906 2458 super

439 2456 725 2500 Bituricenoem.
756 2454 1083 2503 Burdigalensem.
1110 2454 1367 2492 Turonensem
1397 2459 1435 2495 81
1466 2457 1668 2495 nolensem
1693 2458 1907 2505 provinciae

439 2505 638 2542 institutus
665 2506 732 2541 881.
789 2502 959 2541 Concilio
986 2503 1120 2539 Pisano
1147 2516 1180 2540 a.
1215 2514 1303 2550 1134
1332 2503 1522 2542 interfuit.
1579 2506 1751 2543 Mortuus
1783 2508 1840 2543 881
1871 2517 1904 2543 a.

443 2554 544 2597 1148.
595 2551 649 2589 Ι)8
675 2550 742 2588 illo
766 2550 919 2588 consule
946 2552 1039 2586 Gall.
1070 2551 1267 2588 Chr-isefon.
1292 2551 1370 2587 viii.
1400 2562 1603 2599 1134-1141
1632 2553 1707 2598 (ed.
1736 2564 1749 2590 1
1780 2554 1841 2599 44)
1867 2554 1907 2591 81

440 2598 642 2637 Abaclardi
665 2600 763 2636 Hm.
791 2599 1049 2652 calamitatuni
1069 2610 1099 2635 c.
1142 2598 1232 2652 ·(ed.
1249 2598 1398 2637 Cousin.
1418 2599 1443 2636 i.
1467 2612 1532 2654 pp.
1550 2601 1695 2646 20—22).
1744 2562 1907 2639 fixntant

442 2659 461 2685 8
494 2646 628 2684 1110188
646 2646 694 2683 ab
712 2646 842 2684 eodem
861 2648 1022 2700 ocnptae
1040 2657 1079 2682 111
1151 2658 1229 2700 gne
1248 2647 1287 2683 Ρ.
1307 2648 1347 2683 L.
1368 2646 1512 2683 clxxiu.
1534 2658 1635 2693 1413,
1653 2647 1805 2685 clxxxii.
1822 2650 1903 2695 694.

443 2706 462 2732 c
483 2694 604 2731 xxxvi.
627 2703 726 2740 1399.
777 2693 882 2730 Illius
900 2696 1016 2730 81111111
1041 2696 1273 2730 111811110118111
1300 2693 1448 2731 faciunt
1470 2694 1729 2732 Bollandistae
1747 2694 1788 2732 in
1806 2697 1907 2732 Actio

443 2745 503 2778 SS.
526 2741 626 2778 inter
648 2740 925 2788 praetermissos
949 2749 990 2786 25
1012 2740 1090 2778 Ian,
1108 2742 1147 2778 81
1168 2751 1179 2777 1
1206 2740 1293 2778 Feb.
1441 2752 1481 2787 14
1507 2743 1644 2788 ἱεραιαε
1660 2745 1903 2790 Aquitaniae:

444 2789 495 2827 of.
511 2791 550 2826 S.
569 2790 755 2826 Ber-nardi
778 2790 843 2825 Va't.
863 2787 931 2825 1¹⁴⁸
949 2787 990 2825 ii.
1008 2790 1030 2826 6
1049 2788 1194 2835 (Migne
1212 2790 1252 2826 Ρ.
1271 2790 1313 2827 L.
1332 2789 1477 2826 clxxxv.
1496 2790 1563 2828 286
1574 2794 1707 2837 seqq).

557 2860 619 2902 3⁴⁸
