1994 3190
177 167 276 201 OAP.
290 154 382 216 xn]
686 153 1124 200 POLICRATICVS
1663 160 1746 201 502
1764 149 1794 190 d

175 275 411 319 mulierum
431 275 560 319 fucus
580 275 687 318 dum
716 274 846 331 argui
873 277 1055 317 ueretur
1074 289 1102 317 a
1121 274 1300 327 lumine,
1319 276 1434 332 petit
1452 276 1651 329 umbras,

176 347 222 388 et
261 345 390 387 timet
430 359 486 387 ne
526 343 681 400 seipsis
721 342 1009 385 deformiores
1045 343 1149 395 sint,
1183 344 1222 386 si
1261 344 1519 388 immediata
1552 346 1649 388 luce

175 412 425 456 uidentium
446 412 678 455 obtutibus
705 413 900 468 pateant.
962 411 1058 454 Hoc
1089 426 1193 468 ergo
1213 412 1390 455 illarum
1418 416 1514 457 tota
1533 415 1648 472 uigi-
1668 421 1752 461 503
1772 422 1802 451 a

175 481 316 525 1311113
357 481 542 538 quaerit,
572 483 625 524 ut
664 480 782 538 quod
822 495 912 523 non
952 483 1021 523 est
1061 480 1108 522 in
1149 481 1212 523 eis
1246 483 1497 537 praestricti
1532 484 1647 527 oculi

138 569 157 603 5
175 551 372 603 uideant,
397 553 442 594 et
471 550 548 607 qui
578 550 735 593 uident
767 549 855 592 ceci
884 549 1009 592 fiant.
1076 549 1140 591 At
1169 549 1217 591 in
1247 550 1317 592 his
1349 565 1461 606 quae
1491 552 1648 596 natiuo

175 618 317 664 colo're
337 619 577 672 confidunt,
598 619 728 676 longe
748 618 880 661 aliter
900 620 980 670 est,
1001 618 1108 675 quia

291 712 399 755 haec
429 714 550 754 amat
579 711 827 762 obscurum,
857 710 979 753 uolet
1009 710 1116 752 haec
1146 709 1230 752 sub
1259 709 1356 752 luce
1385 710 1542 764 uideri,

291 770 449 813 iudicis
478 771 689 827 argutum
720 783 832 826 quae
862 783 951 811 non
983 767 1197 811 formidat
1226 782 1423 811 acumen.

176 861 300 905 Licet
312 861 462 918 itaque
477 863 742 904 secretorum
758 859 1007 903 communio
1019 858 1188 916 aliquid
1202 858 1430 902 felicitatis
1442 859 1650 903 uideatur

117 948 160 974 10
176 931 359 983 adicere,
394 930 623 974 securitati
663 932 814 973 tamen
847 929 1090 986 plurimum
1130 928 1280 971 demit.
1340 928 1529 972 Difficile
1568 934 1649 973 aut

175 1000 325 1058 potius
367 999 637 1056 impossibile
677 1002 745 1042 est
785 998 883 1042 illos
922 1012 1190 1056 percurrere,
1230 997 1307 1054 qui
1350 998 1432 1041 hac
1472 998 1549 1041 uia
1590 999 1647 1041 ad

176 1069 343 1112 inferos
370 1068 690 1113 descenderunt
723 1071 804 1112 aut
827 1068 953 1126 penis
979 1067 1233 1111 nouissimis
1263 1082 1310 1110 se
1333 1067 1648 1125 ingemuerunt

176 1139 367 1183 affectos.

349 1230 452 1273 Heu
480 1229 615 1273 michi
644 1243 724 1273 cur
752 1228 860 1282 uidi,
890 1242 970 1273 cur
998 1228 1135 1272 noxia
1163 1228 1335 1272 lumina
1364 1227 1475 1272 fecit

119 1337 160 1374 ¹5
177 1322 324 1380 inquit
353 1322 440 1374 ille,
470 1322 547 1378 qui
577 1336 634 1364 an
666 1322 721 1365 de
752 1322 1020 1366 conscientia
1049 1321 1183 1365 alieni
1213 1336 1272 1364 an
1302 1321 1470 1379 proprii
1501 1323 1647 1380 operis

176 1406 295 1436 noxa
315 1391 665 1448 deportationem
686 1391 910 1443 meruerit,
926 1391 1144 1434 incertum
1166 1394 1244 1434 est.
1290 1390 1474 1436 Certum
1494 1394 1645 1434 tamen
1663 1396 1693 1436 b

177 1463 248 1518 est
273 1461 391 1518 quod
420 1460 539 1503 mala
568 1460 713 1503 aliena
741 1460 917 1504 nouisse
951 1475 1040 1503 non
1076 1460 1268 1518 expedit.
1329 1461 1647 1504 Verumtamen

177 1530 272 1574 siue
306 1530 504 1575 sciantur
542 1530 636 1572 siue
671 1544 773 1580 non,
807 1530 945 1573 nichil
977 1530 1121 1573 tutius
1155 1532 1223 1573 est
1254 1544 1388 1587 quam
1423 1531 1649 1587 propriam

178 1600 474 1644 innocentiam
490 1613 761 1643 conseruare.
808 1599 1101 1656 Philosophus
1117 1599 1178 1643 sic
1195 1600 1313 1643 inter
1328 1599 1477 1643 hostes
1492 1599 1646 1642 uiuen-

55 1700 64 1708 .
119 1686 162 1712 ao
179 1669 285 1712 dum
305 1668 477 1712 censuit
497 1672 724 1725 tamquam
746 1669 865 1712 inter
883 1669 1059 1721 amicos,
1080 1672 1126 1712 et
1145 1669 1264 1713 inter
1283 1669 1447 1713 amicos
1470 1684 1521 1713 ac
1540 1668 1578 1712 81
1599 1668 1647 1711 111

178 1738 334 1782 mediis
353 1738 555 1782 hostibus
575 1738 805 1782 uiueretur
822 1753 831 1790 ;
861 1741 906 1781 et
926 1738 1154 1782 satiricus:

294 1835 547 1879 Viuendum
578 1838 695 1879 recte
719 1850 819 1879 011111
851 1838 1033 1892 propter
1061 1835 1266 1893 plurima,
1296 1838 1404 1880 tunc
1433 1836 1504 1879 his

293 1895 526 1952 praecipue
556 1894 710 1944 causis,
739 1897 792 1936 ut
821 1893 998 1950 linguas
1027 1894 1347 1951 mancipiorum

293 1956 590 2010 contempnas,
619 1967 724 1995 nam
753 1952 908 2009 lingua
937 1952 1043 1994 mali
1074 1966 1177 2010 pars
1207 1952 1396 2010 pessima
1425 1953 1556 1997 serui.

115 2066 165 2104 η
181 2048 269 2093 Sed
297 2063 386 2093 non
415 2049 545 2092 modo
579 2051 762 2106 propter
794 2048 971 2106 linguas
1007 2062 1248 2099 seruorum,
1277 2062 1434 2091 uerum
1469 2052 1652 2106 propter

163 2119 350 2185 ’gladios
369 2122 414 2162 et
437 2133 610 2162 uenena
639 2120 873 2175 potentum
906 2120 951 2161 et
976 2118 1160 2161 insidias
1186 2118 1396 2169 omnium,
1416 2122 1651 2177 praecepto

181 2187 347 2231 satirici
366 2188 610 2245 parendum
630 2190 711 2232 est.

183 2321 201 2350 1
229 2312 337 2359 argui
355 2312 522 2360 uei-etur]
548 2312 723 2360 arguitur
741 2313 806 2352 M:
832 2315 1054 2360 argueretur
1074 2315 1177 2361 Cyn:
1202 2315 1419 2360 arguuntur
1433 2316 1570 2358 forsan
1594 2313 1648 2349 M¹

185 2359 228 2396 16
253 2359 391 2396 meruit
408 2360 447 2396 M
649 2371 691 2406 19
716 2361 975 2408 Phylosophus
992 2361 1032 2397 M
1232 2372 1278 2398 22
1304 2361 1407 2407 cum]
1424 2363 1508 2398 tum
1525 2361 1648 2398 CBAS

181 2406 291 2453 tunc]
309 2408 391 2443 tum
407 2407 447 2443 M
588 2417 631 2453 27
658 2409 887 2455 parcendum
905 2409 946 2444 M

232 2520 250 2558 5
275 2514 339 2558 qui
354 2514 479 2548 uident
495 2514 563 2549 ceci
575 2515 700 2559 fiant:
729 2513 862 2551 Ioann.
879 2514 931 2550 ix.
950 2525 1007 2560 39.
1172 2524 1192 2558 7
1219 2516 1305 2551 haec
1320 2521 1420 2551 amat
1435 2518 1532 2552 etc.:
1559 2516 1648 2553 Hor.

182 2561 229 2596 Α.
248 2560 288 2595 P.
308 2560 386 2604 363,
406 2561 484 2604 364.
635 2571 677 2605 14
699 2563 783 2597 Heu
806 2564 916 2598 michi
940 2565 1034 2599 etc:
1063 2562 1126 2598 Ov.
1148 2564 1256 2599 Trist.
1273 2562 1313 2598 11.
1335 2573 1399 2608 103
1425 2575 1492 2598 cur
1506 2565 1649 2610 aliquid

182 2608 295 2643 uidi?
319 2618 385 2642 cur
404 2608 516 2642 noxia
541 2608 679 2644 lumina
693 2610 771 2654 feci
785 2611 803 2644 Ρ
963 2620 1006 2654 19
1030 2611 1288 2657 Philosophus:
1323 2622 1372 2646 sc.
1391 2610 1499 2654 Bias;
1525 2623 1556 2647 v.
1572 2610 1647 2647 cic.

183 2656 226 2690 de
248 2655 394 2689 Amicit.
417 2655 459 2689 16
485 2654 502 2698 ξ
525 2663 579 2700 59,
595 2654 678 2692 Val.
696 2655 797 2693 Max.
814 2655 877 2692 vii.
898 2667 919 2703 3
945 2659 1022 2694 ext.
1042 2668 1077 2703 3.
1244 2668 1290 2694 22
1322 2659 1524 2694 Viuendum
1549 2661 1647 2696 etc.:

184 2701 263 2738 Iuv.
279 2702 354 2737 Sat.
370 2700 421 2736 ix.
440 2702 609 2738 118-121.

1476 2870 1539 2903 ²¹5
