1994 3190
202 177 300 211 cAP.
320 164 443 226 xxn]
718 163 1159 208 POLICRATICVS
1682 175 1764 216 450
1783 164 1820 204 d·

203 285 480 343 praeteriisse
508 282 717 340 quicquid
737 282 966 340 praeteriti
986 284 1197 340 temporis
1224 285 1501 342 significatur
1523 283 1672 334 uerbo,

203 356 249 397 et
278 353 381 396 licet
410 352 727 409 praedestinati
756 351 849 394 sint
877 351 1020 401 multi,
1045 365 1135 393 non
1164 352 1263 395 ideo
1293 368 1381 409 qua
1410 354 1536 397 electi
1567 356 1674 397 sunt

202 422 433 480 praeteriit
466 420 822 478 praedestinatio.
898 419 957 462 Et
995 420 1199 476 quamuis
1233 436 1323 464 non
1354 422 1672 479 praedestinati

203 506 296 534 esse
345 491 526 547 possint,
575 490 742 547 poterit
789 488 959 545 aliquid
1009 488 1126 544 quod
1175 491 1466 546 praeteritum
1516 493 1575 535 sit
1616 506 1672 534 ne

165 579 184 613 5
203 560 483 618 praeterierit
521 559 730 602 reuocari.
810 558 931 601 Nota
979 558 1198 614 siquidem
1246 560 1674 615 praedestinationis,

203 644 477 687 quocumque
503 628 630 671 uerbi
659 642 763 671 casu
787 627 940 677 utaris,
962 630 1179 684 quantum
1206 627 1254 669 in
1284 643 1335 670 eo
1365 632 1443 678 est,
1469 628 1674 672 futurum

202 713 336 755 quam
370 697 661 755 praeteritum
695 696 844 754 potius
876 696 1036 753 signat,
1073 699 1118 739 et
1151 710 1251 738 eum
1287 696 1342 738 de
1378 711 1465 753 quo
1499 698 1674 749 dicitur,

203 768 289 811 nisi
319 768 408 810 iam
439 766 535 810 fore
565 766 768 816 suaserit,
793 765 962 807 indicat
982 779 1075 807 esse
1097 765 1374 809 saluandum.
1437 766 1518 809 Est
1544 768 1674 818 enim,

203 839 257 880 ut
291 836 377 879 dici
412 836 535 887 solet,
568 835 755 878 uerbum
795 833 1046 884 fecundum,
1082 837 1127 876 et
1166 834 1213 876 in
1252 849 1299 877 se
1337 849 1511 892 semper
1549 837 1675 878 uerbi

146 923 189 947 10
204 905 389 950 alterius
428 904 769 961 intelligentiam
809 903 987 946 claudit.
1057 902 1160 946 Non
1200 903 1352 960 itaque
1386 907 1557 946 motum
1597 904 1676 946 ali-

205 989 336 1032 quem
382 973 731 1031 praedestinanti
778 972 954 1030 ingerit,
993 972 1070 1016 sed
1114 973 1154 1015 ei
1202 973 1278 1030 qui
1318 973 1559 1016 saluandus
1599 977 1677 1024 est,

204 1043 436 1101 primitiua
470 1043 745 1100 disponentis
791 1042 875 1085 Dei
918 1042 1077 1099 gratia,
1116 1045 1268 1099 patere
1315 1043 1474 1085 asserit
1512 1043 1677 1086 ostium

206 1112 363 1156 salutis
397 1114 443 1155 et
476 1112 657 1155 ianuam
689 1111 1024 1161 misericordiae,
1057 1125 1145 1167 qua
1184 1111 1448 1168 procedente
1480 1115 1677 1168 tempore
1693 1118 1766 1158 451
1786 1119 1815 1147 a

206 1181 346 1239 possit
372 1181 549 1233 saluari,
569 1181 704 1223 immo
734 1180 992 1230 saluabitur‚
1012 1180 1116 1223 licet
1144 1180 1285 1237 possit
1310 1184 1355 1223 et
1386 1195 1475 1223 non
1502 1181 1678 1223 saluari.

147 1267 189 1302 15
209 1251 303 1294 Nec
338 1250 472 1293 michi
506 1249 619 1292 illud
654 1249 900 1292 Aristotilis
932 1248 1000 1292 tui
1035 1249 1211 1299 obicias,
1245 1249 1350 1306 quia
1389 1248 1527 1292 fuisse
1562 1249 1680 1306 quod

208 1320 299 1363 fuit
329 1323 374 1363 et
403 1335 497 1363 esse
527 1319 645 1376 quod
671 1322 749 1370 est,
777 1318 955 1375 quando
985 1321 1063 1368 est,
1091 1333 1264 1361 necesse
1295 1321 1386 1371 est3
1417 1322 1470 1362 ut
1499 1315 1680 1377 colligas

207 1389 546 1439 enuntiationes,
587 1403 699 1445 quae
738 1387 968 1445 praeteriti
1007 1388 1219 1444 temporis
1259 1388 1426 1431 habent
1465 1388 1680 1445 copulam,

206 1474 336 1503 ueras
367 1474 460 1502 esse
494 1458 688 1516 praecise
722 1457 795 1500 uel
834 1457 1028 1514 praecise
1061 1460 1106 1500 et
1141 1472 1197 1500 ex
1236 1458 1497 1501 necessitate
1533 1458 1680 1500 falsas.

209 1528 392 1571 Minime
431 1542 622 1584 namque
661 1527 744 1571 hac
790 1526 1034 1570 obiectione
1077 1526 1312 1576 iuuaberis,
1352 1541 1452 1570 cum
1496 1530 1542 1570 et
1584 1527 1682 1584 ipsa

150 1615 194 1640 ιο
211 1598 456 1641 Aristotilis
479 1598 617 1640 uerba
636 1596 806 1640 faciant
830 1596 1144 1653 quaestionem,
1164 1599 1211 1638 et
1235 1596 1423 1639 articulo
1443 1596 1680 1640 discutien-

210 1667 267 1712 do
315 1668 489 1711 nullum
543 1670 624 1710 aut
678 1679 867 1724 paruum
918 1666 1068 1709 ferant
1121 1666 1395 1723 suffragium.
1486 1666 1682 1723 Regulae

209 1738 425 1795 siquidem
447 1737 751 1795 integritatem
768 1736 1038 1779 subuertunt
1061 1736 1402 1793 enuntiationes,
1423 1750 1536 1793 quae
1556 1750 1682 1793 prae-

209 1806 354 1851 teritis
394 1807 487 1849 uim
527 1805 671 1849 futuri
710 1805 1009 1862 contingentis
1052 1805 1330 1862 adiungunt3
1374 1809 1486 1862 puta
1525 1819 1682 1848 uerum

211 1875 301 1920 fuit
335 1876 431 1920 heri
465 1878 511 1920 te
544 1890 642 1919 cras
676 1890 769 1918 esse
804 1874 1034 1925 lecturum,
1064 1879 1144 1917 aut
1175 1878 1220 1918 te
1258 1875 1384 1918 Plato
1419 1875 1683 1932 quandoque

153 1959 194 1994 ²5
213 1947 344 1990 sciuit
362 1945 671 1990 dormiturum.
729 1945 785 1988 In
811 1944 972 2001 quibus
996 1959 1053 1987 ex
1079 1944 1362 1988 adiunctione
1390 1945 1534 1988 futuri
1558 1959 1682 2002 prae-

212 2016 335 2059 teriti
369 2015 580 2073 temporis
613 2015 723 2059 fides
754 2014 946 2057 uacillat.
1006 2013 1126 2056 Dum
1158 2005 1276 2056 enim
1311 2018 1364 2057 tu
1398 2014 1564 2071 poteris
1593 2028 1684 2056 non

213 2084 414 2136 dormire,
441 2088 486 2127 et
514 2084 595 2128 hoc
624 2084 751 2127 Plato
781 2083 947 2140 poterit
975 2083 1224 2134 neminisse,
1253 2098 1343 2125 non
1378 2083 1496 2140 quod
1526 2086 1684 2133 motus,
1702 2083 1731 2121 b

213 2153 289 2211 qui
321 2154 368 2196 in
398 2153 547 2196 anima
578 2152 672 2196 eius
704 2152 805 2202 fuit,
837 2167 927 2195 non
962 2152 1100 2195 fuisse
1134 2152 1285 2209 possit,
1315 2152 1393 2195 sed
1423 2151 1541 2208 quod
1571 2166 1685 2208 quae

214 2222 304 2265 fuit
341 2221 524 2265 scientia
562 2221 864 2264 mutabilitate
904 2236 1053 2264 rerum
1092 2224 1138 2264 et
1177 2221 1389 2278 temporis
1429 2220 1598 2264 lubrico
1637 2221 1685 2263 in

155 2311 199 2345 30
215 2291 463 2349 opinionem
483 2291 648 2348 poterit
668 2291 886 2347 deuocari.
947 2290 996 2334 Si
1016 2294 1167 2334 tamen
1187 2290 1540 2348 contingentium
1563 2290 1685 2333 futu-

215 2375 364 2404 rorum
403 2360 495 2403 ulla
533 2363 679 2418 potest
719 2375 811 2404 esse
850 2361 1046 2411 scientia,
1086 2361 1290 2417 quamuis
1332 2361 1392 2404 sit
1431 2360 1686 2403 indubitata

216 2430 375 2487 opinio,
409 2445 522 2486 quae
557 2430 784 2473 scientiam
819 2430 1110 2487 probabiliter
1149 2431 1377 2482 imitatur;
1418 2430 1526 2473 item
1567 2428 1685 2486 quod

217 2499 312 2543 heri
342 2514 496 2542 uerum
526 2499 662 2542 fuisse
692 2500 1006 2557 praediximus,
1036 2516 1126 2544 non
1156 2501 1293 2544 fuisse
1322 2501 1488 2559 poterit
1517 2514 1685 2549 uerum,

222 2615 266 2651 16
290 2614 456 2660 quando]
476 2613 655 2660 quoniam
673 2613 697 2650 S
817 2615 859 2651 18
884 2614 1050 2661 prescias
1069 2615 1123 2651 bis
1139 2613 1164 2651 S
1288 2616 1334 2652 26
1358 2613 1517 2651 uacillat
1534 2613 1627 2650 fides
1644 2613 1685 2649 M

266 2727 289 2763 9
304 2719 506 2761 fecundum
521 2728 529 2753 :
561 2718 713 2752 Verbum
725 2718 928 2762 fecundum
945 2716 1060 2754 aliter
1076 2717 1210 2754 definit
1226 2717 1355 2760 Varro,
1373 2719 1416 2752 de
1431 2718 1475 2752 L.
1493 2718 1536 2752 L.
1555 2716 1631 2752 viii.
1652 2726 1687 2762 9.

221 2773 264 2847 ἒς
291 2766 383 2847 ἱέίιρά
415 2765 634 2800 Aristotilis:
670 2776 703 2800 ν.
738 2764 851 2800 Arist.
883 2767 926 2800 de
957 2766 1115 2811 Interpr.
1144 2776 1175 2801 c.
1202 2775 1225 2811 9
1253 2765 1356 2811 (19a,
1383 2766 1443 2811 23)
1475 2764 1687 2810 interprete

255 2821 298 2848 oe
344 2822 392 2847 10.

1514 2875 1577 2909 1²5
