1994 3190
225 145 313 192 464
331 143 379 183 b-

332 271 362 309 b

705 141 968 187 IOANNIS
1008 141 1524 187 SARESBERIENSIS
1682 141 1794 204 [Lm.
1810 155 1850 187 11

382 264 642 305 mansuetus
669 262 885 319 princeps,
910 261 1012 319 pius
1041 263 1180 319 pater,
1207 261 1399 305 disertus
1429 263 1590 313 orator,
1615 264 1773 319 potens
1802 262 1851 304 in

382 346 513 388 opere
534 335 580 374 et
599 345 809 382 sermone,
830 331 924 373 dux
943 331 1254 387 praeambulus
1274 331 1322 373 in
1342 331 1517 374 iustitia
1539 331 1851 375 mandatorum

382 401 490 444 Dei:
514 401 677 444 Dicent
696 401 895 458 Egyptii,
911 399 1082 444 Oallide
1102 401 1234 443 duxit
1254 415 1327 444 eos
1347 401 1565 444 Dominus
1585 401 1639 444 de
1660 402 1851 459 Egypto,

382 474 435 513 ut
465 474 765 527 prosterneret
793 470 841 512 in
870 470 1056 514 deserto,
1115 469 1188 513 Sic
1216 485 1321 527 ergo
1344 470 1480 513 etiam
1500 470 1570 513 sui
1596 470 1736 527 ipsius
1763 470 1851 514 dis-

310 552 313 555 ·
382 540 545 597 pendio
593 539 775 583 Domini
832 539 1021 597 gloriam
1077 539 1369 596 praeoptabat
1424 542 1470 582 et
1525 540 1679 597 populi
1725 540 1851 583 cuius
1869 558 1890 593 5

340 1183 366 1213 c

343 1935 373 1976 d

381 609 594 652 ducatum
633 609 917 652 ministrabat
956 607 1274 651 liberationem.
1349 608 1499 651 Dauid
1538 623 1712 665 quoque
1750 623 1852 652 cum

380 678 512 735 culpa
531 678 625 721 eius
650 678 891 722 Dominum
919 677 976 720 ad
1003 677 1278 720 iracundiam
1302 681 1596 734 prouocasset,
1616 681 1661 720 et
1690 677 1860 734 princi-⁴

380 747 495 805 palis
543 747 698 805 culpae
754 747 978 790 subiectus
1026 746 1216 803 populus
1265 749 1465 804 portaret
1515 761 1686 804 penam,
1735 747 1854 790 uidit

381 817 590 874 angelum
626 816 710 859 Dei
744 817 998 860 caedentem
1038 816 1262 873 populum.
1337 815 1474 859 Fudit
1513 816 1664 872 itaque
1702 831 1853 873 preces

383 886 438 929 de
466 887 637 930 intimis
657 886 911 936 uisceribus,
931 888 977 928 et
1003 885 1188 928 adiecit:
1220 885 1315 942 Ego
1335 900 1433 928 sum
1455 885 1531 942 qui
1558 886 1748 942 peccaui,
1770 901 1852 944 ego
1872 903 1917 928 ιο

382 956 534 1013 inique
555 956 642 1014 egi3
674 956 750 999 isti
771 956 847 1013 qui
867 970 973 998 oues
992 958 1109 1005 sunt,
1122 955 1229 1011 quid
1251 955 1485 999 fecerunt‘i
1534 956 1678 999 Verus
1697 956 1854 1014 utique

382 1040 463 1068 rex
495 1028 541 1069 et
575 1025 720 1068 iustus
753 1025 957 1082 princeps
991 1027 1037 1067 et
1071 1024 1233 1080 dignus
1263 1025 1340 1081 qui
1371 1025 1590 1068 Altissimi
1626 1024 1856 1084 frangeret

383 1095 521 1148 iram3
561 1095 649 1152 qui,
679 1094 786 1137 dum
825 1109 871 1137 se
904 1108 985 1151 pro
1023 1094 1187 1151 populo
1225 1094 1470 1152 flagellanti
1502 1095 1598 1138 Deo
1637 1096 1856 1152 opposuit,

384 1164 703 1222 indignationis
730 1164 824 1206 eius
850 1163 1074 1220 flagellum
1101 1163 1281 1206 amouit.
1342 1163 1456 1206 Eum
1483 1164 1700 1221 siquidem
1730 1165 1856 1208 nulla

384 1233 610 1276 excusatio
639 1233 790 1284 flectit,
819 1232 905 1275 nisi
935 1246 1035 1275 cum
1071 1232 1171 1289 quis
1199 1232 1378 1289 proprio
1407 1233 1570 1276 iudicio
1600 1237 1854 1287 accusatum
1873 1251 1916 1287 15

383 1303 521 1346 nichil
552 1305 703 1345 mouet
737 1302 794 1345 ad
829 1302 1019 1353 ueniam,
1047 1301 1133 1344 nisi
1168 1316 1269 1344 cum
1299 1316 1460 1345 nocens
1490 1303 1655 1345 nudam
1686 1303 1857 1361 detegit

384 1372 584 1429 culpam;
625 1371 970 1414 misericordiam
1001 1371 1138 1414 nichil
1170 1371 1389 1424 admonet,
1424 1371 1510 1414 nisi
1545 1386 1646 1415 eum
1681 1373 1858 1416 animus

386 1442 573 1485 caritate
603 1455 836 1484 succensus
870 1440 917 1482 in
949 1455 996 1483 se
1026 1440 1122 1497 ipso
1153 1440 1423 1493 conteritur;
1454 1441 1590 1484 nichil
1620 1442 1857 1498 persuadet

384 1510 718 1568 propitiandum
749 1525 853 1560 esse,
873 1509 959 1552 nisi
989 1524 1089 1553 cum
1119 1524 1242 1552 mens
1271 1524 1453 1552 manum
1482 1510 1627 1567 operis
1654 1511 1858 1556 extendit

387 1580 444 1623 ad
475 1579 849 1623 satisfaciendum.
909 1579 958 1622 Si
989 1579 1088 1636 quis
1117 1579 1234 1622 enim
1265 1578 1435 1622 fatetur
1464 1580 1652 1637 culpam,
1682 1580 1855 1625 inutilis
1875 1601 1919 1626 πο

386 1653 455 1694 est
487 1649 715 1702 confessio,
747 1649 834 1692 nisi
866 1648 1182 1692 satisfactionis
1213 1649 1361 1692 animo
1392 1652 1544 1692 currat
1577 1650 1634 1692 ad
1666 1650 1856 1694 ueniam.

390 1720 584 1771 Peccaui,
619 1719 767 1776 inquit
801 1719 948 1769 Iudas,
981 1719 1161 1762 tradens
1199 1719 1460 1777 sanguinem
1495 1720 1675 1764 iustum.
1751 1721 1859 1765 Fuit

390 1790 540 1847 itaque
567 1803 675 1832 uera
705 1802 1020 1845 usquequaque
1049 1787 1283 1841 confessi03
1313 1788 1389 1831 sed
1420 1789 1605 1841 inutilis,
1626 1790 1731 1847 quia
1754 1794 1860 1835 ante

389 1858 586 1903 cucurrit
610 1858 667 1901 ad
688 1857 894 1914 laqueum
916 1872 1047 1914 quem
1068 1861 1290 1901 meruerat
1311 1872 1443 1915 quam
1465 1859 1522 1901 ad
1543 1858 1713 1902 fontem
1734 1860 1858 1904 mise·

391 1930 604 1974 ricordiae
615 1943 747 1986 quam
762 1929 1050 1982 demeruerat,
1058 1931 1103 1971 et
1115 1929 1426 1972 obstinationis
1439 1944 1543 1972 suae
1557 1930 1725 1973 duritia
1736 1946 1854 1988 prae-
1877 1945 1919 1982 ²5

390 1999 582 2044 cluserat
597 1998 693 2041 sibi.
754 1997 867 2039 Eum
889 2001 1039 2040 tamen
1059 1998 1254 2055 penituit
1276 1997 1429 2041 fecisse
1449 1999 1566 2055 quod
1588 1999 1766 2052 fecerat,
1781 2001 1858 2044 sed

390 2084 479 2112 non
510 2083 561 2111 eo
591 2067 840 2110 deuotionis
873 2067 1033 2110 affectu
1067 2067 1142 2124 qui
1171 2067 1361 2124 lapidem
1398 2068 1607 2111 adiutorii
1639 2069 1860 2114 sufficeret

390 2138 596 2183 emollire.
658 2136 910 2179 Penitentia
929 2137 1147 2193 siquidem
1172 2137 1332 2180 ductus
1360 2137 1516 2194 laqueo
1543 2153 1589 2181 se
1617 2139 1858 2196 suspendit.

391 2209 542 2251 Vitam
564 2221 668 2263 ergo
689 2205 824 2263 digno
851 2205 1000 2248 finiuit
1026 2206 1264 2263 supplicio;
1299 2206 1375 2249 sed
1404 2206 1509 2263 quia
1528 2207 1745 2250 malitiam
1770 2223 1860 2252 non

390 2277 594 2326 correxit,
630 2275 804 2318 ueniam
855 2274 939 2317 sibi
984 2275 1107 2318 nullo
1149 2276 1306 2319 salutis
1355 2276 1612 2333 procurauit
1655 2277 1858 2322 remedio.
1877 2293 1923 2328 30

392 2348 467 2391 Sic
487 2346 604 2390 enim
625 2348 671 2388 et
691 2344 807 2402 apud
830 2344 995 2387 inferos
1016 2344 1225 2388 scribitur
1240 2359 1332 2388 esse
1347 2345 1554 2388 stimulus
1574 2346 1860 2403 penitudinis,

393 2459 413 2496 3
440 2447 579 2495 egiptii
596 2447 749 2485 CASM:
777 2447 915 2503 egipto
927 2447 1057 2485 CASM
1259 2459 1302 2484 10
1326 2448 1550 2496 uisceribus]
1568 2450 1775 2497 precordiis
1792 2449 1861 2488 Ms

395 2504 507 2538 10.ss
536 2507 607 2543 ego
625 2495 688 2542 qui
707 2494 839 2541 inique
857 2495 918 2542 egi
935 2497 967 2532 A
1113 2497 1155 2533 18
1180 2494 1345 2533 karitate
1363 2496 1386 2533 S
1532 2507 1577 2544 29
1601 2497 1763 2544 suplicio
1780 2499 1813 2536 A

563 2600 660 2630 oeenae
678 2596 753 2630 ino
781 2605 836 2628 ere
853 2598 884 2628 et
902 2604 1083 2629 net-mone-
1075 2621 1083 2629 .
1109 2592 1196 2630 Luc.
1216 2593 1313 2631 xxiv.
1335 2604 1387 2640 19.
1534 2605 1554 2631 2
1576 2597 1860 2642 praeambulus:

394 2642 535 2678 vocabu
553 2654 614 2678 um
632 2644 689 2679 est
705 2653 728 2678 a
733 2606 935 2678 cumiano
953 2640 1109 2687 Capella
1126 2640 1318 2677 usitatum.
1424 2651 1443 2687 3
1473 2643 1602 2679 Dicent
1620 2646 1716 2680 etc..
1742 2643 1861 2681 Exod.

394 2689 509 2726 xxxii.
533 2700 583 2725 ιο.
783 2691 807 2726 6
831 2690 956 2725 Dauid
972 2691 1068 2725 ctc.:
1097 2700 1128 2724 v.
1148 2699 1166 2724 2
1187 2688 1277 2735 ch.
1297 2690 1392 2725 xxiv.
1603 2701 1646 2728 10
1669 2692 1747 2736 Ερο
1765 2693 1860 2728 eto.:

395 2747 414 2774 2
437 2738 523 2783 itcg.
543 2736 638 2773 xxiv.
662 2746 713 2781 17.
851 2746 894 2773 22
922 2737 1073 2773 Peccaui
1090 2737 1185 2772 ete:
1213 2736 1320 2774 Mati.
1340 2736 1451 2772 xxvii.
1470 2746 1504 2781 4.
1632 2748 1675 2784 27
1702 2740 1861 2786 lapidem

394 2786 595 2822 adiutor-1⁶⁸⁸:
628 2784 753 2833 iReg.
773 2783 833 2820 vii.
858 2793 911 2822 ι2.
1053 2794 1093 2830 3ι
1122 2785 1310 2820 scribitur:
1338 2796 1368 2822 v.
1389 2784 1505 2823 Marc.
1523 2783 1573 2821 ix.
1590 2795 1647 2831 43.

505 2858 567 2901 148
