1994 3190
202 211 302 246 oar.
318 197 370 260 x]
718 194 1158 243 POLIORATICVS
1678 195 1763 246 ⁵68
1780 205 1812 236 a

202 369 310 428 Cap.
342 382 409 413 10.
459 369 524 413 De
552 367 771 413 lateribus
793 371 1078 426 pote-statuam
1108 382 1304 425 quorwm
1333 368 1566 413 necessitas
1594 381 1666 412 οω-
1685 381 1717 411 a

520 437 695 495 plenda
725 440 795 490 est,
823 437 1010 481 mitia
1038 438 1349 494 reprimenda.

256 529 345 574 Sed
376 531 424 573 et
455 529 504 572 in
533 528 759 584 lateribus,
794 528 865 572 his
896 528 1063 572 scilicet
1094 528 1171 585 qui
1201 529 1475 586 principibus
1504 529 1669 573 debent

199 599 415 650 assistere,
455 597 563 642 haec
602 599 791 640 naturae
830 596 1023 640 formula
1067 597 1286 640 seruanda
1325 600 1402 640 est.
1482 597 1671 642 Constat

161 689 180 723 5
198 668 316 712 enim
336 667 442 725 quia
467 682 495 710 a
517 666 724 711 conuictu
743 681 887 710 mores
914 665 1178 710 formantur.
1238 666 1326 720 Qui
1353 667 1502 724 tangit
1527 668 1670 725 picem

197 737 461 794 inquinatur
480 736 538 780 ab
559 751 611 780 ea
627 750 637 790 ;

439 837 617 880 uuaque
646 825 850 867 contacta
879 822 1065 865 liuorem
1094 820 1219 865 ducit
1247 820 1306 865 ab
1334 834 1437 864 uua.

198 909 293 954 Nec
319 909 439 953 domi
466 908 643 952 illorum
672 907 891 952 iustitiam
919 921 1013 951 esse
1040 907 1192 951 credas
1219 909 1299 950 aut
1326 907 1563 950 ueritatem
1589 911 1670 951 aut

196 979 420 1037 pietatem,
450 978 570 1036 apud
609 992 719 1034 quos
747 977 874 1020 uides
903 976 1052 1019 omnia
1081 990 1174 1019 esse
1203 975 1390 1018 uenalia.
1462 975 1669 1020 Christus

139 1061 181 1085 10
198 1048 291 1106 ipse
318 1047 522 1092 exclusus
548 1049 616 1090 est
642 1049 698 1098 et,
725 1046 763 1090 si
793 1045 943 1103 pulsat
973 1045 1029 1088 ad
1056 1044 1232 1095 ostium,
1259 1059 1348 1087 non
1374 1045 1575 1102 aperitur
1601 1046 1668 1099 ei;

197 1116 380 1175 fugiunt
405 1119 451 1160 et
476 1115 639 1174 fugant
665 1115 857 1174 gratiam
878 1114 955 1172 qui
982 1114 1131 1157 omnia
1155 1113 1213 1156 ad
1239 1113 1434 1171 pretium
1454 1116 1500 1158 et
1525 1116 1667 1171 gratis
1684 1119 1713 1158 b

195 1186 369 1230 faciunt
387 1185 534 1230 nichil.
595 1185 644 1229 Si
665 1199 814 1243 preces
833 1183 1124 1242 porrigendae
1144 1185 1261 1234 sunt,
1281 1183 1319 1226 si
1339 1197 1472 1226 causa
1500 1185 1666 1227 exami-

194 1248 355 1307 nanda,
390 1255 429 1299 si
468 1254 717 1299 executioni
757 1253 1010 1296 mandanda
1049 1252 1281 1303 sententia,
1320 1252 1358 1295 si
1397 1253 1667 1297 conficienda

195 1325 354 1376 cautio,
373 1325 522 1368 omnia
548 1338 756 1368 nummus
783 1323 889 1382 agit,
909 1322 1077 1366 ueritas
1103 1336 1204 1366 ceca
1229 1324 1308 1372 est,
1328 1322 1472 1380 pietas
1498 1337 1665 1374 manca,

137 1405 176 1439 15
196 1393 303 1437 dum

281 1482 498 1537 quantum
556 1480 713 1537 uisque
743 1493 822 1522 sua
851 1491 1134 1522 nummorum
1164 1479 1316 1521 seruat
1345 1477 1393 1520 in
1422 1492 1537 1530 arca,

281 1536 547 1582 tantum'ha
602 1541 623 1581 t
653 1541 699 1581 et
727 1537 844 1580 fidei.

667 1595 990 1663 Contempnere
1021 1593 1212 1661 fulmina
1240 1607 1409 1661 pauper

281 1653 476 1699 creditur
503 1656 638 1712 atque
667 1654 783 1704 deos,
813 1654 899 1696 dus
929 1652 1259 1711 1gnoscent1bus
1288 1666 1408 1709 1pffls.

135 1759 179 1784 20
196 1745 284 1800 Qui
309 1746 557 1804 corruptior
579 1746 776 1790 moribus
803 1748 849 1789 et
877 1743 1229 1802 corrumpentior
1258 1744 1518 1788 muneribus
1542 1746 1662 1803 apud

192 1815 302 1859 istos
335 1815 506 1859 beatior
540 1817 618 1859 est.
678 1815 727 1858 Si
762 1814 1013 1872 principum
1048 1828 1207 1856 manus
1241 1814 1447 1864 euaseris,
1479 1815 1662 1871 grandis

191 1884 275 1928 tibi
294 1887 434 1928 restat
452 1884 528 1927 uia
554 1887 653 1928 arta
680 1887 726 1927 et
753 1883 919 1935 ardua;
949 1885 1189 1940 antequam
1218 1886 1410 1926 tortores
1437 1886 1661 1927 extremos

191 1953 388 2012 effugias,
407 1953 656 1997 sudandum
677 1956 745 1997 est
770 1953 867 1996 tibi.
928 1952 1038 1996 Ecce
1059 1952 1357 1995 instrumenta
1383 1955 1463 1996 tua
1482 1953 1661 1997 conficit

191 2021 379 2075 Cossus;
417 2022 456 2066 si
490 2037 591 2066 eum
622 2022 816 2066 salutare
846 2022 1032 2072 licuerit,
1066 2036 1147 2079 pro
1178 2036 1341 2080 magno
1380 2025 1549 2079 reputa.
1609 2022 1702 2066 Sic

134 2105 174 2140 25
191 2090 391 2134 cedulam
409 2106 499 2135 non
519 2091 735 2143 attuleris,
759 2091 929 2135 frustra
949 2091 1137 2135 accedes,
1198 2091 1247 2134 Si
1269 2094 1419 2134 autem
1440 2091 1658 2143 attuleris,

190 2160 363 2204 inutilis
396 2163 464 2204 est
497 2175 576 2205 nec
615 2161 867 2219 adquiescet
896 2164 949 2204 ut
980 2175 1141 2204 manus
1170 2160 1331 2203 nobilis
1370 2161 1484 2204 uitio
1522 2176 1657 2205 mem-

188 2227 354 2273 branae
386 2230 633 2288 degeneret.
693 2230 811 2284 Quid
842 2230 1015 2274 multa?
1073 2229 1211 2273 Suam
1241 2244 1415 2273 necesse
1444 2235 1512 2273 est
1541 2245 1656 2274 com-

189 2298 349 2356 parari,
369 2313 469 2343 cum
489 2314 569 2343 nec
595 2314 729 2357 opera
753 2309 832 2343 nec
858 2300 1053 2343 calamus
1073 2301 1153 2342 aut
1178 2298 1368 2356 sepiolae
1395 2302 1476 2342 aut
1501 2300 1656 2358 nigrae

189 2367 400 2425 lolliginis
447 2382 601 2412 succus
650 2369 734 2413 tibi
783 2372 956 2413 constet
999 2369 1236 2426 inemptus.
1311 2367 1400 2412 Sed
1446 2371 1492 2411 et
1537 2368 1656 2426 ipsas

192 2476 237 2503 10
259 2464 427 2502 hostium
440 2464 544 2502 CA¹S
735 2475 779 2512 19
803 2464 1070 2512 ignocentibus
1087 2464 1112 2502 S
1302 2474 1344 2512 25
1372 2465 1564 2502 scedulam
1581 2465 1655 2501 AM

189 2513 236 2549 26
260 2512 472 2559 acquiescet
490 2512 586 2549 CBA
728 2515 773 2550 28
798 2513 951 2560 sepyole
968 2512 1008 2548 M

237 2608 256 2646 ς
285 2600 357 2644 Qui
371 2601 488 2644 tanyit
503 2599 598 2635 etc.:
624 2610 656 2635 v.
668 2597 774 2635 Eccli
786 2597 866 2635 xiii.
883 2609 912 2635 1.
1040 2607 1061 2644 7
1085 2610 1230 2646 unaque
1245 2599 1316 2635 etc.
1330 2610 1340 2636 ε
1359 2598 1436 2635 Iuv.
1452 2599 1526 2635 Sat.
1540 2597 1580 2634 ii.
1593 2599 1652 2636 81.

191 2656 236 2683 ιο
258 2648 292 2682 si
308 2647 433 2692 pulsat
448 2647 545 2683 etc.:
569 2657 603 2682 v.
621 2644 740 2693 Apoc.
758 2645 813 2683 iii.
830 2656 887 2682 20.
960 2648 1010 2682 ad
1033 2648 1186 2683 ostium:
1210 2658 1244 2681 v.
1263 2657 1376 2692 supra
1399 2658 1431 2683 c.
1450 2657 1472 2692 9
1491 2646 1572 2692 (561
1593 2646 1653 2690 Α).

190 2702 230 2731 11
249 2695 372 2730 omnia
387 2694 436 2729 ad
452 2694 633 2739 Μίνωι
657 2704 692 2730 v.
709 2693 786 2730 Iuv.
802 2695 876 2730 Sat.
893 2692 949 2729 iii.
970 2694 1046 2739 183,
1068 2695 1148 2738 184.
1247 2695 1290 2730 16
1313 2699 1490 2741 quantum
1504 2695 1653 2747 quisque

0 2767 1 2770 =
186 2743 279 2778 etc.t
306 2740 384 2776 Iuv.
408 2741 484 2777 Sat.
505 2739 560 2776 iii.
580 2749 657 2786 143,
687 2750 768 2785 144.
923 2742 964 2777 18
992 2742 1248 2787 Contempnere
1270 2743 1366 2778 etc.:
1394 2741 1471 2777 Iuv.
1496 2743 1572 2778 Sat.
1596 2740 1652 2777 111.

0 2772 1 2844 l
190 2796 267 2833 145,
298 2789 375 2832 146.
533 2796 579 2832 24
606 2789 757 2824 Come:
796 2799 828 2823 v.
856 2786 934 2824 Iuv.
959 2789 1035 2825 Sat.
1061 2787 1119 2824 111.
1147 2789 1225 2834 184.
1376 2790 1434 2834 28,
1452 2798 1499 2835 29
1522 2790 1652 2835 niqrae

186 2837 362 2882 lolliqinis
376 2845 521 2872 succus:
546 2834 635 2871 Hor.
654 2835 729 2871 Sat.
746 2833 771 2871 i.
790 2844 825 2879 4.
847 2844 925 2872 100.

1476 2915 1546 2950 3²3
