<?xml version="1.0" encoding="UTF-8"?>
<!DOCTYPE html PUBLIC "-//W3C//DTD XHTML 1.0 Transitional//EN"
    "http://www.w3.org/TR/xhtml1/DTD/xhtml1-transitional.dtd">
<html xmlns="http://www.w3.org/1999/xhtml" xml:lang="en" lang="en">
 <head>
  <title>
</title>
<meta http-equiv="Content-Type" content="text/html;charset=utf-8" />
  <meta name='ocr-system' content='tesseract 3.04.00' />
  <meta name='ocr-capabilities' content='ocr_page ocr_carea ocr_par ocr_line ocrx_word'/>
</head>
<body>
  <div class='ocr_page' id='page_1' title='image "./policraticisived01john_0330.png"; bbox 0 0 1994 3190; ppageno 0'>
   <div class='ocr_carea' id='block_1_1' title="bbox 225 172 1833 235">
    <p class='ocr_par' dir='ltr' id='par_1_1' title="bbox 225 172 1833 235">
     <span class='ocr_line' id='line_1_1' title="bbox 225 172 1833 235; baseline 0.001 -18"><span class='ocrx_word' id='word_1_1' title='bbox 225 185 305 227; x_wconf 82' lang='lat'><strong>537</strong></span> <span class='ocrx_word' id='word_1_2' title='bbox 322 186 352 217; x_wconf 88' lang='lat' dir='ltr'><strong>a</strong></span> <span class='ocrx_word' id='word_1_3' title='bbox 697 174 958 219; x_wconf 89' lang='lat' dir='ltr'><strong>IOANNIS</strong></span> <span class='ocrx_word' id='word_1_4' title='bbox 998 173 1512 219; x_wconf 85' lang='lat' dir='ltr'><strong>SARESBERIENSIS</strong></span> <span class='ocrx_word' id='word_1_5' title='bbox 1656 172 1766 235; x_wconf 78' lang='lat' dir='ltr'><strong>[Lm.</strong></span> <span class='ocrx_word' id='word_1_6' title='bbox 1781 185 1833 218; x_wconf 82' lang='lat' dir='ltr'><strong>lv</strong></span> 
     </span>
    </p>
   </div>
   <div class='ocr_carea' id='block_1_2' title="bbox 367 293 1870 698">
    <p class='ocr_par' dir='ltr' id='par_1_2' title="bbox 367 293 1870 698">
     <span class='ocr_line' id='line_1_2' title="bbox 369 293 1833 353; baseline 0.001 -16"><span class='ocrx_word' id='word_1_7' title='bbox 369 294 468 337; x_wconf 84' lang='lat' dir='ltr'><strong>aliis</strong></span> <span class='ocrx_word' id='word_1_8' title='bbox 497 293 821 351; x_wconf 85' lang='lat' dir='ltr'><strong>praeferendos,</strong></span> <span class='ocrx_word' id='word_1_9' title='bbox 851 295 927 352; x_wconf 86' lang='lat' dir='ltr'><strong>qui</strong></span> <span class='ocrx_word' id='word_1_10' title='bbox 958 295 1084 352; x_wconf 82' lang='lat' dir='ltr'><strong>quasi</strong></span> <span class='ocrx_word' id='word_1_11' title='bbox 1110 294 1306 338; x_wconf 88' lang='lat' dir='ltr'><strong>naturali</strong></span> <span class='ocrx_word' id='word_1_12' title='bbox 1335 295 1572 352; x_wconf 69' lang='lat' dir='ltr'><strong>probitatis</strong></span> <span class='ocrx_word' id='word_1_13' title='bbox 1597 295 1833 353; x_wconf 88' lang='lat' dir='ltr'><strong>priuilegio</strong></span> 
     </span>
     <span class='ocr_line' id='line_1_3' title="bbox 368 363 1832 420; baseline 0.001 -14"><span class='ocrx_word' id='word_1_14' title='bbox 368 363 570 420; x_wconf 91' lang='lat' dir='ltr'><strong>ampliati</strong></span> <span class='ocrx_word' id='word_1_15' title='bbox 594 364 810 407; x_wconf 89' lang='lat' dir='ltr'><strong>maiorum</strong></span> <span class='ocrx_word' id='word_1_16' title='bbox 833 364 979 407; x_wconf 88' lang='lat' dir='ltr'><strong>titulis</strong></span> <span class='ocrx_word' id='word_1_17' title='bbox 1004 364 1257 407; x_wconf 67' lang='lat' dir='ltr'><strong>innitantur</strong></span> <span class='ocrx_word' id='word_1_18' title='bbox 1281 364 1340 407; x_wconf 90' lang='lat' dir='ltr'><strong>ad</strong></span> <span class='ocrx_word' id='word_1_19' title='bbox 1369 364 1580 407; x_wconf 88' lang='lat' dir='ltr'><strong>uirtutem</strong></span> <span class='ocrx_word' id='word_1_20' title='bbox 1607 367 1653 407; x_wconf 92' lang='lat' dir='ltr'><strong>et</strong></span> <span class='ocrx_word' id='word_1_21' title='bbox 1676 379 1832 408; x_wconf 88' lang='lat' dir='ltr'><strong>eorun-</strong></span> 
     </span>
     <span class='ocr_line' id='line_1_4' title="bbox 369 432 1833 478; baseline 0.002 -4"><span class='ocrx_word' id='word_1_22' title='bbox 369 432 470 475; x_wconf 89' lang='lat' dir='ltr'><strong>dem</strong></span> <span class='ocrx_word' id='word_1_23' title='bbox 489 433 699 477; x_wconf 91' lang='lat' dir='ltr'><strong>beneficio</strong></span> <span class='ocrx_word' id='word_1_24' title='bbox 719 433 899 477; x_wconf 84' lang='lat' dir='ltr'><strong>futurae</strong></span> <span class='ocrx_word' id='word_1_25' title='bbox 926 434 1139 477; x_wconf 89' lang='lat' dir='ltr'><strong>bonitatis</strong></span> <span class='ocrx_word' id='word_1_26' title='bbox 1163 434 1263 476; x_wconf 82' lang='lat' dir='ltr'><strong>aliis</strong></span> <span class='ocrx_word' id='word_1_27' title='bbox 1288 432 1462 477; x_wconf 84' lang='lat' dir='ltr'><strong>faciunt</strong></span> <span class='ocrx_word' id='word_1_28' title='bbox 1486 434 1650 477; x_wconf 78' lang='lat' dir='ltr'><strong>fidem?</strong></span> <span class='ocrx_word' id='word_1_29' title='bbox 1710 434 1833 478; x_wconf 89' lang='lat' dir='ltr'><strong>Haec</strong></span> 
     </span>
     <span class='ocr_line' id='line_1_5' title="bbox 368 501 1854 561; baseline 0.003 -18"><span class='ocrx_word' id='word_1_30' title='bbox 368 501 453 545; x_wconf 85' lang='lat' dir='ltr'><strong>ille.</strong></span> <span class='ocrx_word' id='word_1_31' title='bbox 514 501 573 545; x_wconf 90' lang='lat' dir='ltr'><strong>Et</strong></span> <span class='ocrx_word' id='word_1_32' title='bbox 602 502 779 559; x_wconf 90' lang='lat' dir='ltr'><strong>quidem</strong></span> <span class='ocrx_word' id='word_1_33' title='bbox 809 503 1034 561; x_wconf 77' lang='lat' dir='ltr'><strong>eleganter</strong></span> <span class='ocrx_word' id='word_1_34' title='bbox 1059 503 1343 560; x_wconf 78' lang='lat' dir='ltr'><strong>priuilegium</strong></span> <span class='ocrx_word' id='word_1_35' title='bbox 1370 503 1587 559; x_wconf 83' lang='lat' dir='ltr'><strong>expressit</strong></span> <span class='ocrx_word' id='word_1_36' title='bbox 1609 503 1854 560; x_wconf 53' lang='lat' dir='ltr'><strong>principis„</strong></span> 
     </span>
     <span class='ocr_line' id='line_1_6' title="bbox 368 571 1870 629; baseline 0.001 -14"><span class='ocrx_word' id='word_1_37' title='bbox 368 571 440 615; x_wconf 93' lang='lat' dir='ltr'><strong>cui</strong></span> <span class='ocrx_word' id='word_1_38' title='bbox 479 587 536 615; x_wconf 87' lang='lat' dir='ltr'><strong>ex</strong></span> <span class='ocrx_word' id='word_1_39' title='bbox 574 572 759 629; x_wconf 86' lang='lat' dir='ltr'><strong>antiquo</strong></span> <span class='ocrx_word' id='word_1_40' title='bbox 793 587 974 615; x_wconf 91' lang='lat' dir='ltr'><strong>munere</strong></span> <span class='ocrx_word' id='word_1_41' title='bbox 1009 572 1093 615; x_wconf 93' lang='lat' dir='ltr'><strong>Dei</strong></span> <span class='ocrx_word' id='word_1_42' title='bbox 1125 572 1366 615; x_wconf 90' lang='lat' dir='ltr'><strong>succedunt</strong></span> <span class='ocrx_word' id='word_1_43' title='bbox 1398 572 1481 615; x_wconf 89' lang='lat' dir='ltr'><strong>filii</strong></span> <span class='ocrx_word' id='word_1_44' title='bbox 1514 572 1832 625; x_wconf 86' lang='lat' dir='ltr'><strong>indubitanter,</strong></span> <span class='ocrx_word' id='word_1_45' title='bbox 1850 583 1870 618; x_wconf 83' lang='lat'><strong>5</strong></span> 
     </span>
     <span class='ocr_line' id='line_1_7' title="bbox 367 641 1271 698; baseline 0.001 -15"><span class='ocrx_word' id='word_1_46' title='bbox 367 641 454 684; x_wconf 85' lang='lat' dir='ltr'><strong>m‘si</strong></span> <span class='ocrx_word' id='word_1_47' title='bbox 475 641 689 698; x_wconf 88' lang='lat' dir='ltr'><strong>iniquitas</strong></span> <span class='ocrx_word' id='word_1_48' title='bbox 708 641 941 685; x_wconf 88' lang='lat' dir='ltr'><strong>subuertat</strong></span> <span class='ocrx_word' id='word_1_49' title='bbox 961 641 1271 698; x_wconf 86' lang='lat' dir='ltr'><strong>principatum.</strong></span> 
     </span>
    </p>
   </div>
   <div class='ocr_carea' id='block_1_3' title="bbox 416 765 1785 892">
    <p class='ocr_par' dir='ltr' id='par_1_3' title="bbox 416 765 1785 892">
     <span class='ocr_line' id='line_1_8' title="bbox 416 765 1785 825; baseline 0.001 -15"><span class='ocrx_word' id='word_1_50' title='bbox 416 765 522 824; x_wconf 89' lang='lat' dir='ltr'><strong>Cap.</strong></span> <span class='ocrx_word' id='word_1_51' title='bbox 556 780 623 811; x_wconf 89' lang='lat'><strong>12.</strong></span> <span class='ocrx_word' id='word_1_52' title='bbox 681 768 753 811; x_wconf 69' lang='lat' dir='ltr'><strong>Ex</strong></span> <span class='ocrx_word' id='word_1_53' title='bbox 773 767 938 825; x_wconf 75' lang='lat' dir='ltr'><strong>quibus</strong></span> <span class='ocrx_word' id='word_1_54' title='bbox 956 767 1105 810; x_wconf 73' lang='lat' dir='ltr'><strong>causis</strong></span> <span class='ocrx_word' id='word_1_55' title='bbox 1125 766 1472 824; x_wconf 68' lang='lat' dir='ltr'><strong>tramferantur</strong></span> <span class='ocrx_word' id='word_1_56' title='bbox 1484 766 1785 824; x_wconf 64' lang='lat' dir='ltr'><strong>principatus</strong></span> 
     </span>
     <span class='ocr_line' id='line_1_9' title="bbox 988 840 1202 892; baseline 0.005 -12"><span class='ocrx_word' id='word_1_57' title='bbox 988 840 1027 880; x_wconf 79' lang='lat' dir='ltr'><strong>et</strong></span> <span class='ocrx_word' id='word_1_58' title='bbox 1046 850 1202 892; x_wconf 61' lang='lat' dir='ltr'><strong>‘reyna-</strong></span> 
     </span>
    </p>
   </div>
   <div class='ocr_carea' id='block_1_4' title="bbox 319 928 1894 2439">
    <p class='ocr_par' dir='ltr' id='par_1_4' title="bbox 319 928 1894 2439">
     <span class='ocr_line' id='line_1_10' title="bbox 425 928 1831 989; baseline 0.001 -15"><span class='ocrx_word' id='word_1_59' title='bbox 425 928 608 974; x_wconf 87' lang='lat' dir='ltr'><strong>Celebre</strong></span> <span class='ocrx_word' id='word_1_60' title='bbox 647 934 715 974; x_wconf 90' lang='lat' dir='ltr'><strong>est</strong></span> <span class='ocrx_word' id='word_1_61' title='bbox 753 931 866 974; x_wconf 91' lang='lat' dir='ltr'><strong>illud</strong></span> <span class='ocrx_word' id='word_1_62' title='bbox 905 931 1172 988; x_wconf 88' lang='lat' dir='ltr'><strong>Sapientiae,</strong></span> <span class='ocrx_word' id='word_1_63' title='bbox 1204 931 1308 987; x_wconf 88' lang='lat' dir='ltr'><strong>quia</strong></span> <span class='ocrx_word' id='word_1_64' title='bbox 1343 945 1530 989; x_wconf 91' lang='lat' dir='ltr'><strong>regnum</strong></span> <span class='ocrx_word' id='word_1_65' title='bbox 1561 945 1590 974; x_wconf 91' lang='lat' dir='ltr'><strong>a</strong></span> <span class='ocrx_word' id='word_1_66' title='bbox 1622 934 1755 989; x_wconf 90' lang='lat' dir='ltr'><strong>gente</strong></span> <span class='ocrx_word' id='word_1_67' title='bbox 1783 932 1831 975; x_wconf 90' lang='lat' dir='ltr'><strong>in</strong></span> 
     </span>
     <span class='ocr_line' id='line_1_11' title="bbox 319 999 1893 1057; baseline -0.001 -16"><span class='ocrx_word' id='word_1_68' title='bbox 319 1006 348 1046; x_wconf 85' lang='lat' dir='ltr'><strong>b</strong></span> <span class='ocrx_word' id='word_1_69' title='bbox 366 1002 544 1056; x_wconf 89' lang='lat' dir='ltr'><strong>gentem</strong></span> <span class='ocrx_word' id='word_1_70' title='bbox 574 999 870 1043; x_wconf 87' lang='lat' dir='ltr'><strong>transferetur</strong></span> <span class='ocrx_word' id='word_1_71' title='bbox 898 1003 1080 1057; x_wconf 90' lang='lat' dir='ltr'><strong>propter</strong></span> <span class='ocrx_word' id='word_1_72' title='bbox 1108 999 1352 1042; x_wconf 88' lang='lat' dir='ltr'><strong>iniustitias</strong></span> <span class='ocrx_word' id='word_1_73' title='bbox 1379 1002 1425 1043; x_wconf 93' lang='lat' dir='ltr'><strong>et</strong></span> <span class='ocrx_word' id='word_1_74' title='bbox 1448 999 1635 1043; x_wconf 85' lang='lat' dir='ltr'><strong>iniurias</strong></span> <span class='ocrx_word' id='word_1_75' title='bbox 1662 1002 1707 1043; x_wconf 91' lang='lat' dir='ltr'><strong>et</strong></span> <span class='ocrx_word' id='word_1_76' title='bbox 1729 1015 1829 1044; x_wconf 90' lang='lat' dir='ltr'><strong>con·</strong></span> <span class='ocrx_word' id='word_1_77' title='bbox 1849 1013 1893 1040; x_wconf 86' lang='lat'><strong>10</strong></span> 
     </span>
     <span class='ocr_line' id='line_1_12' title="bbox 367 1068 1832 1125; baseline 0.001 -15"><span class='ocrx_word' id='word_1_78' title='bbox 367 1068 573 1111; x_wconf 88' lang='lat' dir='ltr'><strong>tumelias</strong></span> <span class='ocrx_word' id='word_1_79' title='bbox 612 1072 658 1111; x_wconf 92' lang='lat' dir='ltr'><strong>et</strong></span> <span class='ocrx_word' id='word_1_80' title='bbox 701 1068 899 1111; x_wconf 89' lang='lat' dir='ltr'><strong>diuersos</strong></span> <span class='ocrx_word' id='word_1_81' title='bbox 942 1068 1077 1112; x_wconf 92' lang='lat' dir='ltr'><strong>dolos.</strong></span> <span class='ocrx_word' id='word_1_82' title='bbox 1151 1068 1313 1111; x_wconf 88' lang='lat' dir='ltr'><strong>Nonne</strong></span> <span class='ocrx_word' id='word_1_83' title='bbox 1362 1068 1488 1111; x_wconf 83' lang='lat' dir='ltr'><strong>uides</strong></span> <span class='ocrx_word' id='word_1_84' title='bbox 1529 1083 1663 1125; x_wconf 92' lang='lat' dir='ltr'><strong>quam</strong></span> <span class='ocrx_word' id='word_1_85' title='bbox 1705 1069 1832 1112; x_wconf 87' lang='lat' dir='ltr'><strong>breui</strong></span> 
     </span>
     <span class='ocr_line' id='line_1_13' title="bbox 366 1136 1834 1194; baseline 0.001 -15"><span class='ocrx_word' id='word_1_86' title='bbox 366 1136 628 1180; x_wconf 84' lang='lat' dir='ltr'><strong>subuersum</strong></span> <span class='ocrx_word' id='word_1_87' title='bbox 655 1137 716 1179; x_wconf 90' lang='lat' dir='ltr'><strong>sit</strong></span> <span class='ocrx_word' id='word_1_88' title='bbox 741 1136 900 1180; x_wconf 91' lang='lat' dir='ltr'><strong>solium</strong></span> <span class='ocrx_word' id='word_1_89' title='bbox 926 1137 1059 1194; x_wconf 91' lang='lat' dir='ltr'><strong>primi</strong></span> <span class='ocrx_word' id='word_1_90' title='bbox 1083 1137 1200 1194; x_wconf 89' lang='lat' dir='ltr'><strong>regis</strong></span> <span class='ocrx_word' id='word_1_91' title='bbox 1227 1137 1275 1179; x_wconf 92' lang='lat' dir='ltr'><strong>in</strong></span> <span class='ocrx_word' id='word_1_92' title='bbox 1301 1137 1465 1194; x_wconf 91' lang='lat' dir='ltr'><strong>populo</strong></span> <span class='ocrx_word' id='word_1_93' title='bbox 1484 1137 1599 1180; x_wconf 80' lang='lat' dir='ltr'><strong>Dei?</strong></span> <span class='ocrx_word' id='word_1_94' title='bbox 1658 1137 1767 1181; x_wconf 86' lang='lat' dir='ltr'><strong>Saul</strong></span> <span class='ocrx_word' id='word_1_95' title='bbox 1787 1141 1834 1182; x_wconf 88' lang='lat' dir='ltr'><strong>et</strong></span> 
     </span>
     <span class='ocr_line' id='line_1_14' title="bbox 366 1205 1833 1264; baseline 0.002 -16"><span class='ocrx_word' id='word_1_96' title='bbox 366 1205 579 1249; x_wconf 89' lang='lat' dir='ltr'><strong>Ionathas</strong></span> <span class='ocrx_word' id='word_1_97' title='bbox 608 1221 708 1249; x_wconf 91' lang='lat' dir='ltr'><strong>cum</strong></span> <span class='ocrx_word' id='word_1_98' title='bbox 738 1206 894 1249; x_wconf 89' lang='lat' dir='ltr'><strong>ceteris</strong></span> <span class='ocrx_word' id='word_1_99' title='bbox 920 1206 1024 1249; x_wconf 90' lang='lat' dir='ltr'><strong>filiis</strong></span> <span class='ocrx_word' id='word_1_100' title='bbox 1051 1206 1333 1264; x_wconf 84' lang='lat' dir='ltr'><strong>exigentibus</strong></span> <span class='ocrx_word' id='word_1_101' title='bbox 1359 1206 1501 1264; x_wconf 87' lang='lat' dir='ltr'><strong>culpis</strong></span> <span class='ocrx_word' id='word_1_102' title='bbox 1529 1206 1578 1249; x_wconf 91' lang='lat' dir='ltr'><strong>in</strong></span> <span class='ocrx_word' id='word_1_103' title='bbox 1607 1207 1833 1252; x_wconf 89' lang='lat' dir='ltr'><strong>montibus</strong></span> 
     </span>
     <span class='ocr_line' id='line_1_15' title="bbox 321 1275 1832 1332; baseline 0.001 -15"><span class='ocrx_word' id='word_1_104' title='bbox 321 1277 323 1279; x_wconf 72' lang='grc'><strong><em>’</em></strong></span> <span class='ocrx_word' id='word_1_105' title='bbox 365 1278 626 1318; x_wconf 89' lang='lat' dir='ltr'><strong>corruerunt</strong></span> <span class='ocrx_word' id='word_1_106' title='bbox 659 1279 716 1318; x_wconf 92' lang='lat' dir='ltr'><strong>ut</strong></span> <span class='ocrx_word' id='word_1_107' title='bbox 746 1275 934 1318; x_wconf 88' lang='lat' dir='ltr'><strong>thronus</strong></span> <span class='ocrx_word' id='word_1_108' title='bbox 969 1275 1089 1318; x_wconf 92' lang='lat' dir='ltr'><strong>illius</strong></span> <span class='ocrx_word' id='word_1_109' title='bbox 1119 1275 1195 1332; x_wconf 94' lang='lat' dir='ltr'><strong>qui</strong></span> <span class='ocrx_word' id='word_1_110' title='bbox 1231 1275 1286 1318; x_wconf 93' lang='lat' dir='ltr'><strong>de</strong></span> <span class='ocrx_word' id='word_1_111' title='bbox 1314 1278 1416 1332; x_wconf 91' lang='lat' dir='ltr'><strong>post</strong></span> <span class='ocrx_word' id='word_1_112' title='bbox 1444 1275 1638 1319; x_wconf 83' lang='lat' dir='ltr'><strong>fetantes</strong></span> <span class='ocrx_word' id='word_1_113' title='bbox 1667 1276 1832 1320; x_wconf 86' lang='lat' dir='ltr'><strong>electus</strong></span> 
     </span>
     <span class='ocr_line' id='line_1_16' title="bbox 366 1343 1891 1401; baseline 0.003 -15"><span class='ocrx_word' id='word_1_114' title='bbox 366 1346 445 1395; x_wconf 77' lang='lat' dir='ltr'><strong>est,</strong></span> <span class='ocrx_word' id='word_1_115' title='bbox 474 1343 740 1387; x_wconf 86' lang='lat' dir='ltr'><strong>firmaretur.</strong></span> <span class='ocrx_word' id='word_1_116' title='bbox 802 1344 1012 1387; x_wconf 90' lang='lat' dir='ltr'><strong>Omnium</strong></span> <span class='ocrx_word' id='word_1_117' title='bbox 1041 1344 1328 1387; x_wconf 88' lang='lat' dir='ltr'><strong>historiarum</strong></span> <span class='ocrx_word' id='word_1_118' title='bbox 1359 1359 1565 1401; x_wconf 84' lang='lat' dir='ltr'><strong>percurre</strong></span> <span class='ocrx_word' id='word_1_119' title='bbox 1596 1345 1753 1388; x_wconf 87' lang='lat' dir='ltr'><strong>seriem</strong></span> <span class='ocrx_word' id='word_1_120' title='bbox 1785 1349 1831 1389; x_wconf 85' lang='lat' dir='ltr'><strong>et</strong></span> <span class='ocrx_word' id='word_1_121' title='bbox 1850 1358 1891 1393; x_wconf 86' lang='lat'><strong>15</strong></span> 
     </span>
     <span class='ocr_line' id='line_1_17' title="bbox 366 1413 1831 1470; baseline 0.002 -15"><span class='ocrx_word' id='word_1_122' title='bbox 366 1424 520 1468; x_wconf 84' lang='lat' dir='ltr'><strong>regum</strong></span> <span class='ocrx_word' id='word_1_123' title='bbox 556 1413 847 1456; x_wconf 83' lang='lat' dir='ltr'><strong>successiones</strong></span> <span class='ocrx_word' id='word_1_124' title='bbox 881 1413 929 1455; x_wconf 93' lang='lat' dir='ltr'><strong>in</strong></span> <span class='ocrx_word' id='word_1_125' title='bbox 963 1413 1088 1456; x_wconf 89' lang='lat' dir='ltr'><strong>breui</strong></span> <span class='ocrx_word' id='word_1_126' title='bbox 1120 1413 1293 1456; x_wconf 87' lang='lat' dir='ltr'><strong>uidebis</strong></span> <span class='ocrx_word' id='word_1_127' title='bbox 1327 1416 1374 1456; x_wconf 91' lang='lat' dir='ltr'><strong>et</strong></span> <span class='ocrx_word' id='word_1_128' title='bbox 1408 1414 1534 1470; x_wconf 88' lang='lat' dir='ltr'><strong>quasi</strong></span> <span class='ocrx_word' id='word_1_129' title='bbox 1568 1414 1616 1456; x_wconf 91' lang='lat' dir='ltr'><strong>in</strong></span> <span class='ocrx_word' id='word_1_130' title='bbox 1649 1415 1831 1458; x_wconf 86' lang='lat' dir='ltr'><strong>exordio</strong></span> 
     </span>
     <span class='ocr_line' id='line_1_18' title="bbox 365 1480 1833 1540; baseline 0.003 -17"><span class='ocrx_word' id='word_1_131' title='bbox 365 1480 480 1523; x_wconf 86' lang='lat' dir='ltr'><strong>telae</strong></span> <span class='ocrx_word' id='word_1_132' title='bbox 510 1481 701 1524; x_wconf 90' lang='lat' dir='ltr'><strong>Domino</strong></span> <span class='ocrx_word' id='word_1_133' title='bbox 730 1482 1009 1538; x_wconf 90' lang='lat' dir='ltr'><strong>praecidente</strong></span> <span class='ocrx_word' id='word_1_134' title='bbox 1038 1482 1242 1525; x_wconf 85' lang='lat' dir='ltr'><strong>succisas.</strong></span> <span class='ocrx_word' id='word_1_135' title='bbox 1302 1482 1362 1525; x_wconf 91' lang='lat' dir='ltr'><strong>Et</strong></span> <span class='ocrx_word' id='word_1_136' title='bbox 1391 1497 1479 1539; x_wconf 90' lang='lat' dir='ltr'><strong>quo</strong></span> <span class='ocrx_word' id='word_1_137' title='bbox 1508 1497 1633 1540; x_wconf 86' lang='lat' dir='ltr'><strong>reges</strong></span> <span class='ocrx_word' id='word_1_138' title='bbox 1662 1483 1833 1528; x_wconf 82' lang='lat' dir='ltr'><strong>fuerint</strong></span> 
     </span>
     <span class='ocr_line' id='line_1_19' title="bbox 365 1549 1831 1604; baseline 0.002 -11"><span class='ocrx_word' id='word_1_139' title='bbox 365 1549 583 1601; x_wconf 86' lang='lat' dir='ltr'><strong>clariores,</strong></span> <span class='ocrx_word' id='word_1_140' title='bbox 603 1565 654 1594; x_wconf 90' lang='lat' dir='ltr'><strong>eo</strong></span> <span class='ocrx_word' id='word_1_141' title='bbox 684 1551 828 1604; x_wconf 86' lang='lat' dir='ltr'><strong>citius,</strong></span> <span class='ocrx_word' id='word_1_142' title='bbox 847 1551 885 1594; x_wconf 92' lang='lat' dir='ltr'><strong>si</strong></span> <span class='ocrx_word' id='word_1_143' title='bbox 913 1551 1125 1594; x_wconf 90' lang='lat' dir='ltr'><strong>aduersus</strong></span> <span class='ocrx_word' id='word_1_144' title='bbox 1156 1551 1302 1594; x_wconf 91' lang='lat' dir='ltr'><strong>Deum</strong></span> <span class='ocrx_word' id='word_1_145' title='bbox 1332 1551 1638 1603; x_wconf 86' lang='lat' dir='ltr'><strong>intumuerint,</strong></span> <span class='ocrx_word' id='word_1_146' title='bbox 1658 1553 1831 1597; x_wconf 91' lang='lat' dir='ltr'><strong>concul-</strong></span> 
     </span>
     <span class='ocr_line' id='line_1_20' title="bbox 364 1620 1831 1679; baseline 0.003 -17"><span class='ocrx_word' id='word_1_147' title='bbox 364 1622 492 1662; x_wconf 85' lang='lat' dir='ltr'><strong>catur</strong></span> <span class='ocrx_word' id='word_1_148' title='bbox 510 1634 659 1663; x_wconf 89' lang='lat' dir='ltr'><strong>semen</strong></span> <span class='ocrx_word' id='word_1_149' title='bbox 679 1635 842 1664; x_wconf 90' lang='lat' dir='ltr'><strong>eorum.</strong></span> <span class='ocrx_word' id='word_1_150' title='bbox 901 1620 1005 1664; x_wconf 91' lang='lat' dir='ltr'><strong>Non</strong></span> <span class='ocrx_word' id='word_1_151' title='bbox 1030 1623 1097 1664; x_wconf 88' lang='lat' dir='ltr'><strong>est</strong></span> <span class='ocrx_word' id='word_1_152' title='bbox 1123 1621 1353 1678; x_wconf 86' lang='lat' dir='ltr'><strong>sapientia,</strong></span> <span class='ocrx_word' id='word_1_153' title='bbox 1372 1635 1462 1664; x_wconf 92' lang='lat' dir='ltr'><strong>non</strong></span> <span class='ocrx_word' id='word_1_154' title='bbox 1489 1624 1557 1665; x_wconf 89' lang='lat' dir='ltr'><strong>est</strong></span> <span class='ocrx_word' id='word_1_155' title='bbox 1582 1622 1831 1679; x_wconf 88' lang='lat' dir='ltr'><strong>prudentia,</strong></span> 
     </span>
     <span class='ocr_line' id='line_1_21' title="bbox 366 1680 1894 1741; baseline 0.004 -12"><span class='ocrx_word' id='word_1_156' title='bbox 366 1702 455 1730; x_wconf 93' lang='lat' dir='ltr'><strong>non</strong></span> <span class='ocrx_word' id='word_1_157' title='bbox 491 1691 558 1731; x_wconf 89' lang='lat' dir='ltr'><strong>est</strong></span> <span class='ocrx_word' id='word_1_158' title='bbox 592 1689 824 1732; x_wconf 87' lang='lat' dir='ltr'><strong>consilium</strong></span> <span class='ocrx_word' id='word_1_159' title='bbox 855 1692 1010 1733; x_wconf 86' lang='lat' dir='ltr'><strong>contra</strong></span> <span class='ocrx_word' id='word_1_160' title='bbox 1044 1680 1297 1741; x_wconf 88' lang='lat' dir='ltr'><strong>Dominum,</strong></span> <span class='ocrx_word' id='word_1_161' title='bbox 1331 1693 1449 1734; x_wconf 87' lang='lat' dir='ltr'><strong>certe</strong></span> <span class='ocrx_word' id='word_1_162' title='bbox 1488 1705 1568 1734; x_wconf 87' lang='lat' dir='ltr'><strong>nec</strong></span> <span class='ocrx_word' id='word_1_163' title='bbox 1599 1690 1828 1735; x_wconf 88' lang='lat' dir='ltr'><strong>fortitudo.</strong></span> <span class='ocrx_word' id='word_1_164' title='bbox 1850 1702 1894 1727; x_wconf 82' lang='lat'><strong>20</strong></span> 
     </span>
     <span class='ocr_line' id='line_1_22' title="bbox 366 1756 1831 1816; baseline 0.004 -17"><span class='ocrx_word' id='word_1_165' title='bbox 366 1756 415 1799; x_wconf 86' lang='lat' dir='ltr'><strong>Si</strong></span> <span class='ocrx_word' id='word_1_166' title='bbox 434 1756 506 1800; x_wconf 89' lang='lat' dir='ltr'><strong>ille</strong></span> <span class='ocrx_word' id='word_1_167' title='bbox 522 1758 726 1816; x_wconf 86' lang='lat' dir='ltr'><strong>insurgit,</strong></span> <span class='ocrx_word' id='word_1_168' title='bbox 741 1759 779 1802; x_wconf 87' lang='lat' dir='ltr'><strong>si</strong></span> <span class='ocrx_word' id='word_1_169' title='bbox 791 1759 1082 1816; x_wconf 87' lang='lat' dir='ltr'><strong>persequitur,</strong></span> <span class='ocrx_word' id='word_1_170' title='bbox 1097 1759 1155 1802; x_wconf 91' lang='lat' dir='ltr'><strong>ad</strong></span> <span class='ocrx_word' id='word_1_171' title='bbox 1171 1760 1444 1803; x_wconf 83' lang='lat' dir='ltr'><strong>emendicata</strong></span> <span class='ocrx_word' id='word_1_172' title='bbox 1455 1764 1831 1805; x_wconf 86' lang='lat' dir='ltr'><strong>sacramentorum</strong></span> 
     </span>
     <span class='ocr_line' id='line_1_23' title="bbox 364 1827 1870 1885; baseline 0.003 -16"><span class='ocrx_word' id='word_1_173' title='bbox 364 1827 576 1884; x_wconf 82' lang='lat' dir='ltr'><strong>suffragia</strong></span> <span class='ocrx_word' id='word_1_174' title='bbox 612 1831 658 1870; x_wconf 93' lang='lat' dir='ltr'><strong>et</strong></span> <span class='ocrx_word' id='word_1_175' title='bbox 690 1828 746 1870; x_wconf 88' lang='lat' dir='ltr'><strong>ad</strong></span> <span class='ocrx_word' id='word_1_176' title='bbox 782 1828 1003 1885; x_wconf 87' lang='lat' dir='ltr'><strong>praesidia</strong></span> <span class='ocrx_word' id='word_1_177' title='bbox 1036 1829 1334 1872; x_wconf 92' lang='lat' dir='ltr'><strong>munitionum</strong></span> <span class='ocrx_word' id='word_1_178' title='bbox 1367 1829 1536 1873; x_wconf 77' lang='lat' dir='ltr'><strong>frustra</strong></span> <span class='ocrx_word' id='word_1_179' title='bbox 1570 1830 1832 1882; x_wconf 87' lang='lat' dir='ltr'><strong>decurritur,</strong></span> <span class='ocrx_word' id='word_1_180' title='bbox 1867 1830 1870 1834; x_wconf 83' lang='grc'><strong>’</strong></span> 
     </span>
     <span class='ocr_line' id='line_1_24' title="bbox 324 1895 1832 1956; baseline 0.004 -18"><span class='ocrx_word' id='word_1_181' title='bbox 324 1915 349 1944; x_wconf 79' lang='lat' dir='ltr'>c</span> <span class='ocrx_word' id='word_1_182' title='bbox 366 1895 471 1953; x_wconf 89' lang='lat' dir='ltr'><strong>quia</strong></span> <span class='ocrx_word' id='word_1_183' title='bbox 516 1911 604 1939; x_wconf 91' lang='lat' dir='ltr'><strong>non</strong></span> <span class='ocrx_word' id='word_1_184' title='bbox 649 1900 717 1940; x_wconf 85' lang='lat' dir='ltr'><strong>est</strong></span> <span class='ocrx_word' id='word_1_185' title='bbox 755 1897 831 1954; x_wconf 90' lang='lat' dir='ltr'><strong>qui</strong></span> <span class='ocrx_word' id='word_1_186' title='bbox 871 1897 925 1940; x_wconf 90' lang='lat' dir='ltr'><strong>de</strong></span> <span class='ocrx_word' id='word_1_187' title='bbox 965 1912 1101 1940; x_wconf 89' lang='lat' dir='ltr'><strong>manu</strong></span> <span class='ocrx_word' id='word_1_188' title='bbox 1145 1898 1264 1941; x_wconf 91' lang='lat' dir='ltr'><strong>illius</strong></span> <span class='ocrx_word' id='word_1_189' title='bbox 1304 1899 1445 1956; x_wconf 89' lang='lat' dir='ltr'><strong>possit</strong></span> <span class='ocrx_word' id='word_1_190' title='bbox 1483 1914 1647 1944; x_wconf 87' lang='lat' dir='ltr'><strong>eruere.</strong></span> <span class='ocrx_word' id='word_1_191' title='bbox 1720 1900 1832 1954; x_wconf 80' lang='lat' dir='ltr'><strong>Quis</strong></span> 
     </span>
     <span class='ocr_line' id='line_1_25' title="bbox 366 1965 1831 2027; baseline 0.003 -19"><span class='ocrx_word' id='word_1_192' title='bbox 366 1965 622 2009; x_wconf 78' lang='lat' dir='ltr'><strong>Alexandro</strong></span> <span class='ocrx_word' id='word_1_193' title='bbox 651 1966 792 2009; x_wconf 89' lang='lat' dir='ltr'><strong>maior</strong></span> <span class='ocrx_word' id='word_1_194' title='bbox 821 1967 868 2009; x_wconf 90' lang='lat' dir='ltr'><strong>in</strong></span> <span class='ocrx_word' id='word_1_195' title='bbox 898 1967 1084 2011; x_wconf 60' lang='lat' dir='ltr'><strong>Grecia‘l</strong></span> <span class='ocrx_word' id='word_1_196' title='bbox 1143 1967 1202 2010; x_wconf 87' lang='lat' dir='ltr'><strong>Et</strong></span> <span class='ocrx_word' id='word_1_197' title='bbox 1231 1971 1380 2011; x_wconf 91' lang='lat' dir='ltr'><strong>tamen</strong></span> <span class='ocrx_word' id='word_1_198' title='bbox 1411 1983 1500 2011; x_wconf 87' lang='lat' dir='ltr'><strong>non</strong></span> <span class='ocrx_word' id='word_1_199' title='bbox 1529 1983 1635 2012; x_wconf 87' lang='lat' dir='ltr'><strong>suus</strong></span> <span class='ocrx_word' id='word_1_200' title='bbox 1665 1969 1831 2027; x_wconf 88' lang='lat' dir='ltr'><strong>legitur</strong></span> 
     </span>
     <span class='ocr_line' id='line_1_26' title="bbox 366 2035 1891 2090; baseline 0.006 -13"><span class='ocrx_word' id='word_1_201' title='bbox 366 2035 621 2078; x_wconf 83' lang='lat' dir='ltr'><strong>successisse</strong></span> <span class='ocrx_word' id='word_1_202' title='bbox 659 2035 736 2078; x_wconf 89' lang='lat' dir='ltr'><strong>sed</strong></span> <span class='ocrx_word' id='word_1_203' title='bbox 781 2036 899 2079; x_wconf 87' lang='lat' dir='ltr'><strong>filius</strong></span> <span class='ocrx_word' id='word_1_204' title='bbox 938 2036 1186 2080; x_wconf 85' lang='lat' dir='ltr'><strong>saltatricis.</strong></span> <span class='ocrx_word' id='word_1_205' title='bbox 1261 2037 1371 2090; x_wconf 82' lang='lat' dir='ltr'><strong>Quis</strong></span> <span class='ocrx_word' id='word_1_206' title='bbox 1417 2037 1629 2082; x_wconf 85' lang='lat' dir='ltr'><strong>Cesareae</strong></span> <span class='ocrx_word' id='word_1_207' title='bbox 1673 2039 1829 2083; x_wconf 87' lang='lat' dir='ltr'><strong>domus</strong></span> <span class='ocrx_word' id='word_1_208' title='bbox 1848 2050 1891 2086; x_wconf 62' lang='grc' dir='ltr'><strong>’ὅ</strong></span> 
     </span>
     <span class='ocr_line' id='line_1_27' title="bbox 365 2104 1831 2165; baseline 0.004 -19"><span class='ocrx_word' id='word_1_209' title='bbox 365 2104 523 2147; x_wconf 87' lang='lat' dir='ltr'><strong>seriem</strong></span> <span class='ocrx_word' id='word_1_210' title='bbox 563 2105 734 2148; x_wconf 77' lang='lat' dir='ltr'><strong>nescit?</strong></span> <span class='ocrx_word' id='word_1_211' title='bbox 792 2105 936 2148; x_wconf 83' lang='lat' dir='ltr'><strong>Rarus</strong></span> <span class='ocrx_word' id='word_1_212' title='bbox 976 2120 1127 2148; x_wconf 90' lang='lat' dir='ltr'><strong>eorum</strong></span> <span class='ocrx_word' id='word_1_213' title='bbox 1166 2109 1246 2149; x_wconf 90' lang='lat' dir='ltr'><strong>aut</strong></span> <span class='ocrx_word' id='word_1_214' title='bbox 1285 2106 1434 2150; x_wconf 88' lang='lat' dir='ltr'><strong>nullus</strong></span> <span class='ocrx_word' id='word_1_215' title='bbox 1468 2106 1610 2150; x_wconf 88' lang='lat' dir='ltr'><strong>filium</strong></span> <span class='ocrx_word' id='word_1_216' title='bbox 1649 2108 1831 2165; x_wconf 88' lang='lat' dir='ltr'><strong>reliquit</strong></span> 
     </span>
     <span class='ocr_line' id='line_1_28' title="bbox 367 2173 1832 2232; baseline 0.004 -17"><span class='ocrx_word' id='word_1_217' title='bbox 367 2173 585 2224; x_wconf 88' lang='lat' dir='ltr'><strong>heredem,</strong></span> <span class='ocrx_word' id='word_1_218' title='bbox 613 2177 659 2217; x_wconf 85' lang='lat' dir='ltr'><strong>et</strong></span> <span class='ocrx_word' id='word_1_219' title='bbox 688 2188 839 2217; x_wconf 86' lang='lat' dir='ltr'><strong>omnes</strong></span> <span class='ocrx_word' id='word_1_220' title='bbox 869 2174 915 2217; x_wconf 92' lang='lat' dir='ltr'><strong>in</strong></span> <span class='ocrx_word' id='word_1_221' title='bbox 946 2174 1069 2217; x_wconf 86' lang='lat' dir='ltr'><strong>breui</strong></span> <span class='ocrx_word' id='word_1_222' title='bbox 1100 2177 1201 2232; x_wconf 89' lang='lat' dir='ltr'><strong>post</strong></span> <span class='ocrx_word' id='word_1_223' title='bbox 1230 2174 1356 2217; x_wconf 86' lang='lat' dir='ltr'><strong>uaria</strong></span> <span class='ocrx_word' id='word_1_224' title='bbox 1385 2175 1580 2232; x_wconf 88' lang='lat' dir='ltr'><strong>pericula</strong></span> <span class='ocrx_word' id='word_1_225' title='bbox 1610 2179 1656 2219; x_wconf 88' lang='lat' dir='ltr'><strong>et</strong></span> <span class='ocrx_word' id='word_1_226' title='bbox 1679 2177 1832 2221; x_wconf 87' lang='lat' dir='ltr'><strong>caedes</strong></span> 
     </span>
     <span class='ocr_line' id='line_1_29' title="bbox 368 2242 1832 2302; baseline 0.003 -17"><span class='ocrx_word' id='word_1_227' title='bbox 368 2242 437 2285; x_wconf 80' lang='lat' dir='ltr'><strong>sui</strong></span> <span class='ocrx_word' id='word_1_228' title='bbox 468 2244 514 2285; x_wconf 87' lang='lat' dir='ltr'><strong>et</strong></span> <span class='ocrx_word' id='word_1_229' title='bbox 542 2256 722 2286; x_wconf 88' lang='lat' dir='ltr'><strong>suorum</strong></span> <span class='ocrx_word' id='word_1_230' title='bbox 753 2242 964 2300; x_wconf 87' lang='lat' dir='ltr'><strong>plurimas</strong></span> <span class='ocrx_word' id='word_1_231' title='bbox 995 2243 1181 2286; x_wconf 87' lang='lat' dir='ltr'><strong>diuersis</strong></span> <span class='ocrx_word' id='word_1_232' title='bbox 1211 2243 1428 2286; x_wconf 88' lang='lat' dir='ltr'><strong>mortibus</strong></span> <span class='ocrx_word' id='word_1_233' title='bbox 1452 2247 1498 2287; x_wconf 88' lang='lat' dir='ltr'><strong>et</strong></span> <span class='ocrx_word' id='word_1_234' title='bbox 1526 2244 1618 2288; x_wconf 84' lang='lat' dir='ltr'><strong>fere</strong></span> <span class='ocrx_word' id='word_1_235' title='bbox 1644 2245 1832 2302; x_wconf 88' lang='lat' dir='ltr'><strong>ignomi-</strong></span> 
     </span>
     <span class='ocr_line' id='line_1_30' title="bbox 367 2311 1831 2368; baseline 0.003 -14"><span class='ocrx_word' id='word_1_236' title='bbox 367 2311 503 2354; x_wconf 85' lang='lat' dir='ltr'><strong>niosis</strong></span> <span class='ocrx_word' id='word_1_237' title='bbox 539 2311 664 2368; x_wconf 81' lang='lat' dir='ltr'><strong>quasi</strong></span> <span class='ocrx_word' id='word_1_238' title='bbox 701 2311 747 2354; x_wconf 89' lang='lat' dir='ltr'><strong>in</strong></span> <span class='ocrx_word' id='word_1_239' title='bbox 790 2315 1012 2356; x_wconf 89' lang='lat' dir='ltr'><strong>momento</strong></span> <span class='ocrx_word' id='word_1_240' title='bbox 1044 2312 1177 2356; x_wconf 89' lang='lat' dir='ltr'><strong>deleti</strong></span> <span class='ocrx_word' id='word_1_241' title='bbox 1212 2315 1319 2356; x_wconf 86' lang='lat' dir='ltr'><strong>sunt</strong></span> <span class='ocrx_word' id='word_1_242' title='bbox 1351 2316 1396 2356; x_wconf 89' lang='lat' dir='ltr'><strong>et</strong></span> <span class='ocrx_word' id='word_1_243' title='bbox 1430 2313 1742 2358; x_wconf 84' lang='lat' dir='ltr'><strong>descendentes</strong></span> <span class='ocrx_word' id='word_1_244' title='bbox 1774 2314 1831 2358; x_wconf 87' lang='lat' dir='ltr'><strong>ad</strong></span> 
     </span>
     <span class='ocr_line' id='line_1_31' title="bbox 368 2380 1893 2439; baseline 0.003 -15"><span class='ocrx_word' id='word_1_245' title='bbox 368 2380 536 2424; x_wconf 79' lang='lat' dir='ltr'><strong>inferos</strong></span> <span class='ocrx_word' id='word_1_246' title='bbox 555 2395 822 2425; x_wconf 85' lang='lat' dir='ltr'><strong>successores</strong></span> <span class='ocrx_word' id='word_1_247' title='bbox 843 2381 1096 2425; x_wconf 82' lang='lat' dir='ltr'><strong>habuerunt</strong></span> <span class='ocrx_word' id='word_1_248' title='bbox 1115 2385 1194 2425; x_wconf 82' lang='lat' dir='ltr'><strong>aut</strong></span> <span class='ocrx_word' id='word_1_249' title='bbox 1214 2382 1361 2425; x_wconf 86' lang='lat' dir='ltr'><strong>hostes</strong></span> <span class='ocrx_word' id='word_1_250' title='bbox 1377 2385 1456 2426; x_wconf 87' lang='lat' dir='ltr'><strong>aut</strong></span> <span class='ocrx_word' id='word_1_251' title='bbox 1476 2382 1661 2439; x_wconf 87' lang='lat' dir='ltr'><strong>ignotos.</strong></span> <span class='ocrx_word' id='word_1_252' title='bbox 1712 2383 1831 2438; x_wconf 81' lang='lat' dir='ltr'><strong>Quid</strong></span> <span class='ocrx_word' id='word_1_253' title='bbox 1849 2394 1893 2429; x_wconf 78' lang='lat'><strong>30</strong></span> 
     </span>
    </p>
   </div>
   <div class='ocr_carea' id='block_1_5' title="bbox 366 2518 1830 2882">
    <p class='ocr_par' dir='ltr' id='par_1_5' title="bbox 368 2518 619 2563">
     <span class='ocr_line' id='line_1_32' title="bbox 368 2518 619 2563; baseline -0.008 -6"><span class='ocrx_word' id='word_1_254' title='bbox 368 2528 412 2563; x_wconf 81' lang='lat'><strong>14</strong></span> <span class='ocrx_word' id='word_1_255' title='bbox 436 2519 570 2555; x_wconf 75' lang='lat' dir='ltr'><strong>trouu·</strong></span> <span class='ocrx_word' id='word_1_256' title='bbox 586 2518 619 2555; x_wconf 78' lang='lat' dir='ltr'>A</span> 
     </span>
    </p>

    <p class='ocr_par' dir='ltr' id='par_1_6' title="bbox 366 2644 1830 2882">
     <span class='ocr_line' id='line_1_33' title="bbox 461 2644 1830 2694; baseline 0.003 -13"><span class='ocrx_word' id='word_1_257' title='bbox 461 2657 499 2681; x_wconf 80' lang='lat' dir='ltr'><strong>re</strong></span> <span class='ocrx_word' id='word_1_258' title='bbox 523 2658 609 2681; x_wconf 81' lang='lat' dir='ltr'><strong>num</strong></span> <span class='ocrx_word' id='word_1_259' title='bbox 634 2647 728 2682; x_wconf 55' lang='lat' dir='ltr'><strong>ete:</strong></span> <span class='ocrx_word' id='word_1_260' title='bbox 767 2644 869 2682; x_wconf 77' lang='lat' dir='ltr'><strong>Eccli</strong></span> <span class='ocrx_word' id='word_1_261' title='bbox 900 2656 934 2681; x_wconf 84' lang='lat' dir='ltr'><strong>x.</strong></span> <span class='ocrx_word' id='word_1_262' title='bbox 963 2646 996 2682; x_wconf 90' lang='lat'><strong>8.</strong></span> <span class='ocrx_word' id='word_1_263' title='bbox 1183 2655 1223 2682; x_wconf 80' lang='lat'><strong>12</strong></span> <span class='ocrx_word' id='word_1_264' title='bbox 1250 2648 1341 2682; x_wconf 76' lang='lat' dir='ltr'><strong>Saul</strong></span> <span class='ocrx_word' id='word_1_265' title='bbox 1366 2649 1463 2684; x_wconf 81' lang='lat' dir='ltr'><strong>etc.:</strong></span> <span class='ocrx_word' id='word_1_266' title='bbox 1498 2660 1529 2684; x_wconf 85' lang='lat' dir='ltr'><strong>v.</strong></span> <span class='ocrx_word' id='word_1_267' title='bbox 1561 2658 1573 2684; x_wconf 79' lang='grc' dir='ltr'><strong>ι</strong></span> <span class='ocrx_word' id='word_1_268' title='bbox 1605 2648 1695 2694; x_wconf 77' lang='lat' dir='ltr'><strong>Reg.</strong></span> <span class='ocrx_word' id='word_1_269' title='bbox 1719 2648 1830 2693; x_wconf 83' lang='lat' dir='ltr'><strong>xxxi;</strong></span> 
     </span>
     <span class='ocr_line' id='line_1_34' title="bbox 370 2692 1830 2743; baseline 0.003 -13"><span class='ocrx_word' id='word_1_270' title='bbox 370 2702 383 2730; x_wconf 83' lang='grc'>1</span> <span class='ocrx_word' id='word_1_271' title='bbox 436 2704 502 2728; x_wconf 75' lang='lat' dir='ltr'><strong>ara</strong></span> <span class='ocrx_word' id='word_1_272' title='bbox 520 2692 567 2739; x_wconf 87' lang='lat' dir='ltr'><strong>ip.</strong></span> <span class='ocrx_word' id='word_1_273' title='bbox 587 2705 620 2729; x_wconf 84' lang='lat' dir='ltr'><strong>x.</strong></span> <span class='ocrx_word' id='word_1_274' title='bbox 724 2703 763 2738; x_wconf 78' lang='lat'><strong>¹4</strong></span> <span class='ocrx_word' id='word_1_275' title='bbox 780 2695 843 2740; x_wconf 73' lang='lat' dir='ltr'><strong>qui</strong></span> <span class='ocrx_word' id='word_1_276' title='bbox 858 2695 901 2728; x_wconf 72' lang='lat' dir='ltr'><strong>da</strong></span> <span class='ocrx_word' id='word_1_277' title='bbox 913 2699 994 2739; x_wconf 72' lang='lat' dir='ltr'><strong>poet</strong></span> <span class='ocrx_word' id='word_1_278' title='bbox 1007 2695 1080 2731; x_wconf 79' lang='lat' dir='ltr'><strong>eto.</strong></span> <span class='ocrx_word' id='word_1_279' title='bbox 1096 2703 1105 2729; x_wconf 72' lang='grc' dir='ltr'><strong><em>ε</em></strong></span> <span class='ocrx_word' id='word_1_280' title='bbox 1132 2704 1181 2730; x_wconf 76' lang='lat' dir='ltr'><strong>uc.</strong></span> <span class='ocrx_word' id='word_1_281' title='bbox 1196 2693 1311 2730; x_wconf 73' lang='lat' dir='ltr'><strong>David</strong></span> <span class='ocrx_word' id='word_1_282' title='bbox 1326 2707 1334 2738; x_wconf 90' lang='lat'>;</span> <span class='ocrx_word' id='word_1_283' title='bbox 1362 2707 1393 2730; x_wconf 91' lang='lat' dir='ltr'><strong>v.</strong></span> <span class='ocrx_word' id='word_1_284' title='bbox 1410 2694 1466 2731; x_wconf 68' lang='lat' dir='ltr'><strong>Pa.</strong></span> <span class='ocrx_word' id='word_1_285' title='bbox 1484 2694 1613 2732; x_wconf 84' lang='lat' dir='ltr'><strong>lxxvii.</strong></span> <span class='ocrx_word' id='word_1_286' title='bbox 1631 2705 1687 2740; x_wconf 89' lang='lat'><strong>70.</strong></span> <span class='ocrx_word' id='word_1_287' title='bbox 1788 2707 1830 2743; x_wconf 87' lang='lat'><strong>19</strong></span> 
     </span>
     <span class='ocr_line' id='line_1_35' title="bbox 366 2740 1830 2799; baseline 0.004 -23"><span class='ocrx_word' id='word_1_288' title='bbox 366 2740 516 2794; x_wconf 70' lang='lat' dir='ltr'><strong>N⁰⁸..‘⁸‘</strong></span> <span class='ocrx_word' id='word_1_289' title='bbox 533 2742 713 2787; x_wconf 67' lang='lat' dir='ltr'><strong>asapiencia</strong></span> <span class='ocrx_word' id='word_1_290' title='bbox 731 2744 825 2778; x_wconf 47' lang='lat' dir='ltr'><strong>etos</strong></span> <span class='ocrx_word' id='word_1_291' title='bbox 855 2740 958 2778; x_wconf 84' lang='lat' dir='ltr'><strong>l&#39;rov.</strong></span> <span class='ocrx_word' id='word_1_292' title='bbox 985 2740 1058 2776; x_wconf 83' lang='lat' dir='ltr'><strong>xxi.</strong></span> <span class='ocrx_word' id='word_1_293' title='bbox 1078 2751 1150 2798; x_wconf 38' lang='lat'><strong>30..</strong></span> <span class='ocrx_word' id='word_1_294' title='bbox 1233 2751 1277 2787; x_wconf 85' lang='lat'><strong>23</strong></span> <span class='ocrx_word' id='word_1_295' title='bbox 1303 2748 1442 2799; x_wconf 27' lang='lat' dir='ltr'><strong>oto-nnat</strong></span> <span class='ocrx_word' id='word_1_296' title='bbox 1458 2744 1522 2789; x_wconf 75' lang='lat' dir='ltr'><strong>qui</strong></span> <span class='ocrx_word' id='word_1_297' title='bbox 1546 2745 1639 2797; x_wconf 47' lang='lat' dir='ltr'><strong>eto3:</strong></span> <span class='ocrx_word' id='word_1_298' title='bbox 1667 2755 1699 2779; x_wconf 88' lang='lat' dir='ltr'><strong>v.</strong></span> <span class='ocrx_word' id='word_1_299' title='bbox 1717 2742 1830 2782; x_wconf 82' lang='lat' dir='ltr'><strong>Dent.</strong></span> 
     </span>
     <span class='ocr_line' id='line_1_36' title="bbox 367 2787 1829 2882; baseline 0.003 -59"><span class='ocrx_word' id='word_1_300' title='bbox 367 2797 569 2871; x_wconf 35' lang='lat' dir='ltr'><strong>{aniz-3&amp;</strong></span> <span class='ocrx_word' id='word_1_301' title='bbox 586 2788 643 2882; x_wconf 45' lang='grc' dir='ltr'><strong>ἐς</strong></span> <span class='ocrx_word' id='word_1_302' title='bbox 661 2787 727 2872; x_wconf 52' lang='lat' dir='ltr'><strong>Izob</strong></span> <span class='ocrx_word' id='word_1_303' title='bbox 745 2799 780 2825; x_wconf 83' lang='lat' dir='ltr'><strong>x.</strong></span> <span class='ocrx_word' id='word_1_304' title='bbox 798 2797 830 2834; x_wconf 93' lang='lat'><strong>7.</strong></span> <span class='ocrx_word' id='word_1_305' title='bbox 1022 2798 1064 2836; x_wconf 84' lang='lat'><strong>25</strong></span> <span class='ocrx_word' id='word_1_306' title='bbox 1082 2790 1193 2835; x_wconf 71' lang='lat' dir='ltr'><strong>stluue</strong></span> <span class='ocrx_word' id='word_1_307' title='bbox 1208 2790 1428 2826; x_wconf 68' lang='lat' dir='ltr'><strong>calceet-sm:</strong></span> <span class='ocrx_word' id='word_1_308' title='bbox 1455 2801 1505 2827; x_wconf 77' lang='lat' dir='ltr'><strong>sc.</strong></span> <span class='ocrx_word' id='word_1_309' title='bbox 1523 2790 1773 2835; x_wconf 55' lang='lat' dir='ltr'><strong>Arrhidaeum</strong></span> <span class='ocrx_word' id='word_1_310' title='bbox 1797 2803 1829 2828; x_wconf 85' lang='lat' dir='ltr'><strong>v.</strong></span> 
     </span>
    </p>
   </div>
   <div class='ocr_carea' id='block_1_6' title="bbox 477 2907 542 2951">
    <p class='ocr_par' dir='ltr' id='par_1_7' title="bbox 477 2907 542 2951">
     <span class='ocr_line' id='line_1_37' title="bbox 477 2907 542 2951; baseline 0 -11"><span class='ocrx_word' id='word_1_311' title='bbox 477 2907 542 2951; x_wconf 79' lang='lat'><strong>²7⁶</strong></span> 
     </span>
    </p>
   </div>
  </div>
 </body>
</html>
