1994 3190
251 179 336 230 486
354 181 385 220 b
728 177 988 222 IOANNIS
1029 176 1543 222 SARESBERIENSIS
1677 174 1786 236 [Lm.
1802 187 1864 220 111

401 301 439 344 si
471 300 697 357 sequimur
726 300 908 352 Stoicos,
934 315 985 344 eo
1017 301 1134 358 quod
1164 301 1245 344 fiat
1276 300 1394 358 quod
1424 299 1592 343 dictum
1627 301 1706 342 est.
1765 297 1865 341 Lux

400 385 511 422 mea,
541 370 660 413 salus
689 385 799 424 mea,
829 362 1053 428 refugium
1087 385 1246 422 meum,
1275 386 1350 415 cor
1378 386 1526 414 meum
1556 373 1602 413 et
1630 370 1727 412 uita
1755 382 1864 418 mea,

401 439 494 482 dux
514 440 688 492 inuicte,
707 440 957 484 uiuentium
977 441 1310 497 sapientissime,
1330 441 1527 484 omnium
1554 439 1799 497 largissime
1820 440 1866 480 et

399 508 724 566 benignissime,
754 509 937 553 uiuendi
972 509 1127 561 forma,
1158 510 1342 554 uirtutis
1375 509 1613 567 speculum,
1643 511 1688 552 et
1719 509 1865 551 cetera

399 578 651 623 huiusmodi
681 579 932 636 importune
971 579 1156 637 ingesta,
1183 594 1329 623 nonne
1356 580 1488 637 plena
1517 581 1622 622 sunt
1651 592 1741 620 non
1770 580 1864 620 tam
1885 591 1903 625 5

358 659 383 688 c
399 648 667 692 adulationis
687 649 799 692 uitio
826 664 959 706 quam
984 649 1187 692 ueneno?
1246 649 1363 692 Sunt
1393 649 1511 692 enim
1538 648 1615 705 qui
1642 661 1721 690 nec
1745 660 1864 690 scur-

398 718 540 761 rantis
560 718 748 775 speciem
768 718 929 768 uitant,
949 733 1049 761 cum
1069 718 1310 762 amicitiam
1336 719 1615 776 profitentur.
1672 716 1865 767 Venena,

397 787 547 843 inquit
575 788 762 844 sapiens,
787 801 878 830 non
904 787 1070 830 dantur
1095 787 1181 830 nisi
1208 788 1337 830 melle
1365 787 1624 831 circumlita.
1683 784 1865 827 Nullae-

398 871 484 913 que
518 857 775 900 occultiores
815 859 921 899 sunt
960 856 1146 900 insidiae
1185 872 1319 914 quam
1362 857 1446 899 hae
1485 871 1598 913 quae
1636 855 1779 898 latent
1817 853 1866 895 in

397 926 678 969 simulatione
713 926 842 969 officii
878 929 958 969 aut
989 926 1138 982 aliquo
1170 926 1508 969 necessitudinis
1538 925 1728 968 nomine.
1797 922 1866 965 Tu
1885 932 1928 957 10

397 995 655 1052 obsequium
690 999 834 1052 putas,
866 995 1107 1038 amicitiam
1147 995 1395 1052 suspicaris,
1432 995 1603 1038 metiris
1637 993 1843 1037 affectum
1855 1005 1866 1044 ;

398 1065 584 1108 insidiae
611 1069 727 1108 sunt.
785 1065 892 1117 Nec,
912 1068 964 1107 ut
985 1068 1052 1108 est
1071 1065 1119 1106 in
1140 1064 1305 1107 fabulis
1329 1065 1553 1122 (quoniam
1573 1066 1619 1106 et
1637 1061 1867 1106 mendacia

397 1138 629 1192 poetarum
650 1135 852 1177 seruiunt
872 1134 1085 1191 ueritati),
1106 1134 1220 1177 Iuno
1241 1134 1442 1178 Semelen
1470 1134 1698 1190 deceptam
1722 1132 1770 1174 in
1797 1131 1864 1174 in-

397 1204 602 1248 cendium
628 1204 888 1261 impulisset,
917 1204 955 1246 si
980 1218 1069 1247 non
1097 1207 1212 1247 esset
1237 1204 1424 1248 nutricis
1449 1204 1609 1246 induta
1634 1193 1792 1245 faciem
1819 1204 1865 1245 et

398 1273 587 1316 mentita
619 1274 838 1317 affectum.
910 1273 1010 1316 Tibi
1043 1274 1184 1317 credis
1223 1274 1418 1331 impendi
1450 1272 1745 1325 famulatum3
1789 1285 1863 1315 ex·
1885 1283 1924 1317 15

397 1346 565 1386 tremae
595 1345 641 1386 et
669 1342 940 1386 miserrimae
969 1343 1179 1387 subiceris
1208 1343 1427 1387 seruituti.
1486 1342 1604 1386 Nam

853 1449 954 1478 cum
983 1433 1156 1478 facilem
1187 1435 1376 1478 distillat
1404 1435 1451 1477 in
1481 1448 1634 1478 aurem

354 1493 383 1533 d
458 1493 669 1550 exiguum
700 1492 754 1535 de
783 1495 971 1536 naturae
1001 1493 1190 1550 uitiique
1219 1507 1405 1546 ueneno,

399 1584 644 1642 dispeream
674 1585 722 1627 ni
752 1588 1030 1628 summoueat
1056 1600 1207 1629 omnes
1234 1585 1310 1642 qui
1337 1599 1444 1628 uera
1470 1584 1715 1641 loquuntur
1740 1583 1862 1628 dedi-

398 1655 526 1712 gnati
553 1655 864 1698 assentationis
889 1654 1037 1698 subire
1060 1658 1225 1699 notam.
1286 1654 1457 1697 Limine
1480 1657 1797 1707 summouetur,
1817 1656 1863 1696 et
1883 1667 1925 1692 πο

399 1724 510 1767 bene
530 1724 567 1767 si
587 1738 677 1767 non
698 1724 920 1767 iudicatur
943 1724 1159 1776 inimicus,
1181 1724 1257 1781 qui
1281 1724 1476 1781 potentis
1506 1724 1635 1767 amici
1659 1724 1863 1781 uolupta-

399 1793 520 1836 tibus
541 1793 675 1836 etiam
691 1793 964 1850 turpioribus
983 1808 1071 1836 non
1093 1794 1222 1837 modo
1241 1793 1515 1844 contradicit,
1528 1793 1603 1835 sed
1625 1793 1759 1835 etiam
1774 1807 1863 1836 non

398 1862 629 1906 consentit.
691 1862 750 1905 Et
784 1862 962 1919 quidem
997 1877 1076 1906 nec
1108 1877 1343 1906 consensus
1378 1862 1434 1905 ad
1469 1862 1659 1919 gratiam
1692 1862 1863 1913 sufficit,

398 1931 642 1989 approbare
672 1932 977 1975 commendare
1007 1932 1275 1989 applaudere
1307 1931 1545 1974 insanienti
1576 1945 1748 1974 necesse
1779 1934 1863 1984 est;

397 2016 498 2044 cum
518 2001 667 2044 omnia
690 2000 972 2051 malefecerit,
993 2001 1240 2044 laudandus
1265 2004 1339 2044 est*
1359 2000 1485 2057 quasi
1514 2014 1560 2043 re
1587 2000 1697 2043 bene
1723 2003 1862 2058 gesta.
1883 2016 1924 2051 25

399 2070 527 2115 Sicut
546 2070 662 2113 enim
684 2070 895 2113 identitas
916 2070 1199 2114 uoluntatum
1219 2070 1379 2113 amoris
1400 2069 1611 2112 indicium
1632 2073 1710 2120 est,
1725 2070 1786 2113 sic
1807 2084 1863 2113 ex

398 2139 599 2183 dissensu
638 2139 970 2183 inimicitiarum
1010 2140 1195 2197 quisque
1235 2154 1335 2182 reus
1384 2139 1600 2197 arguitur.
1675 2138 1864 2182 Proinde

397 2209 602 2252 satiricus
631 2209 801 2266 inquit:

458 2300 575 2354 Quid
608 2299 766 2343 faciam
798 2300 996 2343 Romae?
1055 2299 1235 2343 Mentiri
1267 2300 1440 2349 nescioz
1479 2299 1654 2350 librum,

456 2362 493 2402 si
524 2358 666 2402 malus
697 2361 774 2409 est,
804 2373 972 2415 nequeo
1002 2358 1182 2401 laudare
1212 2361 1258 2401 et
1287 2372 1488 2416 poscere;
1528 2361 1675 2401 motus
1881 2373 1923 2407 30

402 2490 417 2518 1
444 2482 592 2526 stoyeos
610 2479 641 2514 A
777 2489 820 2525 19
845 2478 1065 2514 submoueat
1082 2477 1148 2514 SM
1278 2478 1455 2515 locuntur
1475 2478 1575 2514 ASM
1713 2487 1759 2515 20
1783 2478 1864 2516 sub-

398 2529 576 2564 mouetur
593 2526 657 2562 SM
754 2536 797 2570 23
826 2524 873 2562 Et
890 2525 1058 2572 quidem]
1079 2524 1263 2572 Equidem
1283 2525 1397 2562 A²SM
1510 2536 1555 2571 24
1580 2525 1784 2572 aplaudere
1803 2525 1827 2563 S

447 2646 467 2681 7
500 2638 641 2673 Venena
655 2639 747 2672 eta:
778 2635 930 2673 Hieron.
949 2636 1015 2681 Ep.
1032 2634 1116 2671 cvii.
1131 2636 1154 2672 6
1174 2634 1319 2718 (ΜίῘῖοο
1337 2636 1376 2672 Ρ.
1392 2636 1432 2672 L.
1450 2634 1541 2671 xxii.
1558 2634 1656 2681 873).
1756 2645 1798 2672 12
1823 2637 1866 2672 in

1268 2695 1291 2730 Y

389 2686 553 2732 fabalia:
582 2696 612 2720 v.
634 2683 738 2720 Ovid.
758 2684 903 2719 Metam.
924 2682 978 2718 iii.
992 2692 1067 2737 ‚353
1081 2695 1205 2729 scqq.;
1294 2682 1372 2729 gin.
1392 2684 1483 2719 Fab.
1507 2684 1585 2727 167,
1607 2692 1682 2728 179.
1821 2691 1862 2728 17

397 2744 478 2768 cum
503 2733 644 2771 facilem
670 2733 762 2767 cta:
800 2731 875 2767 luv.
892 2733 966 2766 Sat.
989 2742 1043 2767 111.
1066 2740 1141 2772 122,
1165 2740 1239 2776 123.
1394 2732 1568 2766 distillat:
1602 2730 1759 2765 stillauit
1786 2729 1864 2767 Iuv.

401 2782 442 2816 18
468 2781 575 2815 uitii:
600 2780 743 2824 patriae
764 2778 837 2815 Iuv.
977 2788 1018 2822 19
1043 2779 1244 2823 dispeream
1262 2779 1302 2813 m*
1318 2783 1538 2814 mmmoueat
1555 2787 1696 2813 omnes:
1723 2788 1753 2814 v.
1771 2776 1863 2814 Hor.

396 2828 471 2864 Sat.
490 2825 513 2862 i.
531 2836 564 2872 9.
582 2836 640 2872 ⁴7,
655 2827 710 2871 48.
856 2834 901 2872 29
928 2827 1177 2872 Quidsact'am
1194 2826 1264 2863 etc.
1280 2837 1288 2862 z
1316 2825 1390 2863 luv.
1407 2828 1482 2862 Sat.
1502 2824 1556 2861 iii
1573 2824 1704 2871 41-48.

512 2897 575 2931 186
835 2910 840 2916 ·
