1994 3190
167 160 266 193 osr.
282 145 415 208 xxm]
678 143 1118 190 POLICRATICVS

165 268 321 311 Totius
347 266 536 323 denique
563 265 728 308 ueteris
754 264 1068 322 philosophiae*
1088 264 1292 322 princeps
1317 265 1444 308 Plato
1475 265 1632 318 leuem,

164 339 217 380 ut
244 336 400 386 fertur,
425 334 562 392 (quod
582 337 732 377 tamen
757 333 811 376 de
837 333 1033 376 Homero
1053 334 1203 376 uerius
1227 334 1463 392 diceretur)
1487 334 1634 378 nescio

164 419 297 462 quam
324 406 563 446 nautarum
587 402 889 459 quaestionem
918 402 1138 459 explicare
1168 417 1257 445 non
1287 404 1445 459 potuit.
1506 403 1634 447 Vnde

162 487 263 517 cum
307 473 364 516 ab
408 471 572 515 eisdem
611 471 914 528 impudentius
955 473 1000 513 et
1038 471 1307 527 protractius
1346 472 1634 524 derideretur,

126 559 145 594 5
163 544 216 585 ut
251 544 348 585 erat
383 541 456 584 uir
490 539 729 583 uerecundi
762 539 942 597 ingenii,
977 539 1103 596 quasi
1134 540 1330 584 toxicato
1362 541 1633 585 confusionis

162 611 305 654 iaculo
325 610 550 668 perfossus
570 609 627 652 ad
647 611 834 652 mortem
855 608 1063 666 spiritum
1084 609 1374 651 nouissimum
1392 610 1631 654 exhalauit.

163 680 390 724 Puduerat
424 679 543 722 enim
579 678 697 735 quod
732 677 858 735 quasi
893 678 1032 721 totius
1066 677 1331 721 Academiae
1367 678 1634 736 improperio

164 749 544 806 exprobrauerant
582 747 827 805 principem
866 747 1229 804 philosophorum
1270 746 1452 790 Greciae
1498 748 1633 790 etiam

164 817 351 860 minima
379 817 595 875 ignorare.
667 815 765 859 Hoc
795 818 945 859 autem
980 815 1138 858 asserit
1169 815 1411 858 Flauianus
1443 816 1489 858 in
1520 816 1635 861 libro

105 905 149 931 ιο
166 886 244 944 qui
279 886 347 930 De
382 885 585 944 uestigiis
619 885 981 943 philosophorum
1017 884 1274 928 inscribitur
1308 884 1635 930 Xenofontinos

163 955 356 1000 faciente
395 955 567 999 inuidia
612 955 826 998 aduersus
873 954 1071 998 Platonis
1117 954 1306 1011 gloriam
1353 953 1635 1012 impudenter

162 1025 355 1076 finxisse,
390 1024 495 1069 licet
529 1023 845 1082 quamplurimi
880 1038 982 1067 eum
1012 1023 1069 1067 ob
1103 1026 1429 1067 sacramentum
1460 1025 1634 1068 numeri

164 1097 366 1138 asserant
411 1094 532 1138 ultro
576 1094 771 1137 animam
815 1093 1013 1151 posuisse
1059 1092 1136 1136 illo
1180 1093 1314 1136 etatis
1363 1107 1469 1136 suae
1515 1108 1634 1137 anno

162 1163 350 1222 expleto,
386 1178 516 1221 quem
550 1163 819 1207 nouenarius
858 1163 905 1205 in
946 1178 991 1206 se
1031 1163 1177 1220 ipsum
1218 1162 1378 1206 ductus
1417 1163 1633 1216 effecerat,

105 1255 143 1289 15
162 1246 213 1276 eo
233 1233 351 1290 quod
371 1233 531 1276 exinde
557 1247 647 1276 non
671 1232 839 1276 accedit
862 1232 1133 1275 humanitati
1163 1232 1249 1275 nisi
1276 1232 1401 1275 labor
1427 1235 1473 1276 et
1496 1232 1632 1276 dolor.

162 1300 324 1345 Fateor
358 1302 536 1359 quidem
570 1317 641 1346 me
673 1302 862 1359 paucula
896 1302 1006 1345 seire
1044 1305 1089 1344 et
1119 1316 1219 1345 cum
1251 1301 1405 1345 multis
1440 1301 1632 1359 plurima

160 1371 378 1429 ignorare,
407 1386 487 1416 nec
517 1375 668 1415 tamen
702 1372 824 1415 uitae
858 1386 1020 1414 munus
1052 1371 1178 1428 quasi
1215 1370 1436 1414 Homerus
1465 1371 1634 1428 pudore

161 1440 308 1484 uictus
334 1440 488 1485 abicio.
547 1440 596 1484 Si
618 1455 723 1498 ergo
746 1440 1054 1498 prouidentiae
1078 1443 1124 1483 et
1151 1439 1278 1483 liberi
1306 1439 1481 1483 arbitrii
1509 1440 1635 1483 litem

162 1523 421 1568 componere
459 1525 549 1554 non
583 1510 763 1564 sufficio,
794 1509 831 1553 si
868 1509 1065 1553 fatorum
1099 1512 1145 1553 et
1180 1509 1412 1554 facilitatis
1446 1513 1634 1554 naturae

103 1599 147 1624 σο
163 1580 503 1638 repugnantiam
543 1594 714 1637 nequeo
757 1579 1048 1630 concordare,·
1076 1579 1293 1637 numquid
1338 1579 1436 1623 ideo
1482 1580 1631 1623 minus

161 1661 317 1692 uerum
344 1651 412 1692 est
440 1648 530 1692 ista
556 1649 678 1692 esse?
738 1648 864 1692 Sicut
887 1649 934 1691 in
965 1648 1060 1692 iure
1085 1648 1207 1692 ciuili
1235 1663 1335 1691 reus
1366 1648 1631 1706 frequentis-

160 1717 270 1762 sime
290 1717 579 1761 fauorabilior
598 1721 677 1771 est,
695 1717 760 1761 ita
780 1717 996 1775 quaedam
1018 1721 1124 1761 sunt
1144 1718 1191 1760 in
1212 1718 1633 1776 inuestigationibus

159 1786 484 1846 philosophicis,
514 1788 591 1831 ubi
621 1788 879 1846 plerumque
909 1788 1056 1845 potior
1085 1802 1188 1845 pars
1218 1788 1399 1832 uidetur
1428 1789 1631 1832 auctoris.

162 1856 259 1900 Hoc
279 1860 425 1901 autem
447 1872 503 1901 ex
527 1857 705 1901 defectu
728 1860 881 1901 nostro
907 1858 1101 1900 arbitror
1125 1858 1313 1901 euenire.
1372 1858 1631 1902 Intellectus

102 1945 143 1979 ²5
162 1925 279 1969 enim
299 1926 414 1970 circa
433 1941 580 1970 rerum
600 1926 744 1984 prima
763 1926 982 1984 principia
1002 1926 1163 1970 deficit.
1202 1926 1257 1969 In
1277 1926 1348 1970 his
1366 1928 1630 1970 scrutinium

160 1994 481 2052 prouidentiae,
499 1996 975 2053 inuestigationemque
998 1995 1222 2047 materiae,
1247 1998 1292 2039 et
1319 1996 1423 2039 fidei
1453 1999 1631 2039 nostrae

159 2063 323 2107 multos
343 2064 552 2108 articulos
572 2064 799 2122 aptissime
819 2078 973 2108 censeo
994 2064 1230 2107 numerari.
1301 2064 1422 2108 Dum
1452 2066 1499 2108 in
1529 2080 1628 2122 pro·

159 2131 359 2176 uidentia
392 2133 526 2176 unius
565 2134 767 2190 querelae
806 2133 1055 2176 molestiam
1090 2133 1282 2191 perimis,
1317 2134 1444 2177 uelut
1479 2134 1628 2177 Ydrae

158 2202 355 2258 praeciso
393 2202 538 2260 capite
576 2203 772 2260 plurium
808 2205 1089 2246 succrescunt
1123 2202 1271 2259 capita
1306 2203 1628 2259 quaestionum.

101 2287 144 2320 30
161 2269 210 2314 Si
241 2270 290 2313 in
327 2271 538 2315 materiae
577 2272 751 2333 siluam·
775 2272 1096 2330 progredimur,
1131 2272 1232 2316 ilico
1273 2272 1472 2329 patimur
1511 2272 1630 2330 quod

162 2377 180 2404 1
207 2367 401 2414 filosophie
419 2367 480 2404 OB
624 2380 644 2406 2
671 2380 798 2407 omero
816 2368 856 2406 0¹
1006 2371 1030 2407 6
1054 2369 1223 2407 exalauit
1237 2370 1312 2406 AM
1455 2372 1475 2407 8
1502 2370 1632 2417 phylo-

159 2414 410 2498 :gplgpggglanss
422 2415 726 2499 81ξξίΙοιεορΙιοιῚιιιι
743 2416 774 2452 B
918 2428 964 2454 22
991 2417 1033 2454 in
1051 2430 1119 2455 om.
1136 2417 1210 2454 AM
1353 2428 1401 2465 29
1424 2418 1587 2465 presciso
1606 2417 1631 2454 S

209 2557 231 2584 2
256 2549 299 2583 de
314 2549 491 2586 Homero:
513 2549 622 2586 Hanc
639 2549 808 2586 fabulam
832 2552 962 2588 narrat
986 2553 1122 2588 auctor
1141 2552 1244 2587 Vitae
1268 2552 1421 2587 Homeri
1444 2550 1631 2588 Herodoti

160 2594 322 2648 nomi-ne·
334 2594 550 2642 inscriptae,
568 2597 614 2634 de
632 2596 793 2634 Platone
817 2600 1011 2634 narratam
1034 2598 1075 2635 in
1097 2598 1196 2635 libro
1223 2598 1397 2634 Flaviani
1422 2598 1556 2635 amisso
1583 2599 1629 2635 de

159 2641 342 2688 Vest1gns
360 2644 398 2678 et
415 2641 664 2690 Dogmatibus
684 2644 1000 2691 Philosophorum
1021 2645 1204 2682 invenisse
1220 2646 1372 2682 videtur
1396 2646 1554 2687 nostem
1580 2647 1627 2682 cf.

162 2688 343 2725 Ioannem
356 2688 586 2727 Wallensem
599 2691 665 2737 qui
682 2692 762 2728 flor.
780 2703 813 2728 a.
834 2695 921 2738 1283
940 2692 982 2728 in
1002 2695 1319 2740 Compendiloquio
1337 2692 1390 2729 iii.
1409 2704 1432 2738 4
1452 2693 1523 2738 (ed.
1537 2693 1630 2730 Ven.

164 2737 267 2781 1496.
315 2763 324 2771 .
346 2737 443 2782 196).
491 2735 547 2774 De
572 2738 742 2775 Flaviani
767 2738 864 2776 libro
885 2739 958 2776 vid.
983 2740 1085 2786 quod
1108 2740 1251 2787 optime
1273 2740 1452 2777 disseruit
1472 2740 1631 2777 Schaar-

161 2747 337 2820 schmigt.
352 2784 479 2821 Iohan.
493 2785 630 2822 Saresb.
643 2797 708 2833 pp.
728 2788 852 2833 103·6.
920 2797 976 2824 21.
996 2790 1035 2824 in
1049 2789 1129 2824 iure
1141 2789 1257 2825 civili:
1277 2800 1310 2824 v.
1324 2789 1408 2835 Diq.
1420 2787 1447 2824 1.
1463 2797 1503 2832 17
1519 2788 1536 2835 §
1554 2797 1631 2835 ¹25·

1455 2862 1518 2896 ¹41

1649 145 1742 194 460
1762 146 1791 184 b

1650 267 1680 307 b

1650 1314 1675 1344 C

1645 2138 1674 2177 d
