1994 3190
315 616 394 656 477
413 617 444 646 a

409 1739 437 1777 b

599 598 834 644 INCIPIT
873 598 1055 642 LIBER
1090 597 1349 642 TERTIUS
1390 595 1792 642 POLICRATICI.

1557 690 1585 698 ‹-

1077 736 1319 768 PROLOGUS.

518 829 691 873 HOSTIS
722 830 964 873 multorum
993 830 1052 872 fio
1082 829 1189 872 dum
1218 828 1409 885 ineptias
1437 829 1707 884 nugatorum
1742 822 1930 868 excutio.

461 898 560 952 Qua
579 899 634 941 de
653 913 786 942 causa
804 899 937 942 otiari
957 898 1236 942 decreveram
1265 900 1310 941 et
1338 897 1478 947 silere,
1498 896 1575 939 sed
1602 895 1792 938 alterum
1817 891 1929 935 mihi

459 968 739 1025 negotiorum
765 967 986 1011 tumultus
1018 967 1200 1020 excutit,
1228 967 1418 1010 alterum
1447 969 1595 1008 motus
1624 963 1762 1006 animi
1791 963 1928 1006 inter·
1946 972 1966 1008 5

458 1037 638 1094 rumpit.
699 1037 787 1090 Qui
817 1037 934 1080 enim
964 1037 1047 1080 sub
1086 1039 1306 1094 potestate
1335 1035 1605 1079 constitutus
1634 1036 1713 1083 est,
1743 1033 1781 1076 si
1811 1032 1930 1090 sapit

458 1106 735 1163 obtemperat
759 1106 945 1163 imperio
965 1106 1268 1163 praesidentis.
1328 1105 1470 1157 Quem
1497 1103 1666 1146 stimuli
1690 1103 1928 1146 affectuum

458 1179 679 1232 pungunt,
700 1175 979 1218 dissimulare
998 1191 1088 1218 non
1112 1178 1259 1233 potest
1279 1174 1388 1231 quin
1407 1175 1641 1216 moueatur
1660 1172 1718 1215 ad
1738 1171 1928 1215 formam

458 1244 686 1301 passionis.
747 1244 935 1287 Exultat
965 1259 1070 1302 ergo
1096 1259 1227 1301 quem
1256 1242 1410 1302 gaudii
1440 1256 1550 1285 aura
1579 1241 1808 1292 demulcet,
1828 1255 1928 1299 spes

458 1313 631 1356 inducit
651 1313 936 1366 hilaritatem,
957 1317 1102 1357 metus
1124 1314 1331 1371 trepidat,
1352 1313 1543 1356 dolentis
1562 1312 1738 1355 animus
1757 1323 1927 1354 merore

457 1382 758 1426 confunditur.
819 1383 942 1427 Haec
969 1384 1088 1440 apud
1115 1384 1312 1442 singulos
1336 1383 1530 1426 alternat
1557 1381 1692 1426 facies
1718 1380 1823 1424 boni
1847 1382 1928 1423 aut

456 1452 576 1494 mali.
648 1453 814 1495 Verum
854 1467 1008 1496 sensus
1047 1453 1264 1497 malorum
1305 1453 1438 1496 altior
1477 1454 1545 1496 est
1579 1454 1625 1495 et
1663 1451 1838 1508 saepius
1878 1449 1927 1491 in

456 1536 607 1565 omnes
646 1522 862 1574 incurrit;
911 1522 1010 1579 quis
1049 1525 1117 1566 est
1156 1523 1274 1566 enim
1314 1523 1391 1580 qui
1430 1521 1647 1565 malorum
1686 1520 1926 1578 asperitate

456 1592 631 1648 saepius
655 1607 743 1635 non
771 1594 930 1634 uratur
954 1607 1087 1649 quam
1118 1592 1420 1636 demulceatur
1450 1591 1647 1635 fomento
1676 1589 1926 1634 bonorum?

455 1661 601 1703 Rarus
636 1664 703 1704 est
738 1661 814 1718 qui
851 1661 990 1704 totius
1025 1661 1232 1705 fortunae
1265 1662 1481 1719 impetum
1515 1675 1543 1703 a
1574 1675 1620 1703 se
1659 1662 1755 1703 toto
1786 1659 1926 1717 possit

456 1745 613 1773 arcere.
694 1730 781 1783 Qui
826 1731 918 1773 suis
956 1731 1129 1775 uiribus
1168 1731 1398 1789 praeualet
1446 1733 1526 1774 aut
1574 1730 1622 1772 in
1668 1729 1798 1773 amici
1845 1731 1926 1772 aut

455 1799 690 1842 familiaris
719 1814 898 1857 corpore
928 1800 999 1843 uel
1030 1804 1148 1844 sorte
1177 1803 1434 1858 temptatur.
1495 1799 1618 1843 Licet
1651 1813 1809 1856 parum
1842 1799 1924 1842 hu-

453 1883 612 1911 manus
646 1868 706 1912 sit
740 1883 870 1925 quem
906 1872 1218 1913 extraneorum
1259 1870 1430 1913 iactura
1463 1883 1552 1912 non
1591 1868 1799 1921 concutit,
1834 1883 1925 1912 non

453 1938 562 1980 satis
583 1938 713 1981 homo
741 1943 808 1980 est
836 1953 965 1994 quem
993 1938 1138 1982 aliena
1164 1954 1253 1982 non
1280 1941 1472 1982 mouent.
1532 1937 1619 1981 Sed
1646 1937 1924 1995 sapientiori-

453 2006 536 2048 bus
566 2006 654 2048 iam
685 2006 811 2049 uenit
840 2007 887 2049 in
917 2007 1114 2059 dubium,
1143 2023 1200 2051 an
1230 2007 1465 2065 quicquam
1495 2007 1686 2050 hominis
1717 2009 1834 2050 recte
1863 2007 1924 2050 sit

453 2075 621 2118 homini
661 2076 869 2119 alienum.
946 2076 1140 2121 Virtutis
1187 2092 1293 2120 uero
1343 2091 1571 2134 processus
1614 2076 1924 2133 ambiguitatis

452 2145 585 2188 huius
605 2145 770 2188 nodum
791 2145 937 2196 soluit,
958 2160 1058 2189 cum
1080 2149 1125 2189 et
1145 2146 1335 2190 comicus
1357 2145 1494 2189 nichil
1523 2145 1706 2188 humani
1728 2145 1923 2189 alienum

451 2229 478 2257 a
499 2229 544 2257 se
570 2218 746 2271 reputet
774 2218 819 2257 et
845 2214 1059 2272 Magister
1087 2215 1259 2258 celestis
1286 2214 1508 2258 hominem
1539 2214 1707 2257 homini
1736 2214 1922 2273 diligen-

451 2283 557 2326 dum
599 2283 797 2327 docuerit
833 2286 885 2326 ut
923 2298 969 2326 se
1010 2284 1167 2340 ipsum.
1230 2283 1356 2326 Vnde
1391 2286 1516 2341 patet
1555 2283 1789 2340 indignum
1829 2298 1922 2327 esse

452 2355 580 2395 tanto
615 2353 828 2409 magistro
864 2352 1128 2410 discipulum
1157 2353 1231 2410 qui
1263 2353 1446 2396 ueritati
1476 2367 1564 2396 non
1594 2353 1843 2410 congaudet
1877 2355 1923 2397 et

455 2476 470 2503 1
503 2466 695 2513 Incipiunt
722 2465 894 2513 capitula
920 2465 1007 2501 libri
1038 2465 1094 2501 111
1129 2471 1160 2501 et
1191 2471 1270 2512 post
1304 2465 1466 2512 capitula
1501 2464 1721 2513 Expliciunt
1750 2465 1923 2521 capitula

451 2513 512 2549 CB
533 2527 539 2549 :
570 2513 712 2559 Incipit
730 2513 827 2548 liber
848 2513 914 2550 111.
934 2513 1115 2559 Prologus
1134 2514 1216 2549 CA:
1248 2512 1388 2560 Incipit
1407 2513 1588 2559 prologus
1601 2513 1687 2549 libri
1703 2513 1813 2550 tercii
1832 2513 1922 2551 BMz

454 2559 647 2608 Incipiunt
665 2559 836 2607 capitula
855 2560 910 2596 111
938 2560 1024 2596 libri
1051 2567 1082 2597 ee
1101 2566 1184 2608 poet
1207 2561 1369 2606 capitula
1392 2560 1533 2608 incipit
1558 2561 1738 2608 prologus
1757 2560 1812 2597 111
1831 2559 1922 2598 libri

453 2607 478 2644 S
626 2618 669 2645 ιο
694 2607 942 2654 hylaritatem
961 2607 989 2644 C
1137 2609 1179 2646 16
1197 2613 1280 2655 poet
1298 2607 1494 2655 praeualet
1510 2620 1577 2646 om.
1595 2610 1663 2645 aut
1681 2608 1705 2645 S

483 2721 543 2748 -22
570 2713 747 2748 comicus:
774 2723 805 2748 v.
825 2710 907 2748 Ter.
926 2712 1074 2747 Haueon
1095 2711 1186 2747 Tim.
1204 2710 1227 2748 i.
1247 2721 1275 2749 1.
1294 2720 1351 2756 77.
1508 2721 1552 2758 23
1577 2713 1754 2758 Maqieter
1767 2713 1920 2749 celestis:

450 2758 625 2843 {iiilaga'
656 2770 730 2795 xix.
765 2769 827 2806 ¹9³
863 2759 978 2797 Marc.
1005 2757 1074 2796 xii.
1100 2769 1156 2805 3¹·
1301 2768 1342 2806 25
1371 2760 1519 2796 ueritati
1544 2762 1766 2806 covtqaudet:
1797 2769 1812 2797 1
1838 2759 1921 2797 Cor.

562 2881 626 2916 ¹70

1947 1320 1988 1344 10

1947 1666 1986 1701 1⁵

1943 2010 1985 2035 20
