1994 3190
191 175 289 209 cAr.
305 162 389 224 111]
702 160 1141 206 POLICRATICVS
1540 156 1543 160 “
1671 168 1745 210 541
1764 170 1789 200 c

190 285 398 328 colendus
425 298 481 327 ex
507 286 603 327 toto
627 283 767 333 corde,
787 297 844 326 ex
867 284 965 325 tota
991 282 1150 332 anima,
1171 296 1228 324 ex
1254 281 1458 325 omnibus
1485 281 1657 324 uiribus

191 354 297 399 suis.
368 353 576 400 Rrobatio
607 367 713 395 uero
752 351 1001 394 dilectionis
1041 351 1258 393 exhibitio
1288 352 1432 408 operis
1462 355 1560 404 est;
1599 354 1657 404 et,

191 423 294 466 licet
323 437 402 480 per
431 437 477 464 se
507 422 653 478 ipsum
682 420 822 477 possit
851 419 1003 470 amari,
1023 422 1251 475 tamquam
1282 420 1357 476 qui
1388 421 1499 463 citra
1529 435 1656 477 opem

4 538 11 550 ,η
191 491 325 534 medii
357 505 403 534 se
437 490 650 532 infundat
681 489 863 541 amanti,
897 491 1048 531 tamen
1087 488 1145 530 ad
1184 488 1354 531 cultum
1394 490 1657 532 exteriorem

78 617 80 620 ,
153 577 171 612 5
190 559 376 603 alicuius
413 559 666 602 medietatis
704 558 984 601 interuentus
1023 557 1293 600 necessarius
1337 561 1415 608 est,
1450 573 1500 600 eo
1540 559 1658 615 quod

190 628 335 672 Deum
367 643 497 672 nemo
536 628 702 671 uiderit
733 642 955 684 umquam.
1030 626 1222 669 Videndi
1262 640 1368 668 uero
1407 641 1566 668 nomen
1602 628 1659 669 ad

189 698 530 755 appellationem
546 698 743 741 omnium
759 711 967 740 sensuum
988 696 1220 752 utriusque
1235 698 1422 738 naturae
1438 695 1658 746 dilatabis,

191 767 297 824 quia
316 768 670 825 praesentialiter
690 770 736 810 et
761 781 871 824 pure
891 781 980 809 non
1001 765 1164 809 sentiet
1183 779 1283 807 eum
1304 764 1435 806 homo
1456 767 1501 807 et
1521 765 1657 816 uiuet,
1676 767 1705 807 d

191 837 278 880 nisi
299 836 416 880 forte
437 851 488 880 ea
509 850 718 880 sensuum
746 839 873 893 parte
900 849 1013 892 quae
1039 834 1233 893 corporis
1262 834 1404 876 nescit
1429 834 1659 890 angustias

133 921 175 945 10
191 920 271 950 nec
298 906 521 950 defectum
548 905 759 963 temporis
786 905 923 948 sentit
953 904 1029 947 sed
1061 903 1303 946 uiuacitate
1333 903 1402 945 sui
1430 917 1486 945 ex
1513 903 1659 959 gratia

191 979 421 1032 permanet
438 976 485 1018 in
501 978 702 1018 eternum
711 989 720 1027 ;
750 975 982 1018 caritatem
998 973 1164 1030 loquor,
1178 986 1290 1029 quae
1313 987 1401 1015 non
1417 976 1661 1015 euacuatur

191 1045 268 1088 sed
309 1045 485 1102 proficit
524 1047 692 1102 quanto
724 1044 780 1086 ad
816 1058 929 1094 eum,
961 1057 1092 1100 quem
1127 1042 1360 1092 desiderat,
1394 1041 1660 1084 familiarius

191 1114 373 1158 accedit.
434 1114 552 1157 Nam
582 1114 691 1156 fides
720 1113 870 1156 uelum
897 1113 1033 1155 habet
1059 1115 1105 1155 et
1130 1126 1230 1168 spes
1257 1111 1311 1154 de
1338 1111 1509 1168 gratiae
1531 1111 1659 1154 meri-

192 1183 317 1240 tique
348 1183 546 1226 fomento
575 1182 888 1226 conscientiam
923 1181 1199 1225 demulcente
1233 1181 1330 1224 uoti
1365 1181 1435 1223 sui
1470 1180 1660 1224 letitiam

134 1271 174 1307 ¹5
194 1252 242 1295 in
266 1252 422 1296 futura
441 1252 679 1310 protendit.
721 1251 851 1295 Fides
871 1252 1022 1308 itaque
1042 1253 1088 1294 et
1108 1265 1206 1308 spes
1227 1251 1463 1294 imitantur
1483 1250 1661 1307 quidem

193 1337 381 1373 sensum,
409 1323 658 1366 subsistunt
687 1324 837 1364 tanien
866 1321 979 1364 citra
1005 1324 1187 1378 agentes
1215 1320 1395 1363 interim
1424 1320 1550 1376 quasi
1582 1334 1662 1377 per

191 1392 417 1449 speculum
459 1394 504 1435 et
544 1392 592 1434 in
627 1391 849 1449 enigmate
879 1390 1027 1441 donec,
1057 1404 1209 1433 earum
1239 1389 1382 1447 specie
1412 1389 1660 1438 immutata,

12 1464 31 1494 ³³
192 1461 398 1504 ueritatis
432 1461 684 1504 substantia
719 1460 916 1518 plenarie
952 1460 1190 1503 illucescat.
1263 1459 1351 1512 Qui
1391 1473 1498 1502 uero
1537 1459 1660 1501 nullo

192 1532 341 1587 potest
367 1545 498 1574 sensu
525 1530 754 1588 perspicue
781 1529 937 1580 uideri,
958 1529 1087 1572 facile
1115 1528 1271 1586 nequit
1297 1528 1502 1586 agnosci;
1542 1528 1661 1585 quod

134 1615 176 1640 πο
193 1602 343 1643 autem
372 1615 460 1644 non
487 1600 777 1658 cognoscitur,
801 1599 1038 1656 diligenter
1064 1598 1148 1642 coli
1175 1612 1265 1641 non
1292 1601 1439 1655 potest
1468 1598 1554 1640 nisi
1582 1612 1662 1655 per

192 1669 399 1712 medium.
449 1669 577 1712 Vnde
597 1672 643 1712 et
663 1669 859 1712 Numam
882 1667 1147 1724 Pompilium
1167 1667 1427 1710 cerimonias
1446 1667 1659 1724 quasdam
1677 1680 1756 1721 542
1776 1682 1807 1710 a

192 1738 380 1797 legimus
400 1739 613 1782 indixisse
634 1738 845 1781 Romanis
865 1740 910 1780 et
930 1737 1155 1787 sacrificia,
1167 1740 1219 1779 ut
1239 1736 1322 1779 sub
1342 1736 1660 1779 immortalium

6 1779 29 1965 ξ
193 1807 376 1851 deorum
415 1811 652 1866 praetextu
696 1807 753 1851 ad
792 1807 1020 1851 colendam
1066 1807 1278 1864 pietatem
1318 1806 1575 1863 religionem
1617 1809 1662 1848 et

9 1950 29 2051 ἕ

10 2069 23 2194 ἓ

194 1877 328 1920 fidem
358 1880 404 1921 et
432 1881 590 1928 cetera,
622 1891 734 1934 quae
766 1877 830 1920 eis
863 1877 1072 1920 intimare
1116 1876 1306 1926 uolebat,
1337 1875 1455 1933 ipsos
1486 1875 1662 1918 facilius

134 1964 176 1999 ²5
197 1946 421 1991 inuitaret.
494 1946 737 1990 Testantur
770 1947 852 1990 hoc
887 1946 1048 1989 ancilia
1079 1949 1213 2002 atque
1246 1945 1505 1995 Palladium,
1537 1959 1662 1988 sacra

197 2016 413 2073 quaedam
448 2016 627 2074 imperii
673 2016 884 2074 pignora;
923 2015 1060 2058 Ianus
1099 2015 1282 2065 bifrons,
1320 2014 1425 2058 belli
1456 2018 1502 2057 et
1540 2015 1662 2072 pacis

194 2085 385 2138 arbiter-3
405 2085 530 2129 focus
549 2085 712 2129 Vestae
731 2085 984 2143 uirginibus
1003 2089 1294 2135 consecratus,
1314 2098 1402 2141 quo
1428 2084 1475 2126 in
1496 2085 1661 2127 honore

180 2146 422 2199 'celestium
442 2155 652 2212 syderum
679 2155 859 2198 flamma
878 2157 1028 2198 custos
1052 2154 1227 2211 imperii
1252 2154 1417 2211 iugiter
1440 2154 1662 2211 uigilaret.

195 2223 284 2267 Sed
314 2227 359 2278 et
388 2238 531 2268 annus
560 2224 608 2267 in
637 2239 809 2268 menses
842 2224 1073 2267 duodecim
1104 2223 1331 2274 dilatatus,
1363 2222 1581 2266 fastorum
1617 2226 1663 2266 et

137 2311 179 2344 30
195 2292 470 2336 nefastorum
499 2294 671 2337 dierum
701 2294 920 2337 uarietate
950 2293 1164 2351 depictus,
1193 2292 1435 2350 pontifices,
1460 2307 1663 2350 augures,

197 2427 218 2462 7
244 2417 516 2472 apellationem
541 2419 566 2456 S
761 2429 805 2465 14
831 2419 1067 2456 conscientia
1092 2419 1132 2455 M
1331 2429 1379 2455 20
1403 2418 1660 2466 cognoscitur]

195 2466 413 2512 agnoscitur
430 2465 470 2501 M
610 2477 658 2514 29
682 2466 736 2503 xii
753 2466 799 2504 S:
822 2466 937 2502 xii0¹m
954 2467 993 2503 M

246 2573 270 2608 6
295 2573 413 2607 Deum
430 2573 525 2626 etc.:
551 2585 584 2610 v.
598 2573 728 2612 Ioann.
745 2572 770 2610 i.
794 2575 846 2619 18,
867 2584 883 2610 1
903 2573 1035 2612 Ioann.
1051 2573 1100 2610 iv.
1122 2584 1176 2612 12.
1285 2574 1306 2610 8
1332 2586 1405 2610 mm
1421 2575 1547 2610 sentiet
1563 2575 1636 2610 etc.
1653 2587 1662 2610 :

5 2643 9 2666 3,
199 2632 231 2655 v.
248 2618 366 2655 Exod.
383 2619 514 2655 xxxni.
532 2630 587 2656 20.
711 2631 749 2658 11
770 2623 956 2658 caritatem
973 2624 1067 2658 etc.:
1093 2634 1124 2658 v.
1148 2632 1163 2658 1
1184 2620 1269 2658 Cor.
1286 2621 1367 2657 xiii.
1389 2622 1421 2657 8.
1543 2623 1598 2666 16,
1620 2631 1661 2666 17

0 2673 27 2751 ἓ
196 2667 461 2749 ρῗέιερείοἴῑανη
478 2668 549 2704 etc.
561 2677 661 2750 :633
682 2667 862 2737 Con-xm.
885 2679 940 2706 12.
1110 2718 1118 2726 ·
1145 2679 1188 2705 21
1221 2671 1320 2705 Vnde
1340 2674 1373 2704 et
1389 2670 1548 2704 Numam
1565 2671 1661 2706 etc.:

198 2726 222 2750 v
293 2725 335 2749 οι·
400 2724 433 2750 2.
543 2725 564 2750 2
637 2717 776 2760 afr-ons.
801 2718 1002 2763 Ianumque
1023 2727 1207 2762 yemmum
1231 2716 1376 2762 Florus,
1395 2716 1462 2752 sed
1484 2717 1662 2752 Iordanes

199 2761 398 2797 Ravennas
425 2772 458 2797 c.
482 2769 526 2807 95
555 2761 667 2807 (Mon.
698 2763 815 2798 Germ.
839 2764 936 2799 Hist.
968 2765 1075 2800 Λυσι.
1106 2765 1233 2811 Antiq.
1265 2763 1311 2800 vi.
1341 2775 1381 2810 p.
1415 2764 1471 2810 11)
1506 2763 1661 2800 Florum

199 2808 295 2845 alias
311 2809 462 2844 secutus
477 2809 679 2856 Ianumque
695 2810 885 2855 bifrontem
901 2810 1029 2847 habet.

1489 2882 1553 2924 285
