1994 3190
233 217 308 258 412
327 217 353 248 c
700 206 961 251 IOANNIS
1002 206 1518 252 SARESBERIENSIS
1693 208 1807 264 [ΗΒ.
1823 220 1842 252 Ι

327 343 353 372 c
370 326 454 370 etsi
475 326 702 369 ut1hss1m1
723 330 814 370 smt
833 327 890 370 ad
910 342 1046 370 onera
1065 327 1339 385 perferenda.
1399 328 1552 385 Equus
1579 329 1844 386 quandoque

369 396 513 439 bonus
547 398 638 448 est3
683 396 760 439 sed
795 397 842 438 in
877 411 928 439 eo
960 397 1097 440 nichil
1127 398 1283 441 utilius
1320 413 1453 454 quam
1489 399 1607 455 quod
1637 398 1845 441 humanis

370 465 525 508 usibus
549 465 699 508 seruit.
760 465 911 509 Habet
938 481 1044 509 uero
1068 466 1315 525 iurgiorum
1343 470 1389 510 et
1416 482 1592 524 pugnae
1622 467 1845 525 significa-

370 535 549 578 tionem.
599 534 833 578 Interdum
853 539 1004 578 tamen
1025 551 1081 579 ex
1101 537 1244 579 colore
1266 539 1311 579 et
1333 551 1418 579 usu
1438 537 1674 594 mitigatur
1686 551 1696 590 ;
1725 537 1846 580 unde

371 604 491 661 apud
521 604 772 662 Virgilium,
802 605 911 648 uisis
947 605 1060 649 albis
1090 606 1215 663 equis
1251 609 1494 663 apparente
1524 606 1670 659 Italia,
1699 606 1847 650 senior
1865 625 1884 659 5

371 673 588 718 Anchises
608 674 851 718 exclamat:

605 761 791 814 Bellum,
822 776 848 804 o
878 762 1055 813 bellum,
1085 765 1206 805 terra
1235 762 1424 820 hospita,
1454 765 1620 820 portas.

373 847 582 901 Cemum,
621 847 884 906 capreolum,
931 863 1176 905 aprumque
1225 848 1490 900 siluestrem,
1537 863 1753 906 onagrum
1803 851 1850 892 et

374 921 521 961 cetera
551 917 685 960 huius
711 917 886 975 generis
912 917 1029 960 malo
1056 917 1295 975 prandenti
1322 932 1519 975 apponas
1544 932 1678 975 quam
1702 917 1849 961 uianti

373 1001 581 1044 opponas.
651 986 806 1038 Eneas,
826 987 968 1030 ceruis
1002 1001 1084 1044 pro
1117 987 1302 1030 nauium
1336 1002 1521 1030 numero
1564 986 1688 1038 fusis,
1719 1002 1849 1030 omen
1870 1007 1912 1030 10

374 1055 493 1113 quod
527 1056 799 1099 contrarium
834 1055 1084 1109 uidebatur,
1115 1056 1172 1099 ad
1208 1071 1254 1099 se
1287 1056 1591 1113 sociorumque
1621 1056 1849 1100 fortunam

374 1126 545 1168 uirtute
558 1125 749 1168 retorsit.
802 1124 937 1170 Canis
953 1125 1192 1183 sequipeda
1203 1125 1582 1169 commodissimus
1598 1129 1688 1178 est3
1713 1126 1850 1178 cuius,

375 1194 414 1237 si
450 1209 559 1238 uera
599 1197 667 1237 est
697 1194 974 1238 Hebreorum
1006 1195 1203 1248 traditio,
1224 1210 1304 1238 nec
1334 1195 1518 1253 angelus
1547 1195 1641 1252 ipse
1670 1193 1851 1252 Tobyae

329 1270 359 1311 d
376 1264 520 1308 socius
539 1267 801 1321 aspernatus
822 1268 890 1307 est
915 1264 1188 1309 comitatum.
1248 1265 1366 1318 Quid
1396 1265 1514 1322 quod
1535 1264 1666 1309 Cirus
1690 1265 1851 1308 scelere

377 1334 452 1377 aui
473 1334 700 1391 expositus
715 1334 762 1376 in
783 1333 909 1377 siluis
929 1337 982 1377 ut
1001 1335 1178 1391 periret,
1194 1334 1418 1378 caniculae
1433 1334 1643 1377 uberibus
1664 1349 1851 1392 regnum
1872 1350 1912 1386 1⁵

377 1403 566 1460 adeptus
612 1406 680 1446 est
726 1403 970 1446 Persarum.
1050 1404 1240 1447 Locusta
1283 1404 1366 1447 etsi
1418 1404 1652 1447 minimum
1701 1404 1852 1461 possit,

378 1472 687 1516 itinerantium
718 1475 868 1515 tamen
898 1473 1130 1530 praepedit
1159 1477 1267 1517 uota
1280 1487 1289 1526 ;
1319 1488 1375 1517 ex
1405 1476 1456 1516 eo
1486 1473 1602 1516 forte
1632 1473 1694 1517 sic
1722 1474 1852 1524 dicta,

379 1542 498 1600 quod
518 1542 608 1585 loco
628 1545 745 1585 stare
766 1541 903 1585 faciat
930 1542 1193 1600 gradientes.
1255 1542 1292 1585 E
1312 1546 1467 1587 contra
1493 1543 1643 1586 cicada
1667 1543 1854 1587 uiatoris

380 1614 614 1670 promouet
632 1626 832 1669 gressum
854 1615 899 1655 et
919 1612 1199 1656 initiatorum
1227 1616 1406 1656 amenat
1433 1613 1615 1656 exitum.
1676 1614 1854 1656 Aranea

381 1682 488 1725 dum
529 1697 555 1725 a
590 1682 891 1739 superioribus
920 1681 1045 1725 filum
1080 1682 1215 1734 ducit,
1243 1697 1366 1740 spem
1397 1686 1612 1726 uenturae
1642 1683 1855 1740 pecuniae
1875 1701 1918 1725 ιο

380 1752 562 1795 uidetur
581 1751 748 1794 afferre.
809 1751 982 1795 Obuius
1009 1752 1129 1795 buffo
1151 1751 1327 1796 futuros
1351 1766 1574 1795 successus
1595 1752 1855 1805 denuntiat;

381 1821 517 1865 michi
556 1823 707 1864 tamen
747 1821 819 1863 uel
859 1820 951 1863 solo
990 1821 1092 1864 uisu
1131 1821 1342 1865 molestus
1381 1824 1458 1864 est.
1537 1821 1855 1865 Verumtamen

383 1890 560 1933 homine
587 1890 683 1947 ipso
712 1890 850 1933 nichil
878 1891 1116 1947 potentius,
1136 1891 1273 1934 nichil
1293 1890 1509 1934 efficacius
1533 1894 1612 1944 est,
1632 1891 1856 1948 nichilque

384 1959 638 2003 mortalium
681 1973 893 2016 umquam
934 1960 1135 2003 inuenies
1179 1960 1296 2017 quod
1340 1960 1590 2003 euidentius
1634 1961 1858 2018 exprimat

383 2029 634 2074 ueritatem.
683 2028 818 2072 Porro
837 2029 876 2072 si
896 2032 1038 2073 artem
1053 2030 1290 2087 diligenter
1304 2030 1545 2087 exequeris,
1560 2030 1857 2074 conditionem
1876 2046 1916 2082 ²⁵

385 2099 491 2150 eius,
516 2101 562 2142 et
591 2098 708 2141 dona
738 2101 937 2151 naturae,
967 2099 1115 2150 situm,
1147 2102 1333 2157 gestum,
1363 2103 1621 2156 motumque
1650 2100 1858 2157 corporis,

244 2184 319 2224 413
338 2183 368 2213 a
385 2182 649 2225 sensumque
669 2168 895 2221 sermonis,
908 2172 1005 2212 tota
1025 2169 1186 2212 mentis
1206 2169 1452 2212 intentione
1468 2169 1655 2212 notabis.
1705 2170 1857 2214 Sacer-

385 2238 533 2281 dotem
566 2237 748 2281 obuium
778 2237 972 2281 aliumue
1000 2238 1265 2297 religiosum,
1290 2238 1445 2282 dicunt
1474 2253 1567 2282 esse
1597 2238 1859 2284 infaustum.

389 2370 402 2396 1
434 2359 578 2395 honera
595 2357 619 2394 S
786 2369 808 2403 4
833 2357 917 2394 uisu
937 2357 976 2393 M
1097 2357 1325 2404 mitigantur
1343 2356 1403 2394 CB
1571 2368 1594 2404 9
1646 2358 1811 2396 endente
1830 2359 1860 2395 P

389 2417 432 2453 13
458 2406 656 2443 ebreorum
676 2405 716 2441 M
828 2405 933 2442 tobie
951 2405 1000 2442 S:
1028 2405 1153 2442 tobiae
1173 2405 1212 2441 M
1384 2406 1424 2442 18
1451 2406 1594 2452 cycada
1813 2417 1857 2454 23

387 2453 515 2491 omine
535 2454 567 2489 A
662 2451 760 2499 ipso]
780 2451 846 2490 illo
864 2453 895 2488 A

433 2574 454 2609 7
474 2565 617 2600 Bellum
633 2566 729 2600 ctc.:
756 2563 868 2609 Verg.
883 2564 974 2599 Aen.
990 2561 1043 2599 iii.
1083 2572 1139 2608 39.
1235 2572 1278 2599 ιο
1295 2563 1417 2599 Encas
1427 2564 1498 2599 etc.
1517 2575 1524 2599 :
1552 2575 1583 2599 v.
1600 2562 1711 2610 Verg.
1725 2565 1818 2602 Aen.
1831 2563 1857 2600 i.

392 2622 467 2659 ¹9²·
484 2622 558 2657 193.
708 2622 748 2656 ¹3
772 2612 928 2656 Tobyae:
960 2622 989 2646 v.
1009 2610 1062 2646 'Po
1091 2609 1207 2647 ,vi.1.
1351 2620 1393 2655 14
1415 2612 1544 2646 cirus:
1572 2622 1603 2647 v.
1625 2610 1759 2648 lustin.
1778 2611 1802 2649 i.
1821 2622 1855 2657 4.

392 2670 435 2706 19
461 2661 608 2695 Aranea
626 2660 698 2695 etc.
717 2670 725 2694 :
753 2658 800 2695 cf.
821 2670 916 2704 quae
934 2658 981 2694 de
1000 2656 1113 2694 simili
1133 2657 1259 2694 omine
1283 2658 1385 2705 apud
1404 2668 1471 2694 nos
1488 2660 1621 2694 narrat
1639 2657 1674 2694 S.
1703 2658 1860 2707 Baring-

387 2707 522 2748 Gould,
540 2707 612 2743 The
628 2707 702 2742 Rea
714 2708 854 2752 Spider.
932 2714 975 2750 27
995 2706 1217 2742 Sacerdotem
1231 2706 1302 2741 etc.
1320 2716 1329 2741 z
1357 2704 1578 2742 Sacerdotes
1589 2707 1657 2742 aut
1667 2705 1860 2744 ministros

389 2755 428 2791 in
456 2753 613 2790 navibuu
632 2756 781 2800 portare
801 2752 1010 2789 infaustum
1028 2763 1109 2790 ense
1128 2755 1267 2799 putant
1293 2755 1432 2790 nautae
1458 2753 1587 2789 nostri.
1640 2753 1750 2790 Hanc
1767 2752 1859 2791 reli-

419 2801 539 2839 'onem
563 2813 586 2838 a
605 2801 717 2837 lonae
742 2800 900 2837 historia
918 2803 1037 2837 ortam
1057 2812 1134 2837 esse
1159 2799 1327 2846 plerique
1348 2800 1518 2840 credunt.
1537 2800 1600 2837 sed
1618 2813 1665 2840 ex
1682 2801 1752 2839 hoc
1774 2800 1858 2839 loco

388 2814 548 2886 {laium
566 2860 588 2885 a
606 2848 797 2886 Muci-ebio
815 2850 995 2895 excerpto
1012 2847 1165 2885 aliunde
1186 2847 1398 2895 provenisse
1416 2847 1595 2897 suspicor.

499 2920 544 2954 60
