<?xml version="1.0" encoding="UTF-8"?>
<!DOCTYPE html PUBLIC "-//W3C//DTD XHTML 1.0 Transitional//EN"
    "http://www.w3.org/TR/xhtml1/DTD/xhtml1-transitional.dtd">
<html xmlns="http://www.w3.org/1999/xhtml" xml:lang="en" lang="en">
 <head>
  <title>
</title>
<meta http-equiv="Content-Type" content="text/html;charset=utf-8" />
  <meta name='ocr-system' content='tesseract 3.04.00' />
  <meta name='ocr-capabilities' content='ocr_page ocr_carea ocr_par ocr_line ocrx_word'/>
</head>
<body>
  <div class='ocr_page' id='page_1' title='image "./policraticisived01john_0175.png"; bbox 0 0 1994 3190; ppageno 0'>
   <div class='ocr_carea' id='block_1_1' title="bbox 135 190 1747 273">
    <p class='ocr_par' dir='ltr' id='par_1_1' title="bbox 135 190 1747 273">
     <span class='ocr_line' id='line_1_1' title="bbox 135 190 1747 273; baseline -0.006 -15"><span class='ocrx_word' id='word_1_1' title='bbox 135 225 235 258; x_wconf 64' lang='lat' dir='ltr'>on.</span> <span class='ocrx_word' id='word_1_2' title='bbox 250 211 371 273; x_wconf 78' lang='lat' dir='ltr'>xm]</span> <span class='ocrx_word' id='word_1_3' title='bbox 649 190 1086 254; x_wconf 70' lang='lat' dir='ltr'>PomcRA&#39;rIcvs</span> <span class='ocrx_word' id='word_1_4' title='bbox 1616 207 1700 258; x_wconf 76' lang='lat'>44⁸</span> <span class='ocrx_word' id='word_1_5' title='bbox 1717 208 1747 248; x_wconf 73' lang='lat' dir='ltr'>u</span> 
     </span>
    </p>
   </div>
   <div class='ocr_carea' id='block_1_2' title="bbox 102 329 1609 792">
    <p class='ocr_par' dir='ltr' id='par_1_2' title="bbox 136 329 1607 596">
     <span class='ocr_line' id='line_1_2' title="bbox 136 329 1603 386; baseline -0.003 -10"><span class='ocrx_word' id='word_1_6' title='bbox 136 331 395 377; x_wconf 73' lang='lat' dir='ltr'><strong>mutabilem</strong></span> <span class='ocrx_word' id='word_1_7' title='bbox 416 346 426 384; x_wconf 92' lang='lat'>;</span> <span class='ocrx_word' id='word_1_8' title='bbox 481 345 582 374; x_wconf 91' lang='lat' dir='ltr'>cum</span> <span class='ocrx_word' id='word_1_9' title='bbox 630 330 871 374; x_wconf 88' lang='lat' dir='ltr'>secundum</span> <span class='ocrx_word' id='word_1_10' title='bbox 920 330 1060 386; x_wconf 87' lang='lat' dir='ltr'>ipsius</span> <span class='ocrx_word' id='word_1_11' title='bbox 1109 331 1313 374; x_wconf 87' lang='lat' dir='ltr'>ueritatis</span> <span class='ocrx_word' id='word_1_12' title='bbox 1362 329 1603 374; x_wconf 87' lang='lat' dir='ltr'>archanum</span> 
     </span>
     <span class='ocr_line' id='line_1_3' title="bbox 136 398 1604 460; baseline -0.002 -15"><span class='ocrx_word' id='word_1_13' title='bbox 136 401 398 460; x_wconf 90' lang='lat' dir='ltr'>(Iohannem</span> <span class='ocrx_word' id='word_1_14' title='bbox 448 399 590 442; x_wconf 88' lang='lat' dir='ltr'>filium</span> <span class='ocrx_word' id='word_1_15' title='bbox 644 399 832 443; x_wconf 86' lang='lat' dir='ltr'>tonitrui</span> <span class='ocrx_word' id='word_1_16' title='bbox 883 398 1057 457; x_wconf 89' lang='lat' dir='ltr'>loquor)</span> <span class='ocrx_word' id='word_1_17' title='bbox 1107 399 1211 441; x_wconf 91' lang='lat' dir='ltr'>fidei</span> <span class='ocrx_word' id='word_1_18' title='bbox 1266 403 1438 442; x_wconf 88' lang='lat' dir='ltr'>constet</span> <span class='ocrx_word' id='word_1_19' title='bbox 1487 400 1604 455; x_wconf 88' lang='lat' dir='ltr'>quia,</span> 
     </span>
     <span class='ocr_line' id='line_1_4' title="bbox 137 468 1607 528; baseline -0.001 -15"><span class='ocrx_word' id='word_1_20' title='bbox 137 472 490 528; x_wconf 87' lang='lat' dir='ltr'>quantacumque</span> <span class='ocrx_word' id='word_1_21' title='bbox 520 469 579 511; x_wconf 89' lang='lat' dir='ltr'>sit</span> <span class='ocrx_word' id='word_1_22' title='bbox 608 468 803 511; x_wconf 70' lang='lat' dir='ltr'>labilitas</span> <span class='ocrx_word' id='word_1_23' title='bbox 837 468 1145 518; x_wconf 90' lang='lat' dir='ltr'>subiectorum,</span> <span class='ocrx_word' id='word_1_24' title='bbox 1176 469 1294 525; x_wconf 91' lang='lat' dir='ltr'>quod</span> <span class='ocrx_word' id='word_1_25' title='bbox 1330 469 1499 512; x_wconf 83' lang='lat' dir='ltr'>factum</span> <span class='ocrx_word' id='word_1_26' title='bbox 1539 472 1607 512; x_wconf 86' lang='lat' dir='ltr'>est</span> 
     </span>
     <span class='ocr_line' id='line_1_5' title="bbox 137 537 1606 596; baseline -0.001 -13"><span class='ocrx_word' id='word_1_27' title='bbox 137 540 185 593; x_wconf 88' lang='lat' dir='ltr'>in</span> <span class='ocrx_word' id='word_1_28' title='bbox 205 554 256 583; x_wconf 90' lang='lat' dir='ltr'>eo</span> <span class='ocrx_word' id='word_1_29' title='bbox 275 538 372 582; x_wconf 90' lang='lat' dir='ltr'>uita</span> <span class='ocrx_word' id='word_1_30' title='bbox 391 541 498 589; x_wconf 88' lang='lat' dir='ltr'>erat,</span> <span class='ocrx_word' id='word_1_31' title='bbox 518 553 597 596; x_wconf 90' lang='lat' dir='ltr'>per</span> <span class='ocrx_word' id='word_1_32' title='bbox 625 553 754 595; x_wconf 89' lang='lat' dir='ltr'>quem</span> <span class='ocrx_word' id='word_1_33' title='bbox 775 537 896 581; x_wconf 78' lang='lat' dir='ltr'>facta</span> <span class='ocrx_word' id='word_1_34' title='bbox 922 540 1028 580; x_wconf 91' lang='lat' dir='ltr'>sunt</span> <span class='ocrx_word' id='word_1_35' title='bbox 1047 537 1267 580; x_wconf 86' lang='lat' dir='ltr'>uniuersa.</span> <span class='ocrx_word' id='word_1_36' title='bbox 1328 538 1435 580; x_wconf 90' lang='lat' dir='ltr'>Eius</span> <span class='ocrx_word' id='word_1_37' title='bbox 1455 539 1606 595; x_wconf 88' lang='lat' dir='ltr'>itaque</span> 
     </span>
    </p>

    <p class='ocr_par' dir='ltr' id='par_1_3' title="bbox 102 606 1609 792">
     <span class='ocr_line' id='line_1_6' title="bbox 102 606 1605 667; baseline -0.003 -14"><span class='ocrx_word' id='word_1_38' title='bbox 102 622 121 658; x_wconf 69' lang='grc' dir='ltr'><strong><em>ι</em></strong></span> <span class='ocrx_word' id='word_1_39' title='bbox 138 608 368 667; x_wconf 72' lang='lat' dir='ltr'>dispositio</span> <span class='ocrx_word' id='word_1_40' title='bbox 388 610 518 651; x_wconf 86' lang='lat' dir='ltr'>tanta</span> <span class='ocrx_word' id='word_1_41' title='bbox 537 622 642 651; x_wconf 89' lang='lat' dir='ltr'>suae</span> <span class='ocrx_word' id='word_1_42' title='bbox 662 607 922 650; x_wconf 73' lang='lat' dir='ltr'>stabilitatis</span> <span class='ocrx_word' id='word_1_43' title='bbox 942 606 1246 649; x_wconf 83' lang='lat' dir='ltr'>incolumitate</span> <span class='ocrx_word' id='word_1_44' title='bbox 1267 607 1391 663; x_wconf 85' lang='lat' dir='ltr'>uiget</span> <span class='ocrx_word' id='word_1_45' title='bbox 1412 611 1457 650; x_wconf 90' lang='lat' dir='ltr'>et</span> <span class='ocrx_word' id='word_1_46' title='bbox 1476 608 1605 657; x_wconf 88' lang='lat' dir='ltr'>uiuit,</span> 
     </span>
     <span class='ocr_line' id='line_1_7' title="bbox 138 674 1609 733; baseline -0.003 -11"><span class='ocrx_word' id='word_1_47' title='bbox 138 681 191 722; x_wconf 86' lang='lat' dir='ltr'>ut</span> <span class='ocrx_word' id='word_1_48' title='bbox 224 674 346 720; x_wconf 92' lang='lat' dir='ltr'>nullo</span> <span class='ocrx_word' id='word_1_49' title='bbox 381 691 528 720; x_wconf 88' lang='lat' dir='ltr'>rerum</span> <span class='ocrx_word' id='word_1_50' title='bbox 563 680 688 720; x_wconf 88' lang='lat' dir='ltr'>motu</span> <span class='ocrx_word' id='word_1_51' title='bbox 726 676 913 726; x_wconf 89' lang='lat' dir='ltr'>concuti,</span> <span class='ocrx_word' id='word_1_52' title='bbox 948 675 1072 718; x_wconf 88' lang='lat' dir='ltr'>nulla</span> <span class='ocrx_word' id='word_1_53' title='bbox 1111 675 1251 732; x_wconf 84' lang='lat' dir='ltr'>possit</span> <span class='ocrx_word' id='word_1_54' title='bbox 1283 676 1494 733; x_wconf 88' lang='lat' dir='ltr'>temporis</span> <span class='ocrx_word' id='word_1_55' title='bbox 1529 681 1609 719; x_wconf 88' lang='lat' dir='ltr'>aut</span> 
     </span>
     <span class='ocr_line' id='line_1_8' title="bbox 138 744 823 792; baseline -0.007 0"><span class='ocrx_word' id='word_1_56' title='bbox 138 761 265 792; x_wconf 79' lang='lat' dir='ltr'>casus</span> <span class='ocrx_word' id='word_1_57' title='bbox 293 745 594 789; x_wconf 85' lang='lat' dir='ltr'>mutabilitate</span> <span class='ocrx_word' id='word_1_58' title='bbox 623 744 823 789; x_wconf 87' lang='lat' dir='ltr'>conuelli.</span> 
     </span>
    </p>
   </div>
   <div class='ocr_carea' id='block_1_3' title="bbox 49 896 1610 1095">
    <p class='ocr_par' dir='ltr' id='par_1_4' title="bbox 49 896 1610 1095">
     <span class='ocr_line' id='line_1_9' title="bbox 140 896 1609 959; baseline -0.005 -13"><span class='ocrx_word' id='word_1_59' title='bbox 140 900 246 959; x_wconf 82' lang='lat' dir='ltr'>Cap.</span> <span class='ocrx_word' id='word_1_60' title='bbox 290 913 356 944; x_wconf 88' lang='lat'>22.</span> <span class='ocrx_word' id='word_1_61' title='bbox 415 898 545 952; x_wconf 77' lang='lat' dir='ltr'>Quod</span> <span class='ocrx_word' id='word_1_62' title='bbox 583 912 635 941; x_wconf 76' lang='lat' dir='ltr'>ex</span> <span class='ocrx_word' id='word_1_63' title='bbox 673 897 883 954; x_wconf 71' lang='lat' dir='ltr'>possibili</span> <span class='ocrx_word' id='word_1_64' title='bbox 923 913 1019 941; x_wconf 70' lang='lat' dir='ltr'>‘non</span> <span class='ocrx_word' id='word_1_65' title='bbox 1072 897 1278 955; x_wconf 75' lang='lat' dir='ltr'>sequitur</span> <span class='ocrx_word' id='word_1_66' title='bbox 1323 896 1609 952; x_wconf 73' lang='lat' dir='ltr'>impossibile,</span> 
     </span>
     <span class='ocr_line' id='line_1_10' title="bbox 49 966 1610 1030; baseline -0.003 -17"><span class='ocrx_word' id='word_1_67' title='bbox 49 1025 52 1030; x_wconf 93' lang='lat'>.</span> <span class='ocrx_word' id='word_1_68' title='bbox 256 972 296 1013; x_wconf 75' lang='lat' dir='ltr'>et</span> <span class='ocrx_word' id='word_1_69' title='bbox 330 968 445 1026; x_wconf 76' lang='lat' dir='ltr'>quid</span> <span class='ocrx_word' id='word_1_70' title='bbox 487 983 538 1012; x_wconf 70' lang='lat' dir='ltr'>ew</span> <span class='ocrx_word' id='word_1_71' title='bbox 566 982 652 1024; x_wconf 75' lang='lat' dir='ltr'>quo</span> <span class='ocrx_word' id='word_1_72' title='bbox 684 967 929 1011; x_wconf 62' lang='lat' dir='ltr'>necessario</span> <span class='ocrx_word' id='word_1_73' title='bbox 967 971 1268 1025; x_wconf 73' lang='lat' dir='ltr'>consequatur</span> <span class='ocrx_word' id='word_1_74' title='bbox 1302 967 1436 1010; x_wconf 72' lang='lat' dir='ltr'>&#39;nouit</span> <span class='ocrx_word' id='word_1_75' title='bbox 1470 966 1610 1009; x_wconf 66' lang='lat' dir='ltr'>Altis-</span> 
     </span>
     <span class='ocr_line' id='line_1_11' title="bbox 85 1037 1033 1095; baseline 0 -13"><span class='ocrx_word' id='word_1_76' title='bbox 85 1058 126 1083; x_wconf 89' lang='lat'>10</span> <span class='ocrx_word' id='word_1_77' title='bbox 254 1038 410 1090; x_wconf 74' lang='lat' dir='ltr'>simus,</span> <span class='ocrx_word' id='word_1_78' title='bbox 440 1037 523 1095; x_wconf 75' lang='lat' dir='ltr'>qui</span> <span class='ocrx_word' id='word_1_79' title='bbox 551 1038 668 1082; x_wconf 76' lang='lat' dir='ltr'>solus</span> <span class='ocrx_word' id='word_1_80' title='bbox 697 1038 857 1081; x_wconf 76' lang='lat' dir='ltr'>omnia</span> <span class='ocrx_word' id='word_1_81' title='bbox 882 1041 1033 1094; x_wconf 75' lang='lat' dir='ltr'>potest.</span> 
     </span>
    </p>
   </div>
   <div class='ocr_carea' id='block_1_4' title="bbox 81 1146 1665 2591">
    <p class='ocr_par' dir='ltr' id='par_1_5' title="bbox 81 1146 1665 2591">
     <span class='ocr_line' id='line_1_12' title="bbox 199 1146 1656 1203; baseline -0.003 -12"><span class='ocrx_word' id='word_1_82' title='bbox 199 1147 348 1190; x_wconf 82' lang='lat' dir='ltr'>Instas</span> <span class='ocrx_word' id='word_1_83' title='bbox 367 1150 517 1191; x_wconf 89' lang='lat' dir='ltr'>tamen</span> <span class='ocrx_word' id='word_1_84' title='bbox 537 1147 698 1199; x_wconf 88' lang='lat' dir='ltr'>dicens,</span> <span class='ocrx_word' id='word_1_85' title='bbox 719 1147 805 1190; x_wconf 88' lang='lat' dir='ltr'>nisi</span> <span class='ocrx_word' id='word_1_86' title='bbox 827 1147 1026 1190; x_wconf 87' lang='lat' dir='ltr'>euenerit</span> <span class='ocrx_word' id='word_1_87' title='bbox 1045 1146 1215 1203; x_wconf 89' lang='lat' dir='ltr'>aliquid</span> <span class='ocrx_word' id='word_1_88' title='bbox 1240 1146 1357 1203; x_wconf 90' lang='lat' dir='ltr'>quod</span> <span class='ocrx_word' id='word_1_89' title='bbox 1378 1146 1613 1203; x_wconf 83' lang='lat' dir='ltr'>praeuidit,</span> <span class='ocrx_word' id='word_1_90' title='bbox 1633 1156 1656 1184; x_wconf 89' lang='lat' dir='ltr'>c</span> 
     </span>
     <span class='ocr_line' id='line_1_13' title="bbox 81 1215 1613 1274; baseline -0.001 -14"><span class='ocrx_word' id='word_1_91' title='bbox 81 1229 90 1239; x_wconf 89' lang='lat'><strong>·</strong></span> <span class='ocrx_word' id='word_1_92' title='bbox 142 1217 254 1261; x_wconf 91' lang='lat' dir='ltr'>illud</span> <span class='ocrx_word' id='word_1_93' title='bbox 282 1219 403 1260; x_wconf 84' lang='lat' dir='ltr'>certa</span> <span class='ocrx_word' id='word_1_94' title='bbox 431 1217 752 1274; x_wconf 84' lang='lat' dir='ltr'>significatione</span> <span class='ocrx_word' id='word_1_95' title='bbox 782 1217 1086 1274; x_wconf 87' lang='lat' dir='ltr'>complectens,</span> <span class='ocrx_word' id='word_1_96' title='bbox 1117 1215 1234 1259; x_wconf 83' lang='lat' dir='ltr'>forte</span> <span class='ocrx_word' id='word_1_97' title='bbox 1267 1215 1459 1272; x_wconf 81' lang='lat' dir='ltr'>lapidem</span> <span class='ocrx_word' id='word_1_98' title='bbox 1496 1230 1613 1258; x_wconf 86' lang='lat' dir='ltr'>reca-</span> 
     </span>
     <span class='ocr_line' id='line_1_14' title="bbox 96 1285 1614 1343; baseline -0.001 -14"><span class='ocrx_word' id='word_1_99' title='bbox 96 1318 99 1320; x_wconf 85' lang='lat'><em>-</em></span> <span class='ocrx_word' id='word_1_100' title='bbox 144 1301 297 1330; x_wconf 86' lang='lat' dir='ltr'>surum</span> <span class='ocrx_word' id='word_1_101' title='bbox 327 1285 374 1328; x_wconf 91' lang='lat' dir='ltr'>in</span> <span class='ocrx_word' id='word_1_102' title='bbox 404 1288 581 1337; x_wconf 89' lang='lat' dir='ltr'>terram,</span> <span class='ocrx_word' id='word_1_103' title='bbox 603 1286 777 1329; x_wconf 85' lang='lat' dir='ltr'>fallitur</span> <span class='ocrx_word' id='word_1_104' title='bbox 797 1286 1038 1343; x_wconf 84' lang='lat' dir='ltr'>dispositio.</span> <span class='ocrx_word' id='word_1_105' title='bbox 1099 1285 1216 1339; x_wconf 82' lang='lat' dir='ltr'>Quia</span> <span class='ocrx_word' id='word_1_106' title='bbox 1246 1299 1351 1342; x_wconf 85' lang='lat' dir='ltr'>ergo</span> <span class='ocrx_word' id='word_1_107' title='bbox 1382 1285 1494 1342; x_wconf 89' lang='lat' dir='ltr'>lapis</span> <span class='ocrx_word' id='word_1_108' title='bbox 1525 1300 1614 1328; x_wconf 90' lang='lat' dir='ltr'>non</span> 
     </span>
     <span class='ocr_line' id='line_1_15' title="bbox 146 1355 1616 1412; baseline -0.002 -12"><span class='ocrx_word' id='word_1_109' title='bbox 146 1356 336 1400; x_wconf 89' lang='lat' dir='ltr'>recidere</span> <span class='ocrx_word' id='word_1_110' title='bbox 356 1358 513 1412; x_wconf 87' lang='lat' dir='ltr'>potest,</span> <span class='ocrx_word' id='word_1_111' title='bbox 530 1356 654 1399; x_wconf 86' lang='lat' dir='ltr'>iubes</span> <span class='ocrx_word' id='word_1_112' title='bbox 669 1371 739 1399; x_wconf 92' lang='lat' dir='ltr'>me</span> <span class='ocrx_word' id='word_1_113' title='bbox 755 1356 809 1399; x_wconf 90' lang='lat' dir='ltr'>de</span> <span class='ocrx_word' id='word_1_114' title='bbox 825 1355 998 1398; x_wconf 88' lang='lat' dir='ltr'>duobus</span> <span class='ocrx_word' id='word_1_115' title='bbox 1014 1356 1186 1412; x_wconf 84' lang='lat' dir='ltr'>eligere,</span> <span class='ocrx_word' id='word_1_116' title='bbox 1202 1370 1390 1411; x_wconf 86' lang='lat' dir='ltr'>quorum</span> <span class='ocrx_word' id='word_1_117' title='bbox 1407 1358 1616 1397; x_wconf 87' lang='lat' dir='ltr'>neutrum</span> 
     </span>
     <span class='ocr_line' id='line_1_16' title="bbox 87 1424 1618 1482; baseline 0.001 -18"><span class='ocrx_word' id='word_1_118' title='bbox 87 1438 129 1473; x_wconf 76' lang='lat'>15</span> <span class='ocrx_word' id='word_1_119' title='bbox 147 1424 439 1469; x_wconf 87' lang='lat' dir='ltr'>communiter</span> <span class='ocrx_word' id='word_1_120' title='bbox 467 1425 751 1482; x_wconf 85' lang='lat' dir='ltr'>approbatur,</span> <span class='ocrx_word' id='word_1_121' title='bbox 774 1428 827 1468; x_wconf 91' lang='lat' dir='ltr'>ut</span> <span class='ocrx_word' id='word_1_122' title='bbox 856 1426 927 1468; x_wconf 94' lang='lat' dir='ltr'>uel</span> <span class='ocrx_word' id='word_1_123' title='bbox 960 1425 1104 1468; x_wconf 86' lang='lat' dir='ltr'>fatear</span> <span class='ocrx_word' id='word_1_124' title='bbox 1134 1424 1461 1482; x_wconf 87' lang='lat' dir='ltr'>prouidentiam</span> <span class='ocrx_word' id='word_1_125' title='bbox 1492 1439 1618 1482; x_wconf 88' lang='lat' dir='ltr'>posse</span> 
     </span>
     <span class='ocr_line' id='line_1_17' title="bbox 147 1493 1618 1552; baseline 0 -16"><span class='ocrx_word' id='word_1_126' title='bbox 147 1493 257 1544; x_wconf 83' lang='lat' dir='ltr'>falli,</span> <span class='ocrx_word' id='word_1_127' title='bbox 273 1494 389 1550; x_wconf 91' lang='lat' dir='ltr'>quod</span> <span class='ocrx_word' id='word_1_128' title='bbox 409 1494 518 1538; x_wconf 87' lang='lat' dir='ltr'>fides</span> <span class='ocrx_word' id='word_1_129' title='bbox 539 1495 759 1546; x_wconf 87' lang='lat' dir='ltr'>abhorret,</span> <span class='ocrx_word' id='word_1_130' title='bbox 775 1495 858 1546; x_wconf 93' lang='lat' dir='ltr'>uel,</span> <span class='ocrx_word' id='word_1_131' title='bbox 872 1495 989 1552; x_wconf 92' lang='lat' dir='ltr'>quod</span> <span class='ocrx_word' id='word_1_132' title='bbox 1011 1495 1225 1537; x_wconf 89' lang='lat' dir='ltr'>absonum</span> <span class='ocrx_word' id='word_1_133' title='bbox 1247 1498 1325 1544; x_wconf 89' lang='lat' dir='ltr'>est,</span> <span class='ocrx_word' id='word_1_134' title='bbox 1343 1509 1399 1536; x_wconf 82' lang='lat' dir='ltr'>ex</span> <span class='ocrx_word' id='word_1_135' title='bbox 1419 1494 1618 1551; x_wconf 87' lang='lat' dir='ltr'>possibili</span> 
     </span>
     <span class='ocr_line' id='line_1_18' title="bbox 147 1563 1619 1621; baseline 0.001 -15"><span class='ocrx_word' id='word_1_136' title='bbox 147 1563 414 1620; x_wconf 84' lang='lat' dir='ltr'>impossibile</span> <span class='ocrx_word' id='word_1_137' title='bbox 426 1564 732 1608; x_wconf 89' lang='lat' dir='ltr'>consecutione</span> <span class='ocrx_word' id='word_1_138' title='bbox 749 1579 855 1608; x_wconf 88' lang='lat' dir='ltr'>uera</span> <span class='ocrx_word' id='word_1_139' title='bbox 866 1564 1138 1608; x_wconf 85' lang='lat' dir='ltr'>consentiam</span> <span class='ocrx_word' id='word_1_140' title='bbox 1152 1564 1339 1606; x_wconf 91' lang='lat' dir='ltr'>euenire.</span> <span class='ocrx_word' id='word_1_141' title='bbox 1371 1563 1619 1621; x_wconf 82' lang='lat' dir='ltr'>Angustiae</span> 
     </span>
     <span class='ocr_line' id='line_1_19' title="bbox 150 1632 1618 1690; baseline 0.001 -15"><span class='ocrx_word' id='word_1_142' title='bbox 150 1632 326 1690; x_wconf 90' lang='lat' dir='ltr'>quidem</span> <span class='ocrx_word' id='word_1_143' title='bbox 361 1636 467 1676; x_wconf 89' lang='lat' dir='ltr'>sunt</span> <span class='ocrx_word' id='word_1_144' title='bbox 507 1634 728 1690; x_wconf 90' lang='lat' dir='ltr'>undique;</span> <span class='ocrx_word' id='word_1_145' title='bbox 769 1634 883 1684; x_wconf 90' lang='lat' dir='ltr'>hinc,</span> <span class='ocrx_word' id='word_1_146' title='bbox 916 1649 971 1676; x_wconf 90' lang='lat' dir='ltr'>ne</span> <span class='ocrx_word' id='word_1_147' title='bbox 1011 1634 1211 1676; x_wconf 87' lang='lat' dir='ltr'>diuinam</span> <span class='ocrx_word' id='word_1_148' title='bbox 1246 1634 1445 1676; x_wconf 86' lang='lat' dir='ltr'>minuam</span> <span class='ocrx_word' id='word_1_149' title='bbox 1484 1635 1618 1677; x_wconf 86' lang='lat' dir='ltr'>maie-</span> 
     </span>
     <span class='ocr_line' id='line_1_20' title="bbox 150 1701 1620 1760; baseline 0.001 -16"><span class='ocrx_word' id='word_1_150' title='bbox 150 1704 334 1752; x_wconf 84' lang='lat' dir='ltr'>statem;</span> <span class='ocrx_word' id='word_1_151' title='bbox 363 1701 478 1752; x_wconf 89' lang='lat' dir='ltr'>inde,</span> <span class='ocrx_word' id='word_1_152' title='bbox 497 1717 553 1745; x_wconf 90' lang='lat' dir='ltr'>ne</span> <span class='ocrx_word' id='word_1_153' title='bbox 583 1703 825 1746; x_wconf 82' lang='lat' dir='ltr'>multorum</span> <span class='ocrx_word' id='word_1_154' title='bbox 855 1703 1122 1747; x_wconf 88' lang='lat' dir='ltr'>clamoribus</span> <span class='ocrx_word' id='word_1_155' title='bbox 1152 1706 1198 1746; x_wconf 86' lang='lat' dir='ltr'>et</span> <span class='ocrx_word' id='word_1_156' title='bbox 1228 1703 1485 1753; x_wconf 87' lang='lat' dir='ltr'>sententiae,</span> <span class='ocrx_word' id='word_1_157' title='bbox 1506 1718 1620 1760; x_wconf 88' lang='lat' dir='ltr'>quae</span> 
     </span>
     <span class='ocr_line' id='line_1_21' title="bbox 91 1769 1621 1829; baseline 0.001 -15"><span class='ocrx_word' id='word_1_158' title='bbox 91 1788 135 1814; x_wconf 63' lang='grc' dir='ltr'>πο</span> <span class='ocrx_word' id='word_1_159' title='bbox 151 1770 239 1814; x_wconf 84' lang='lat' dir='ltr'>iam</span> <span class='ocrx_word' id='word_1_160' title='bbox 274 1769 367 1814; x_wconf 87' lang='lat' dir='ltr'>fere</span> <span class='ocrx_word' id='word_1_161' title='bbox 400 1772 605 1815; x_wconf 88' lang='lat' dir='ltr'>omnibus</span> <span class='ocrx_word' id='word_1_162' title='bbox 644 1787 855 1829; x_wconf 86' lang='lat' dir='ltr'>persuasa</span> <span class='ocrx_word' id='word_1_163' title='bbox 894 1776 972 1823; x_wconf 90' lang='lat' dir='ltr'>est,</span> <span class='ocrx_word' id='word_1_164' title='bbox 1012 1772 1325 1816; x_wconf 85' lang='lat' dir='ltr'>contradicam.</span> <span class='ocrx_word' id='word_1_165' title='bbox 1387 1772 1475 1815; x_wconf 90' lang='lat' dir='ltr'>Sed</span> <span class='ocrx_word' id='word_1_166' title='bbox 1515 1773 1621 1829; x_wconf 88' lang='lat' dir='ltr'>quia</span> 
     </span>
     <span class='ocr_line' id='line_1_22' title="bbox 151 1839 1619 1899; baseline 0.002 -17"><span class='ocrx_word' id='word_1_167' title='bbox 151 1839 308 1883; x_wconf 77' lang='lat' dir='ltr'>melius</span> <span class='ocrx_word' id='word_1_168' title='bbox 326 1843 394 1883; x_wconf 88' lang='lat' dir='ltr'>est</span> <span class='ocrx_word' id='word_1_169' title='bbox 413 1841 604 1885; x_wconf 87' lang='lat' dir='ltr'>incidere</span> <span class='ocrx_word' id='word_1_170' title='bbox 625 1842 672 1884; x_wconf 92' lang='lat' dir='ltr'>in</span> <span class='ocrx_word' id='word_1_171' title='bbox 693 1842 869 1899; x_wconf 86' lang='lat' dir='ltr'>linguas</span> <span class='ocrx_word' id='word_1_172' title='bbox 889 1842 1118 1885; x_wconf 89' lang='lat' dir='ltr'>hominum</span> <span class='ocrx_word' id='word_1_173' title='bbox 1140 1857 1272 1899; x_wconf 90' lang='lat' dir='ltr'>quam</span> <span class='ocrx_word' id='word_1_174' title='bbox 1295 1842 1429 1899; x_wconf 90' lang='lat' dir='ltr'>impie</span> <span class='ocrx_word' id='word_1_175' title='bbox 1452 1843 1619 1885; x_wconf 83' lang='lat' dir='ltr'>uersari</span> 
     </span>
     <span class='ocr_line' id='line_1_23' title="bbox 151 1907 1622 1968; baseline 0.002 -17"><span class='ocrx_word' id='word_1_176' title='bbox 151 1907 199 1951; x_wconf 93' lang='lat' dir='ltr'>in</span> <span class='ocrx_word' id='word_1_177' title='bbox 228 1908 382 1960; x_wconf 88' lang='lat' dir='ltr'>Deum,</span> <span class='ocrx_word' id='word_1_178' title='bbox 414 1910 451 1952; x_wconf 86' lang='lat' dir='ltr'>si</span> <span class='ocrx_word' id='word_1_179' title='bbox 480 1914 719 1968; x_wconf 89' lang='lat' dir='ltr'>utrumque</span> <span class='ocrx_word' id='word_1_180' title='bbox 754 1911 898 1955; x_wconf 91' lang='lat' dir='ltr'>uitare</span> <span class='ocrx_word' id='word_1_181' title='bbox 934 1926 1023 1954; x_wconf 92' lang='lat' dir='ltr'>non</span> <span class='ocrx_word' id='word_1_182' title='bbox 1059 1926 1248 1968; x_wconf 88' lang='lat' dir='ltr'>possum,</span> <span class='ocrx_word' id='word_1_183' title='bbox 1279 1912 1470 1967; x_wconf 81' lang='lat' dir='ltr'>absonus</span> <span class='ocrx_word' id='word_1_184' title='bbox 1504 1912 1622 1954; x_wconf 87' lang='lat' dir='ltr'>malo</span> 
     </span>
     <span class='ocr_line' id='line_1_24' title="bbox 151 1977 1665 2038; baseline 0.003 -18"><span class='ocrx_word' id='word_1_185' title='bbox 151 1977 293 2021; x_wconf 87' lang='lat' dir='ltr'>uideri</span> <span class='ocrx_word' id='word_1_186' title='bbox 313 1993 445 2036; x_wconf 88' lang='lat' dir='ltr'>quam</span> <span class='ocrx_word' id='word_1_187' title='bbox 467 1980 672 2036; x_wconf 88' lang='lat' dir='ltr'>perfidus.</span> <span class='ocrx_word' id='word_1_188' title='bbox 722 1981 934 2024; x_wconf 91' lang='lat' dir='ltr'>Nondum</span> <span class='ocrx_word' id='word_1_189' title='bbox 955 1981 1119 2024; x_wconf 86' lang='lat' dir='ltr'>etenim</span> <span class='ocrx_word' id='word_1_190' title='bbox 1139 1981 1344 2024; x_wconf 87' lang='lat' dir='ltr'>omnibus</span> <span class='ocrx_word' id='word_1_191' title='bbox 1359 1996 1618 2038; x_wconf 87' lang='lat' dir='ltr'>persuasum</span> <span class='ocrx_word' id='word_1_192' title='bbox 1636 1979 1665 2019; x_wconf 88' lang='lat' dir='ltr'>d</span> 
     </span>
     <span class='ocr_line' id='line_1_25' title="bbox 154 2047 1621 2107; baseline 0.002 -17"><span class='ocrx_word' id='word_1_193' title='bbox 154 2049 222 2090; x_wconf 85' lang='lat' dir='ltr'>est</span> <span class='ocrx_word' id='word_1_194' title='bbox 247 2047 365 2104; x_wconf 90' lang='lat' dir='ltr'>quod</span> <span class='ocrx_word' id='word_1_195' title='bbox 390 2062 446 2090; x_wconf 82' lang='lat' dir='ltr'>ex</span> <span class='ocrx_word' id='word_1_196' title='bbox 472 2049 669 2106; x_wconf 89' lang='lat' dir='ltr'>possibili</span> <span class='ocrx_word' id='word_1_197' title='bbox 695 2049 965 2107; x_wconf 82' lang='lat' dir='ltr'>impossibile</span> <span class='ocrx_word' id='word_1_198' title='bbox 992 2065 1081 2092; x_wconf 92' lang='lat' dir='ltr'>non</span> <span class='ocrx_word' id='word_1_199' title='bbox 1106 2053 1330 2106; x_wconf 88' lang='lat' dir='ltr'>sequatur.</span> <span class='ocrx_word' id='word_1_200' title='bbox 1392 2050 1510 2093; x_wconf 90' lang='lat' dir='ltr'>Nam</span> <span class='ocrx_word' id='word_1_201' title='bbox 1540 2051 1621 2094; x_wconf 92' lang='lat' dir='ltr'>hoc</span> 
     </span>
     <span class='ocr_line' id='line_1_26' title="bbox 96 2116 1623 2176; baseline 0.003 -18"><span class='ocrx_word' id='word_1_202' title='bbox 96 2132 137 2167; x_wconf 80' lang='lat'>²5</span> <span class='ocrx_word' id='word_1_203' title='bbox 155 2116 356 2159; x_wconf 90' lang='lat' dir='ltr'>nonnulli</span> <span class='ocrx_word' id='word_1_204' title='bbox 388 2117 632 2174; x_wconf 90' lang='lat' dir='ltr'>recipiunt;</span> <span class='ocrx_word' id='word_1_205' title='bbox 663 2119 739 2162; x_wconf 85' lang='lat' dir='ltr'>sed</span> <span class='ocrx_word' id='word_1_206' title='bbox 766 2134 825 2162; x_wconf 86' lang='lat' dir='ltr'>an</span> <span class='ocrx_word' id='word_1_207' title='bbox 851 2122 980 2170; x_wconf 89' lang='lat' dir='ltr'>recte,</span> <span class='ocrx_word' id='word_1_208' title='bbox 1002 2119 1199 2162; x_wconf 89' lang='lat' dir='ltr'>uiderint</span> <span class='ocrx_word' id='word_1_209' title='bbox 1225 2120 1310 2176; x_wconf 88' lang='lat' dir='ltr'>ipsi</span> <span class='ocrx_word' id='word_1_210' title='bbox 1341 2123 1386 2163; x_wconf 89' lang='lat' dir='ltr'>et</span> <span class='ocrx_word' id='word_1_211' title='bbox 1415 2120 1623 2163; x_wconf 90' lang='lat' dir='ltr'>iudicent.</span> 
     </span>
     <span class='ocr_line' id='line_1_27' title="bbox 156 2184 1624 2246; baseline 0.001 -18"><span class='ocrx_word' id='word_1_212' title='bbox 156 2184 219 2228; x_wconf 89' lang='lat' dir='ltr'>At</span> <span class='ocrx_word' id='word_1_213' title='bbox 250 2188 302 2228; x_wconf 91' lang='lat' dir='ltr'>ut</span> <span class='ocrx_word' id='word_1_214' title='bbox 333 2201 389 2229; x_wconf 86' lang='lat' dir='ltr'>ex</span> <span class='ocrx_word' id='word_1_215' title='bbox 420 2201 527 2230; x_wconf 92' lang='lat' dir='ltr'>uero</span> <span class='ocrx_word' id='word_1_216' title='bbox 557 2186 720 2230; x_wconf 81' lang='lat' dir='ltr'>falsum</span> <span class='ocrx_word' id='word_1_217' title='bbox 750 2191 972 2245; x_wconf 88' lang='lat' dir='ltr'>sequatur,</span> <span class='ocrx_word' id='word_1_218' title='bbox 1003 2203 1132 2231; x_wconf 93' lang='lat' dir='ltr'>nemo</span> <span class='ocrx_word' id='word_1_219' title='bbox 1161 2189 1336 2246; x_wconf 84' lang='lat' dir='ltr'>sapiens</span> <span class='ocrx_word' id='word_1_220' title='bbox 1368 2189 1624 2246; x_wconf 86' lang='lat' dir='ltr'>adquiescit.</span> 
     </span>
     <span class='ocr_line' id='line_1_28' title="bbox 156 2253 1624 2314; baseline 0.003 -18"><span class='ocrx_word' id='word_1_221' title='bbox 156 2253 321 2296; x_wconf 87' lang='lat' dir='ltr'>Verum</span> <span class='ocrx_word' id='word_1_222' title='bbox 341 2254 558 2311; x_wconf 90' lang='lat' dir='ltr'>siquidem</span> <span class='ocrx_word' id='word_1_223' title='bbox 582 2271 638 2299; x_wconf 83' lang='lat' dir='ltr'>ex</span> <span class='ocrx_word' id='word_1_224' title='bbox 658 2256 772 2300; x_wconf 84' lang='lat' dir='ltr'>falso</span> <span class='ocrx_word' id='word_1_225' title='bbox 792 2258 993 2314; x_wconf 89' lang='lat' dir='ltr'>sequitur</span> <span class='ocrx_word' id='word_1_226' title='bbox 1013 2261 1058 2301; x_wconf 90' lang='lat' dir='ltr'>et</span> <span class='ocrx_word' id='word_1_227' title='bbox 1084 2272 1201 2308; x_wconf 91' lang='lat' dir='ltr'>uero,</span> <span class='ocrx_word' id='word_1_228' title='bbox 1222 2258 1299 2301; x_wconf 90' lang='lat' dir='ltr'>sed</span> <span class='ocrx_word' id='word_1_229' title='bbox 1320 2274 1376 2301; x_wconf 81' lang='lat' dir='ltr'>ex</span> <span class='ocrx_word' id='word_1_230' title='bbox 1401 2273 1507 2301; x_wconf 88' lang='lat' dir='ltr'>uero</span> <span class='ocrx_word' id='word_1_231' title='bbox 1535 2273 1624 2301; x_wconf 90' lang='lat' dir='ltr'>non</span> 
     </span>
     <span class='ocr_line' id='line_1_29' title="bbox 157 2322 1623 2384; baseline 0.002 -18"><span class='ocrx_word' id='word_1_232' title='bbox 157 2322 243 2366; x_wconf 85' lang='lat' dir='ltr'>nisi</span> <span class='ocrx_word' id='word_1_233' title='bbox 271 2337 439 2368; x_wconf 85' lang='lat' dir='ltr'>uerum.</span> <span class='ocrx_word' id='word_1_234' title='bbox 500 2325 570 2368; x_wconf 88' lang='lat' dir='ltr'>Ex</span> <span class='ocrx_word' id='word_1_235' title='bbox 599 2326 796 2383; x_wconf 89' lang='lat' dir='ltr'>possibili</span> <span class='ocrx_word' id='word_1_236' title='bbox 827 2342 1000 2384; x_wconf 91' lang='lat' dir='ltr'>quoque</span> <span class='ocrx_word' id='word_1_237' title='bbox 1031 2330 1076 2370; x_wconf 92' lang='lat' dir='ltr'>et</span> <span class='ocrx_word' id='word_1_238' title='bbox 1106 2327 1366 2384; x_wconf 89' lang='lat' dir='ltr'>impossibili</span> <span class='ocrx_word' id='word_1_239' title='bbox 1399 2328 1623 2370; x_wconf 87' lang='lat' dir='ltr'>interdum</span> 
     </span>
     <span class='ocr_line' id='line_1_30' title="bbox 157 2391 1625 2453; baseline 0.001 -19"><span class='ocrx_word' id='word_1_240' title='bbox 157 2391 362 2448; x_wconf 82' lang='lat' dir='ltr'>possibile</span> <span class='ocrx_word' id='word_1_241' title='bbox 383 2393 606 2449; x_wconf 82' lang='lat' dir='ltr'>sequitur;</span> <span class='ocrx_word' id='word_1_242' title='bbox 635 2410 724 2438; x_wconf 92' lang='lat' dir='ltr'>non</span> <span class='ocrx_word' id='word_1_243' title='bbox 751 2398 902 2439; x_wconf 89' lang='lat' dir='ltr'>tamen</span> <span class='ocrx_word' id='word_1_244' title='bbox 929 2411 984 2438; x_wconf 85' lang='lat' dir='ltr'>ex</span> <span class='ocrx_word' id='word_1_245' title='bbox 1010 2397 1167 2452; x_wconf 87' lang='lat' dir='ltr'>quouis</span> <span class='ocrx_word' id='word_1_246' title='bbox 1194 2396 1455 2453; x_wconf 87' lang='lat' dir='ltr'>impossibili</span> <span class='ocrx_word' id='word_1_247' title='bbox 1476 2395 1625 2438; x_wconf 87' lang='lat' dir='ltr'>omnia</span> 
     </span>
     <span class='ocr_line' id='line_1_31' title="bbox 103 2459 1626 2522; baseline 0.003 -20"><span class='ocrx_word' id='word_1_248' title='bbox 103 2477 146 2511; x_wconf 80' lang='lat'>30</span> <span class='ocrx_word' id='word_1_249' title='bbox 160 2459 457 2517; x_wconf 87' lang='lat' dir='ltr'>impossibilia.</span> <span class='ocrx_word' id='word_1_250' title='bbox 519 2462 619 2505; x_wconf 90' lang='lat' dir='ltr'>Nisi</span> <span class='ocrx_word' id='word_1_251' title='bbox 640 2463 756 2507; x_wconf 85' lang='lat' dir='ltr'>forte</span> <span class='ocrx_word' id='word_1_252' title='bbox 776 2465 898 2508; x_wconf 75' lang='lat' dir='ltr'>aliud</span> <span class='ocrx_word' id='word_1_253' title='bbox 920 2466 1001 2507; x_wconf 87' lang='lat' dir='ltr'>tibi</span> <span class='ocrx_word' id='word_1_254' title='bbox 1023 2466 1323 2520; x_wconf 87' lang='lat' dir='ltr'>persuaserint</span> <span class='ocrx_word' id='word_1_255' title='bbox 1343 2466 1421 2515; x_wconf 90' lang='lat' dir='ltr'>illi,</span> <span class='ocrx_word' id='word_1_256' title='bbox 1438 2480 1626 2522; x_wconf 85' lang='lat' dir='ltr'>quorum</span> 
     </span>
     <span class='ocr_line' id='line_1_32' title="bbox 160 2528 1628 2591; baseline 0.002 -20"><span class='ocrx_word' id='word_1_257' title='bbox 160 2528 199 2572; x_wconf 88' lang='lat' dir='ltr'>si</span> <span class='ocrx_word' id='word_1_258' title='bbox 233 2529 380 2571; x_wconf 91' lang='lat' dir='ltr'>omnia</span> <span class='ocrx_word' id='word_1_259' title='bbox 409 2544 516 2573; x_wconf 89' lang='lat' dir='ltr'>uera</span> <span class='ocrx_word' id='word_1_260' title='bbox 543 2534 660 2583; x_wconf 88' lang='lat' dir='ltr'>sunt,</span> <span class='ocrx_word' id='word_1_261' title='bbox 691 2547 747 2576; x_wconf 86' lang='lat' dir='ltr'>ex</span> <span class='ocrx_word' id='word_1_262' title='bbox 775 2548 865 2577; x_wconf 91' lang='lat' dir='ltr'>uno</span> <span class='ocrx_word' id='word_1_263' title='bbox 897 2533 1169 2591; x_wconf 84' lang='lat' dir='ltr'>impossibili,</span> <span class='ocrx_word' id='word_1_264' title='bbox 1199 2537 1448 2591; x_wconf 87' lang='lat' dir='ltr'>sequuntur</span> <span class='ocrx_word' id='word_1_265' title='bbox 1477 2533 1628 2576; x_wconf 88' lang='lat' dir='ltr'>omnia</span> 
     </span>
    </p>
   </div>
   <div class='ocr_carea' id='block_1_5' title="bbox 163 2649 1627 2747">
    <p class='ocr_par' dir='ltr' id='par_1_6' title="bbox 163 2649 1627 2747">
     <span class='ocr_line' id='line_1_33' title="bbox 164 2649 1627 2698; baseline 0.003 -15"><span class='ocrx_word' id='word_1_266' title='bbox 164 2657 187 2694; x_wconf 95' lang='lat'><strong>9</strong></span> <span class='ocrx_word' id='word_1_267' title='bbox 211 2649 472 2696; x_wconf 82' lang='lat' dir='ltr'>consequatur]</span> <span class='ocrx_word' id='word_1_268' title='bbox 492 2651 660 2697; x_wconf 79' lang='lat' dir='ltr'>sequitur</span> <span class='ocrx_word' id='word_1_269' title='bbox 676 2651 700 2688; x_wconf 86' lang='lat' dir='ltr'>S</span> <span class='ocrx_word' id='word_1_270' title='bbox 720 2653 758 2687; x_wconf 68' lang='grc' dir='ltr'>ἐκ</span> <span class='ocrx_word' id='word_1_271' title='bbox 774 2653 874 2688; x_wconf 70' lang='lat' dir='ltr'>rubr.</span> <span class='ocrx_word' id='word_1_272' title='bbox 895 2664 971 2698; x_wconf 81' lang='lat' dir='ltr'>cap.</span> <span class='ocrx_word' id='word_1_273' title='bbox 986 2653 1108 2698; x_wconf 80' lang='lat' dir='ltr'>praef.</span> <span class='ocrx_word' id='word_1_274' title='bbox 1266 2663 1310 2690; x_wconf 81' lang='grc' dir='ltr'>ιο</span> <span class='ocrx_word' id='word_1_275' title='bbox 1335 2652 1463 2689; x_wconf 87' lang='lat' dir='ltr'>omnia</span> <span class='ocrx_word' id='word_1_276' title='bbox 1479 2652 1579 2690; x_wconf 78' lang='lat' dir='ltr'>solus</span> <span class='ocrx_word' id='word_1_277' title='bbox 1595 2653 1627 2688; x_wconf 89' lang='lat' dir='ltr'>A</span> 
     </span>
     <span class='ocr_line' id='line_1_34' title="bbox 163 2696 1353 2747; baseline 0.005 -17"><span class='ocrx_word' id='word_1_278' title='bbox 163 2696 206 2730; x_wconf 74' lang='lat' dir='ltr'>in</span> <span class='ocrx_word' id='word_1_279' title='bbox 221 2697 338 2731; x_wconf 76' lang='lat' dir='ltr'>indice</span> <span class='ocrx_word' id='word_1_280' title='bbox 355 2696 420 2742; x_wconf 88' lang='lat' dir='ltr'>qui</span> <span class='ocrx_word' id='word_1_281' title='bbox 437 2697 566 2734; x_wconf 88' lang='lat' dir='ltr'>omnia</span> <span class='ocrx_word' id='word_1_282' title='bbox 581 2699 681 2736; x_wconf 80' lang='lat' dir='ltr'>solus</span> <span class='ocrx_word' id='word_1_283' title='bbox 697 2701 822 2747; x_wconf 84' lang='lat' dir='ltr'>potest</span> <span class='ocrx_word' id='word_1_284' title='bbox 838 2711 905 2736; x_wconf 89' lang='lat' dir='ltr'>om.</span> <span class='ocrx_word' id='word_1_285' title='bbox 926 2699 950 2736; x_wconf 91' lang='lat' dir='ltr'>S</span> <span class='ocrx_word' id='word_1_286' title='bbox 968 2701 1009 2735; x_wconf 80' lang='lat' dir='ltr'>in</span> <span class='ocrx_word' id='word_1_287' title='bbox 1026 2701 1124 2738; x_wconf 79' lang='lat' dir='ltr'>rubr.</span> <span class='ocrx_word' id='word_1_288' title='bbox 1141 2711 1220 2747; x_wconf 81' lang='lat' dir='ltr'>cap.</span> <span class='ocrx_word' id='word_1_289' title='bbox 1230 2702 1353 2747; x_wconf 74' lang='lat' dir='ltr'>praes.</span> 
     </span>
    </p>
   </div>
   <div class='ocr_carea' id='block_1_6' title="bbox 166 2803 1626 2897">
    <p class='ocr_par' dir='ltr' id='par_1_7' title="bbox 166 2803 1626 2897">
     <span class='ocr_line' id='line_1_35' title="bbox 166 2803 1626 2897; baseline 0.005 -59"><span class='ocrx_word' id='word_1_290' title='bbox 166 2803 381 2897; x_wconf 53' lang='grc' dir='ltr'>Ῑοέῃξῑίἶηέ</span> <span class='ocrx_word' id='word_1_291' title='bbox 402 2807 574 2896; x_wconf 59' lang='grc' dir='ltr'>ίὲὶηίἰφπίε</span> <span class='ocrx_word' id='word_1_292' title='bbox 606 2818 639 2843; x_wconf 91' lang='lat' dir='ltr'>v.</span> <span class='ocrx_word' id='word_1_293' title='bbox 658 2806 773 2844; x_wconf 83' lang='lat' dir='ltr'>Marc.</span> <span class='ocrx_word' id='word_1_294' title='bbox 800 2806 856 2843; x_wconf 91' lang='lat' dir='ltr'>iii.</span> <span class='ocrx_word' id='word_1_295' title='bbox 886 2816 939 2852; x_wconf 88' lang='lat'>17.</span> <span class='ocrx_word' id='word_1_296' title='bbox 1132 2818 1153 2854; x_wconf 90' lang='lat'>3</span> <span class='ocrx_word' id='word_1_297' title='bbox 1177 2810 1272 2856; x_wconf 75' lang='lat' dir='ltr'>quod</span> <span class='ocrx_word' id='word_1_298' title='bbox 1283 2810 1428 2855; x_wconf 81' lang='lat' dir='ltr'>sactum</span> <span class='ocrx_word' id='word_1_299' title='bbox 1452 2814 1502 2844; x_wconf 69' lang='lat' dir='ltr'>est</span> <span class='ocrx_word' id='word_1_300' title='bbox 1527 2811 1598 2845; x_wconf 84' lang='lat' dir='ltr'>etc.</span> <span class='ocrx_word' id='word_1_301' title='bbox 1619 2822 1626 2844; x_wconf 77' lang='lat' dir='ltr'><em>z</em></span> 
     </span>
    </p>
   </div>
   <div class='ocr_carea' id='block_1_7' title="bbox 224 2923 1515 2951">
    <p class='ocr_par' dir='ltr' id='par_1_8' title="bbox 224 2923 1515 2951">
     <span class='ocr_line' id='line_1_36' title="bbox 224 2923 1515 2951; baseline 0.002 -3"><span class='ocrx_word' id='word_1_302' title='bbox 224 2928 305 2948; x_wconf 71' lang='lat' dir='ltr'>wana</span> <span class='ocrx_word' id='word_1_303' title='bbox 869 2923 898 2951; x_wconf 78' lang='lat' dir='ltr'>R</span> <span class='ocrx_word' id='word_1_304' title='bbox 1456 2927 1515 2951; x_wconf 78' lang='lat'>121</span> 
     </span>
    </p>
   </div>
  </div>
 </body>
</html>
