1994 3190
244 184 327 224 432
345 181 377 215 a
722 173 983 218 IOANNIS
1023 173 1539 218 SARESBERIENSIS
1661 174 1663 180 ’
1695 172 1808 234 [ΜΒ.
1822 185 1862 218 11

390 294 571 337 omnino
602 308 746 336 uanae
779 296 896 344 sunt,
927 296 972 336 et
1006 293 1054 336 in
1088 293 1323 350 postremis
1358 293 1484 350 quasi
1516 293 1684 336 uisibili
1719 294 1862 351 specie

390 363 558 406 ueritas
577 363 718 406 menti
737 363 940 416 occurrit,
960 363 1163 413 mediam,
1185 377 1297 419 quae
1317 363 1489 419 corpori
1510 363 1716 407 ueritatis
1735 357 1863 420 quasi

391 432 541 475 uelum
561 433 807 490 figurarum
827 432 1336 491 oppandit-diligentius
1357 432 1604 488 exequitur.

391 637 497 695 Cap.
517 641 581 681 16.
613 638 856 683 Gamo-alia
875 638 1101 694 quaedam
1119 637 1172 680 de
1191 636 1615 693 siqnificatioozibua
1634 641 1733 682 tam
1751 652 1863 682 som·

673 708 875 758 nicrum,
896 722 1038 764 quam
1067 707 1271 750 aliorum
1288 707 1585 763 fiyuralium.
1883 738 1902 772 5

450 821 532 864 Est
565 821 717 878 itaque
748 824 842 864 tam
882 821 939 863 ad
975 821 1389 878 interpretationem
1424 821 1696 865 somniorum
1731 836 1866 879 quam

391 890 449 933 ad
479 891 793 934 reuelationem
824 890 1098 947 enigmatum
1134 893 1180 933 et
1213 890 1458 947 figurarum
1489 890 1690 934 sollerter
1719 894 1865 934 atten-

391 959 536 1002 denda
557 974 703 1002 rerum
730 959 1007 1016 significatio,
1028 974 1140 1016 quae
1167 962 1295 1002 tanto
1322 959 1611 1016 multiplicior
1637 963 1705 1004 est
1732 975 1867 1018 quam

344 1038 374 1076 b
391 1043 563 1080 uocum,
578 1032 746 1085 quanto
762 1029 819 1070 ab
834 1028 1041 1085 operibus
1061 1030 1247 1070 naturae
1267 1043 1401 1085 opera
1421 1029 1664 1072 uincuntur
1683 1029 1867 1073 artificis

391 1097 611 1140 imitantis
631 1100 849 1140 naturam.
911 1096 960 1139 Si
989 1097 1087 1153 quis
1115 1097 1232 1139 enim
1260 1112 1402 1140 sermo
1429 1100 1520 1140 tres
1547 1101 1627 1141 aut
1654 1101 1868 1155 quattuor
1886 1119 1927 1144 10

392 1167 527 1209 habet
547 1167 904 1224 significationes,
925 1166 1078 1209 statim
1099 1166 1333 1223 polixenus
1354 1170 1432 1218 est,
1453 1167 1499 1209 id
1524 1171 1603 1219 est,
1623 1168 1867 1211 multarum

392 1236 776 1294 significationum.
858 1235 1015 1278 Omnis
1065 1250 1172 1278 uero
1221 1251 1291 1279 res
1337 1240 1446 1293 quot
1495 1237 1630 1280 habet
1677 1238 1867 1281 aliarum

392 1306 717 1356 similitudines,
738 1308 807 1348 tot
830 1305 948 1362 gerit
968 1305 1222 1347 earumdem
1242 1305 1602 1363 significationes3
1632 1307 1698 1350 ita
1717 1310 1868 1350 tamen

393 1379 446 1418 ut
475 1375 618 1418 maior
646 1389 889 1431 numquam
918 1373 1103 1417 minoris
1133 1374 1193 1417 sit
1223 1374 1412 1431 signum.
1474 1375 1613 1432 Signa
1648 1376 1867 1433 siquidem

394 1459 567 1501 semper
601 1444 774 1486 minora
802 1446 919 1486 sunt.
979 1443 1090 1485 Inde
1120 1447 1188 1486 est
1217 1443 1334 1500 quod
1364 1444 1586 1487 hominem
1616 1446 1868 1489 substantia
1886 1460 1927 1495 15

395 1514 578 1571 quaeuis
618 1513 852 1570 significat,
882 1515 1038 1569 utpote
1067 1513 1237 1569 aliquid
1272 1527 1503 1556 commune
1532 1529 1632 1557 cum
1662 1515 1868 1558 omnibus

394 1584 644 1634 habentem,
665 1582 783 1639 quod
810 1585 855 1625 et
879 1582 926 1624 in
954 1582 1098 1639 figura
1120 1582 1347 1640 reptilium
1376 1582 1495 1626 Petri
1521 1586 1567 1626 et
1592 1584 1639 1626 in
1666 1584 1869 1642 pluribus

395 1653 501 1696 10018
532 1652 851 1709 scripturarum
883 1651 1171 1694 manifestum
1203 1654 1281 1694 est.
1343 1651 1478 1695 Porro
1509 1667 1596 1709 quo
1624 1653 1870 1696 similitudo
1912 1646 1915 1650 ”

395 1722 644 1778 expressior
673 1724 752 1771 est,
773 1735 823 1763 eo
850 1720 991 1778 magis
1021 1723 1210 1778 cognata
1238 1723 1282 1764 et
1312 1721 1575 1765 familiarior
1604 1724 1672 1765 est
1701 1723 1870 1780 signifi-

395 1791 521 1834 catio.
594 1790 852 1834 Similitudo
883 1804 990 1832 uero
1022 1792 1102 1832 aut
1133 1790 1440 1834 substantialis
1473 1794 1551 1844 est,
1582 1794 1635 1834 ut
1667 1806 1780 1849 quae
1813 1807 1871 1835 ex
1890 1806 1934 1831 20

396 1875 556 1917 genere
591 1863 670 1902 aut
705 1859 847 1916 specie
861 1873 870 1910 3
911 1862 991 1902 aut
1018 1859 1312 1910 accidentalis,
1342 1862 1395 1903 ut
1425 1875 1481 1903 ex
1509 1861 1762 1917 quantitate
1792 1864 1872 1904 aut

397 1929 614 1986 qualitate
652 1931 732 1971 aut
770 1928 908 1971 uariis
939 1928 1234 1971 accidentium
1270 1928 1451 1982 formis3
1495 1934 1576 1973 aut
1607 1929 1872 1974 imitationis

356 2014 380 2043 c
398 2002 476 2048 est,
497 2001 548 2040 ut
575 2012 674 2040 cum
696 1997 795 2054 quis
820 1997 895 2039 alii
924 1997 1082 2053 quouis
1108 2000 1233 2040 motu
1263 1998 1407 2054 operis
1437 1998 1750 2042 conformatur.
1812 1999 1872 2042 Et

398 2067 479 2110 hoc
510 2066 686 2123 quidem
718 2066 847 2108 modo
877 2068 1024 2122 potest
1053 2066 1240 2109 creatori
1262 2070 1466 2110 creatura
1495 2083 1588 2111 esse
1615 2069 1870 2121 consimilis,

394 2151 493 2179 cum
528 2139 677 2178 tamen
710 2135 833 2178 nullo
864 2134 1147 2177 substantiali
1187 2135 1259 2178 uel
1295 2136 1555 2180 accidentali
1589 2138 1869 2195 participent.
1889 2155 1930 2190 25

397 2205 567 2249 Causae
608 2219 780 2261 quoque
825 2219 931 2247 suus
980 2204 1285 2247 conformatur
1324 2206 1516 2259 effectus,
1557 2210 1602 2250 et
1652 2208 1871 2265 reciproce

397 2289 542 2327 causa,
577 2274 614 2317 si
652 2278 800 2316 tamen
836 2273 980 2315 minor
1015 2276 1092 2325 est,
1126 2274 1299 2317 effectui
1332 2289 1411 2318 suo
1443 2275 1608 2319 dicitur
1640 2291 1731 2320 esse
1771 2292 1872 2321 con-

398 2344 565 2387 similis.
646 2342 854 2387 Ceterum
896 2342 1107 2384 similium
1149 2357 1295 2385 rerum
1336 2343 1451 2387 sicut
1491 2345 1606 2388 idem
1647 2346 1874 2399 iudicium,

400 2414 464 2456 ita
497 2416 542 2455 et
576 2412 726 2455 eadem
764 2415 871 2454 nota
901 2415 978 2454 est.
1042 2411 1099 2454 Et
1129 2412 1234 2468 quia
1262 2412 1391 2469 signa
1422 2413 1679 2471 frequenter
1707 2416 1872 2470 eadem,

400 2483 445 2525 in
468 2497 518 2525 00
544 2482 613 2524 uel
643 2481 834 2523 maxime
860 2495 932 2523 ars
959 2480 1218 2523 coniectoris
1245 2486 1440 2539 apparet,
1461 2483 1497 2525 si
1526 2484 1610 2526 sub
1636 2484 1874 2529 identitate
1891 2501 1934 2535 30

399 2615 420 2648 4
456 2601 765 2649 significabilium
794 2600 829 2637 S.
855 2602 894 2635 in
922 2600 1016 2654 νιςζζνζ.
1049 2612 1089 2635 ca
1119 2628 1125 2636 .
1149 2602 1267 2647 praef.
1395 2649 1402 2656 ι
1439 2648 1446 2656 .
1556 2605 1580 2641 6
1612 2604 1874 2652 sompniorum

400 2647 500 2688 AM&
603 2660 645 2686 ιο
668 2651 833 2695 quatuor
850 2648 925 2683 CS:
952 2653 1044 2683 11110‘
1106 2647 1134 2683 P
1235 2650 1276 2684 16
1303 2647 1520 2687 hounmbus
1538 2651 1567 2687 P

455 2770 489 2797 11
517 2761 731 2806 polixt'mw:
757 2756 836 2794 scil.
857 2757 1077 2802 πολὺσημοςς
1101 2756 1147 2793 cs.
1170 2755 1267 2793 Serv.
1287 2756 1326 2793 in
1344 2758 1436 2794 Aen.
1454 2756 1477 2795 i.
1499 2768 1527 2795 1.
1630 2769 1669 2805 17
1688 2761 1874 2806 reptilium

402 2809 524 2850 Petra
552 2818 583 2843 v.
602 2806 684 2842 Act.
705 2806 802 2852 App.
824 2804 876 2841 iii.
903 2815 944 2841 10
955 2816 1056 2850 seqq.

511 2889 556 2924 9⁴
