1994 3190
137 201 236 234 off.
252 187 304 249 x]
659 186 1096 232 PomcaA'ricvs
1620 197 1705 239 493
1723 186 1754 226 a

135 314 239 354 ante
263 309 372 353 Baal
398 311 478 352 aut
500 308 759 365 cuicumque
783 307 977 350 uanitati
1006 307 1281 364 prostituant
1305 307 1477 350 animas
1502 322 1602 365 pre-

133 379 281 422 tiosas.
341 378 404 420 Hi
424 380 530 420 sunt
549 377 626 435 qui
646 377 765 419 inter
787 377 1034 418 insensatos
1059 375 1282 418 habentur
1312 376 1470 427 insani,
1498 377 1603 433 quia

133 448 302 491 alienae
341 443 539 490 insaniae
578 446 737 489 nolunt
776 460 870 488 esse
909 444 1157 501 participes.
1238 445 1297 487 Et
1336 447 1469 488 finem
1509 445 1604 487 sine

132 517 296 560 honore
307 517 549 560 creduntur
560 514 771 565 habituri,
785 514 891 570 quia
907 513 1173 570 dignitatem
1187 518 1373 556 naturae
1390 514 1604 556 mundani

95 598 115 633 5
134 586 362 628 histrionis
382 586 541 628 habitu
559 584 755 642 polluere
782 583 1093 638 dedignantur.
1156 582 1218 624 Hi
1248 585 1355 624 sunt
1380 582 1497 625 forte
1527 583 1604 639 qui

134 654 189 698 de
234 655 326 698 alto
369 655 590 698 uirtutum
633 653 824 697 culmine
873 653 1100 695 theatrum
1150 652 1305 693 mundi
1356 652 1606 708 despiciunt

134 723 375 781 ludumque
414 723 622 767 fortunae
671 725 1035 779 contempnentes
1081 720 1216 762 nullis
1266 720 1481 763 illecebris
1525 722 1605 763 im-

134 793 362 851 pelluntur
382 793 439 835 ad
458 793 681 836 uanitates
713 794 758 835 et
788 791 983 834 insanias
1014 790 1163 833 falsas.
1225 789 1286 831 Hi
1317 789 1406 831 iam
1437 790 1484 831 in
1515 791 1607 832 suis

135 863 332 920 gaudent
362 862 521 913 Elisiis,
545 863 603 905 ad
634 862 876 905 utilitatem
907 875 1033 905 suam
1063 859 1221 902 uident
1250 859 1443 916 plurima
1473 863 1518 902 et
1549 860 1606 902 ad

77 945 120 972 10
137 946 234 975 eam
272 932 420 975 omnia
458 932 556 975 uisa
602 934 872 988 retorquent.
951 929 1066 974 Cum
1112 929 1230 972 enim
1274 928 1417 971 fidelis
1455 930 1606 971 anima

136 1001 362 1044 exaltatur
392 1016 420 1044 a
453 1003 584 1052 terra,
615 1004 722 1044 tunc
754 1001 932 1043 demum
967 999 1116 1043 omnia
1145 998 1287 1042 trahit
1317 998 1374 1040 ad
1404 999 1604 1055 seipsam.

138 1070 433 1129 Speculantur
451 1071 527 1114 isti
547 1061 788 1114 comediam
809 1070 1081 1113 mundanam
1107 1083 1208 1112 cum
1233 1082 1284 1110 eo
1311 1068 1387 1124 qui
1418 1068 1606 1125 desuper

137 1142 256 1184 astat
274 1142 326 1183 ut
346 1140 545 1183 homines
564 1143 775 1196 actusque
789 1154 940 1182 eorum
962 1142 1008 1182 et
1028 1138 1284 1181 uoluntates
1305 1137 1606 1180 indesinenter
1620 1148 1707 1188 494
1728 1147 1759 1176 a

137 1210 387 1268 prospiciat.
429 1208 543 1253 Cum
559 1209 677 1252 enim
697 1223 849 1252 omnes
869 1211 1104 1252 exerceant
1124 1206 1397 1256 histrionem,
1413 1206 1606 1263 aliquem

79 1289 120 1324 15
140 1295 232 1324 esse
251 1294 424 1323 necesse
445 1282 512 1322 est
538 1281 843 1336 spectatorem.
906 1278 999 1321 Nec
1032 1280 1245 1334 queratur
1273 1276 1435 1333 aliquis
1459 1280 1607 1319 motus

138 1363 240 1394 suos
273 1348 331 1391 ab
370 1348 518 1404 aliquo
557 1362 647 1390 non
686 1347 840 1398 uideri,
876 1361 976 1390 cum
1017 1347 1063 1389 in
1099 1348 1335 1402 conspectu
1376 1345 1459 1387 Dei
1500 1348 1607 1402 agat

137 1418 480 1476 angelorumque
519 1417 614 1460 eius
653 1431 980 1474 paucorumque
1015 1416 1280 1472 sapientum,
1320 1414 1396 1471 qui
1436 1417 1482 1456 et
1521 1414 1606 1470 ipsi

137 1487 341 1531 ludorum
372 1486 559 1530 istorum
588 1487 849 1530 circensium
879 1488 1148 1543 spectatores
1178 1487 1296 1528 sunt.
1365 1483 1607 1526 Erubescat

138 1558 297 1616 potius,
331 1556 369 1600 si
409 1556 509 1614 quis
540 1556 587 1598 in
627 1559 756 1599 tanta
795 1556 891 1599 luce
931 1551 1185 1598 indecenter
1219 1556 1454 1597 moueatur
1485 1556 1530 1596 et
1561 1568 1607 1596 se

80 1635 124 1662 ¹0
140 1628 285 1671 totum
314 1626 629 1670 exercitatione
659 1626 837 1669 mimica
867 1625 1142 1668 deuenustet.

141 1739 246 1799 Cap.
278 1754 343 1785 10.
383 1740 512 1796 Quod
541 1740 630 1784 sibi
653 1755 872 1797 personae
900 1743 1188 1796 coaptantur,
1218 1741 1257 1781 et
1286 1736 1609 1794 depretiantur

253 1811 542 1855 dissociatae:
585 1815 623 1854 et
663 1810 718 1854 de
759 1811 1005 1868 Cleopatra,
1046 1810 1266 1866 Au9u3t0‚
1301 1812 1339 1852 et
1374 1807 1610 1863 Scipione:

254 1884 294 1924 et
327 1881 447 1938 qaod
479 1880 684 1924 Romani
722 1880 934 1924 uanitati
967 1879 1112 1924 dediti
1152 1881 1262 1922 sunt
1275 1896 1294 1927 ,·
1340 1882 1379 1921 et
1414 1877 1517 1934 quis
1550 1877 1610 1920 sit

256 1949 547 1994 adulatoriae
565 1949 697 2006 finis.

85 2040 125 2076 ²5
199 2029 406 2075 Ceterum
430 2031 479 2074 in
507 2031 590 2074 hoc
614 2030 821 2074 fortunae
846 2030 1039 2074 ludibrio
1063 2044 1278 2087 personae
1302 2028 1387 2070 sibi
1418 2027 1607 2070 inuicem

141 2102 404 2158 coaptantur
417 2115 426 2154 ;
455 2103 512 2152 et,
531 2100 570 2144 si
600 2100 862 2143 altrinsecus
891 2100 1131 2150 diuertant,
1152 2099 1291 2142 totius
1321 2101 1447 2140 actus
1475 2096 1609 2140 facies
1627 2098 1656 2138 b

142 2168 416 2220 immutatur,
436 2173 488 2213 ut
516 2170 554 2213 si
585 2170 848 2213 Gliscerium
877 2169 1008 2212 tollas
1032 2172 1113 2211 aut
1142 2167 1435 2224 Pamphilum.
1495 2166 1609 2209 Sub·

142 2236 234 2280 lato
248 2238 364 2281 enim
380 2238 596 2282 alterutro
610 2253 770 2282 nomen
786 2238 970 2282 alterius
985 2237 1112 2294 perit,
1129 2240 1174 2280 et
1186 2236 1223 2279 si
1240 2251 1340 2279 cum
1356 2235 1611 2278 amantibus

143 2307 429 2364 suspiciosum
461 2322 607 2350 senem
643 2308 786 2359 tollas,
821 2308 971 2351 nullus
1003 2310 1071 2351 est
1103 2309 1184 2350 aut
1218 2306 1392 2349 inutilis
1431 2305 1611 2348 omnino

87 2387 129 2422 30
146 2374 310 2420 Dauus.
368 2376 487 2420 Hinc
516 2380 584 2420 est
613 2377 748 2420 illud:

146 2501 168 2537 3
191 2490 326 2527 uolunt
340 2490 381 2526 M
526 2501 564 2528 11
593 2502 616 2527 a
631 2493 736 2528 terra
751 2491 945 2528 exaltatur
961 2491 1001 2527 M
1161 2501 1204 2535 14
1228 2488 1468 2536 hystrionem
1485 2487 1610 2525 CBM:

117 2537 359 2592 ystrionem
367 2537 392 2574 S
522 2549 535 2575 1
534 2547 566 2620 ἑ
588 2550 740 2577 necesse
756 2541 814 2576 est
830 2551 908 2577 esse
927 2539 977 2594 M·
1079 2548 1119 2583 17
1146 2537 1378 2584 sapientium
1396 2537 1435 2572 M
1565 2546 1612 2572 20

146 2584 315 2628 mimica]
347 2583 513 2622 inimica
568 2585 656 2622 'AM
846 2596 891 2632 27
923 2586 1123 2634 gheerium
1156 2585 1222 2622 SM
1415 2594 1461 2630 29
1498 2583 1611 2620 tollas

147 2643 276 2669 senem
300 2631 340 2667 M

147 2745 288 2819 Iogniiu
291 2736 421 2836 :1:102th
425 2736 1058 2828 ,ἰωωῗξᾳωοὲξξοεαῖιιῗῖεἵνᾷηἶηκ
1083 2795 1116 2820 v.
1134 2746 1255 2829 ειητιιξᾱ.Ῑ
1264 2740 1432 2827 4139th
1458 2736 1554 2825 ‘3th
1567 2746 1614 2827 ἐξ·

151 2831 366 2866 Gliscerium
385 2828 424 2876 (i.
435 2840 466 2866 e.
485 2829 715 2878 Glycerium),
733 2833 977 2878 Pamphilum,
994 2833 1145 2868 Dauus:
1170 2830 1212 2866 in
1228 2828 1398 2867 Terentii
1413 2830 1573 2864 Andria.

1442 2910 1506 2944 199
