1994 3190
172 195 268 230 oAr.
283 181 378 244 xn]
684 179 1121 226 POLICRATIGVS
1649 190 1736 232 500
1756 191 1782 222 c

171 305 406 356 cautiones,
425 306 471 347 te
500 303 679 347 secretis
708 302 860 359 ingere
889 301 1048 358 quauis
1078 304 1185 344 arte.
1244 301 1318 344 An
1347 302 1489 347 nescis
1518 301 1637 360 quod

171 374 247 431 qui
266 375 459 431 pergunt
477 373 585 430 ipsis
604 370 945 429 imperatoribus
964 371 1181 427 imperare

283 464 394 508 scire
423 463 582 507 uolunt
611 465 778 506 secreta
807 461 963 504 domus
992 464 1127 518 atque
1156 461 1259 504 inde
1289 463 1469 506 timeri?
1653 464 1682 504 d

169 555 228 599 Et
254 569 341 612 quo
366 555 607 598 studiosius
633 553 923 603 occultantur,
947 566 999 595 eo
1022 554 1129 595 sunt
1152 551 1411 609 diligentius
1437 568 1635 610 perscru-

131 641 150 675 5
167 623 330 676 tanda;
359 637 516 681 nempe

282 724 409 754 carus
439 710 525 753 erit
554 708 696 762 Verri,
726 708 803 765 qui
833 707 1018 750 Verrem
1047 708 1246 764 tempore
1277 720 1364 763 quo
1394 707 1495 750 uult

281 793 484 822 accusare
513 780 671 836 potest.

166 866 216 911 Si
245 869 396 910 tamen
424 866 543 910 inter
570 865 710 908 malos
739 864 902 908 caritas
925 866 1006 906 aut
1031 863 1228 907 amicitia
1257 876 1351 905 esse
1375 866 1532 920 potest,
1553 864 1635 906 hoc

166 937 330 980 etenim
362 936 611 994 quaesitum
643 937 722 978 est.
792 933 882 977 Sed
915 933 1096 976 tandem
1132 933 1300 990 placuit
1335 947 1431 975 eam
1467 933 1552 974 nisi
1589 933 1635 975 in

108 1024 151 1050 ιο
166 1005 293 1048 bonis
313 1019 405 1048 esse
424 1019 513 1048 non
532 1018 669 1062 posse.
729 1003 894 1060 Magna
919 1002 1075 1058 utique
1102 1002 1221 1044 inter
1244 1001 1398 1044 molles
1425 1005 1470 1044 et
1496 1002 1636 1046 malos

165 1074 396 1118 concordia
421 1073 498 1116 sed
527 1087 579 1116 ea
602 1075 779 1116 tantum
810 1086 838 1114 a
866 1071 1052 1114 caritate
1077 1070 1276 1121 discedit,
1307 1074 1524 1127 quantum
1555 1071 1635 1113 lux

165 1143 303 1187 distat
333 1158 360 1186 a
386 1142 590 1186 tenebris.
651 1142 710 1184 Et
739 1141 843 1184 licet
876 1140 1101 1202 interdum
1138 1140 1256 1191 mali,
1287 1140 1402 1183 sicut
1437 1144 1483 1183 et
1517 1141 1635 1193 boni,

164 1212 280 1256 idem
301 1211 414 1255 uelle
434 1211 506 1254 uel
533 1211 650 1254 idem
677 1210 794 1253 nolle
823 1209 1009 1267 possint,
1030 1209 1252 1253 amicitiae
1279 1212 1430 1252 tamen
1450 1210 1634 1252 titulum

163 1295 253 1325 non
297 1283 605 1338 assequuntur.
677 1278 806 1322 Vnde
852 1280 898 1322 et
946 1277 1116 1335 Crispo,
1156 1278 1467 1321 historicorum
1517 1279 1636 1322 inter

106 1369 145 1404 15
164 1349 346 1393 Latinos
384 1345 625 1407 potissimo,
656 1348 732 1391 sed
772 1350 818 1391 et
850 1347 935 1404 ipsi
971 1346 1174 1391 Ciceroni
1209 1347 1379 1404 placuit
1416 1348 1463 1390 in
1504 1348 1634 1390 malis

163 1417 400 1463 factionem
428 1433 520 1461 esse
547 1417 664 1475 quod
694 1417 742 1460 in
771 1417 882 1460 uiris
906 1416 1033 1459 bonis
1060 1430 1167 1459 uera
1187 1417 1385 1460 amicitia
1405 1421 1484 1461 est.
1543 1416 1631 1460 Sed
1648 1428 1724 1469 501
1743 1432 1773 1460 a

162 1488 365 1546 quamuis
403 1487 592 1531 uitiosus
631 1486 943 1545 praepediente
984 1486 1157 1529 malitia
1195 1486 1362 1530 amicus
1403 1501 1496 1530 esse
1542 1501 1631 1529 non

161 1557 311 1615 possit,
339 1556 423 1600 etsi
453 1571 542 1600 11011
572 1555 850 1606 uenerabilis,
876 1555 1098 1598 uerendus
1127 1558 1277 1598 tamen
1308 1555 1394 1598 erit
1424 1555 1499 1612 qui
1530 1569 1630 1598 con-

163 1625 347 1670 scientia
358 1628 626 1669 secretorum
638 1624 811 1668 conscio
823 1626 1037 1668 terrorem
1049 1626 1198 1681 potest
1210 1624 1419 1669 incutere.
1459 1625 1631 1668 Scitum

104 1715 147 1740 20
163 1698 231 1739 est
249 1695 361 1739 illud
381 1694 527 1747 ethici,
549 1694 654 1751 quia

303 1780 368 1823 nil
398 1780 484 1823 tibi
510 1794 557 1823 se
586 1779 744 1822 debere
774 1781 917 1836 putat,
947 1778 1012 1826 nil
1042 1778 1240 1823 conferet
1269 1794 1493 1837 umquam,

305 1838 381 1896 qui
410 1841 456 1882 te
485 1837 747 1896 participem
777 1837 934 1883 secreti
965 1837 1073 1881 fecit
1101 1838 1287 1882 honesti.

161 1930 258 1975 Hoc
287 1943 460 1988 quoque
489 1929 579 1972 iam
608 1928 780 1987 pridem
809 1929 936 1972 uenit
965 1929 1012 1971 in
1047 1929 1245 1980 dubium,
1275 1945 1333 1973 an
1363 1945 1630 1989 quemquam

161 1999 353 2043 diuitum
383 2002 428 2042 et
456 2001 692 2056 potentum
724 2012 874 2041 amare
905 1998 1147 2056 contingat.
1206 2000 1489 2057 Tandemque
1515 2016 1629 2045 rece-

102 2091 143 2127 ²5
159 2071 287 2127 ptum
303 2071 370 2112 est
384 2068 557 2112 eosdem
570 2082 813 2125 numquam
826 2082 974 2111 amare
987 2068 1059 2111 uel
1073 2083 1185 2121 raro,
1193 2071 1238 2112 et
1253 2069 1300 2112 in
1317 2070 1380 2112 eis
1395 2071 1628 2128 praecipue

159 2138 313 2189 causis,
342 2138 389 2180 in
424 2137 584 2195 quibus
615 2151 662 2180 se
693 2137 842 2194 potius
877 2152 1011 2194 quam
1043 2138 1153 2182 alios
1185 2153 1333 2182 amare
1362 2140 1629 2194 uideantur3

158 2207 380 2251 contraria
421 2206 639 2264 siquidem
677 2206 726 2249 in
765 2206 918 2250 eodem
959 2221 1051 2250 esse
1091 2221 1181 2250 non
1220 2211 1419 2264 possunt,
1454 2212 1500 2252 et
1539 2224 1627 2266 quo

159 2275 321 2320 diuites
340 2275 581 2333 plurimum
599 2275 870 2333 cupiditatis,
890 2290 942 2319 eo
961 2275 1129 2324 habent
1148 2276 1382 2321 minimum
1403 2278 1627 2331 caritatis;

164 2395 206 2431 13
231 2383 404 2422 amicicia
418 2395 512 2422 uera
530 2384 574 2422 0¹

207 2493 229 2528 3
254 2483 343 2518 scire
359 2483 452 2523 etc.:
477 2482 555 2519 Iuv.
572 2484 647 2519 Sat.
663 2481 718 2518 iii.
738 2493 816 2528 113.
927 2493 951 2527 4
974 2484 1223 2519 occultantur:
1248 2495 1298 2520 sc.
1317 2486 1464 2521 secreta
1480 2485 1625 2522 domus.

161 2530 185 2566 6
209 2541 316 2566 carus
331 2531 424 2566 etc.:
451 2529 528 2566 Iuv.
545 2531 620 2566 Sat.
638 2528 694 2567 111.
714 2538 768 2576 53,
790 2538 847 2576 54.
966 2539 989 2575 9
1008 2532 1151 2577 placuit
1169 2533 1262 2567 etc.:
1287 2543 1318 2566 v.
1333 2531 1407 2567 Cic.
1423 2534 1465 2567 de
1476 2535 1622 2569 Amicit.

164 2578 208 2613 18
226 2575 244 2623 ξ
262 2577 330 2622 65;
357 2575 406 2612 cf.
427 2575 483 2631 5„§
504 2585 558 2622 17.
735 2587 777 2623 13
801 2579 896 2614 idem
911 2579 1001 2613 uelle
1018 2579 1112 2614 etc,:
1138 2590 1169 2613 v.
1189 2577 1277 2614 Sall.
1301 2579 1378 2615 Cat.
1398 2589 1444 2614 20
1462 2579 1479 2633 ᾗ
1499 2591 1547 2624 4;
1573 2580 1621 2617 cf.

160 2634 276 2670 supra
290 2624 419 2659 Polior.
436 2634 490 2660 m.
507 2634 530 2669 4
549 2623 632 2670 (482
647 2623 700 2670 c).
904 2635 945 2669 14
975 2626 1122 2671 crispo:
1148 2637 1197 2662 sc.
1217 2624 1393 2662 Sallustio
1412 2626 1541 2674 Crispo
1557 2641 1566 2670 ;
1592 2640 1622 2664 v.

160 2671 241 2716 qu.
263 2680 303 2715 31
323 2669 363 2716 ἐξ
387 2680 442 2715 14,
462 2679 517 2716 15.
641 2680 679 2725 15
709 2673 893 2708 Ciceroni:
919 2671 1046 2708 forsan
1064 2674 1106 2708 de
1123 2674 1209 2718 Rep.
1226 2671 1280 2709 iii.
1303 2684 1343 2718 13
1363 2673 1380 2720 ξ
1401 2684 1456 2719 23.
1578 2685 1621 2712 21

160 2719 218 2753 m‘l
234 2718 301 2752 tibi
316 2718 409 2753 etc.:
438 2716 516 2753 Iuv.
532 2718 606 2754 Sat.
624 2717 680 2754 111.
701 2727 756 2765 51,
775 2727 830 2764 52.
1043 2729 1089 2763 24
1117 2721 1342 2766 Tandemque
1359 2723 1431 2757 etc.
1447 2734 1457 2757 ε
1481 2722 1530 2758 cf.
1548 2722 1623 2758 Cic.

161 2767 204 2801 de
219 2765 365 2800 Amicit.
386 2772 426 2808 17
446 2763 464 2810 ξ
486 2765 555 2808 64;
580 2765 644 2801 sed
660 2767 851 2802 auctorem
869 2765 994 2803 nescio
1012 2777 1126 2812 quem
1143 2770 1295 2813 praeter
1311 2766 1535 2805 Ciceronem
1550 2770 1622 2806 hoc

161 2811 245 2849 loco
263 2810 367 2857 sequi
384 2810 564 2849 Ioannem
580 2811 758 2859 suspicor.

1450 2896 1513 2920 211
