1994 3190
211 204 310 239 OAP.
327 191 378 253 v]
734 191 1170 236 POLIORATICVS
1693 202 1782 242 399
1801 191 1831 231 d

210 313 451 371 plurimum
472 313 682 356 laborare.
742 311 824 354 Est
843 311 960 354 enim
981 311 1156 354 inutilis
1182 311 1497 368 importunitas
1524 311 1677 369 depre-

210 383 362 433 cantis,
398 397 486 439 qua
520 381 698 424 inutilia
732 381 1042 437 adquiruntur,
1074 384 1120 422 et
1154 381 1395 436 quaerendi
1430 382 1576 424 inanis
1611 384 1679 424 est

210 451 453 508 diligentia,
491 465 592 494 cum
631 450 853 493 inuenisse
892 463 982 491 non
1028 449 1239 505 proderit.
1322 450 1473 493 Posset
1521 450 1678 507 utique

210 523 356 563 motus
376 520 513 562 animi
534 522 579 562 et
599 519 761 562 mentis
777 518 977 575 agitatio,
991 532 1104 574 quae
1125 518 1187 560 ibi
1209 517 1379 560 frustra
1399 519 1678 570 distrahitur,

174 609 192 643 5
211 590 341 633 rebus
391 589 685 646 pulcrioribus
723 592 769 631 et
809 587 1064 630 melioribus
1114 587 1446 630 accommodari.
1523 588 1678 631 Aleam

211 673 317 702 uero
338 673 365 701 a
385 659 562 716 regione
583 673 755 701 morum
776 658 896 700 illius
920 657 1162 699 auctoritas
1188 670 1368 712 prorsus
1396 657 1679 711 exterminat,
1695 666 1783 706 400
1804 666 1834 695 a

212 728 288 785 qui
317 728 576 770 uniuersum
604 728 754 770 orbem
781 727 941 770 docens
971 726 1018 767 in
1045 726 1137 768 filio
1162 740 1258 768 eam
1280 725 1517 767 denuntiat
1541 726 1680 768 omni-

211 797 295 840 bus
315 796 584 854 fugiendam.
629 796 701 838 Ab
721 811 773 839 ea
793 795 1010 852 siquidem
1026 797 1260 837 armantur
1274 794 1331 836 ad
1352 794 1453 836 lites
1470 794 1681 848 homines,

212 866 447 910 incurrunt
486 866 754 918 inimicitias,
794 866 841 908 in
881 865 1086 907 miseram
1128 864 1211 906 etsi
1252 878 1341 906 non
1386 863 1682 906 miserabilem

155 952 196 976 10
213 936 416 998 incidunt
450 938 704 992 egestatem.
763 935 812 978 Si
847 933 1198 977 denuntiationis
1238 933 1414 990 quaeris
1446 936 1683 988 auctorem,

214 1005 340 1048 illum
371 1019 569 1063 agnosce,
601 1005 677 1061 qui

387 1100 475 1128 non
506 1086 590 1128 sibi
621 1085 696 1129 sed
726 1085 810 1128 toti
840 1085 1042 1142 genitum
1074 1098 1120 1127 se
1151 1083 1340 1127 credidit
1369 1084 1477 1126 orbi.

217 1167 296 1211 Est
327 1170 478 1210 tamen
513 1181 612 1210 cum
648 1167 695 1209 in
736 1167 886 1223 aliqua
917 1166 1059 1223 specie
1095 1165 1163 1208 sui
1199 1165 1383 1208 licenter
1416 1164 1684 1220 admittitur,

216 1238 253 1281 si
303 1237 468 1294 absque
517 1237 630 1280 uitio
678 1251 884 1280 curarum
933 1236 1139 1293 grauium
1189 1235 1362 1292 pondus
1412 1235 1603 1289 alleuiet‚
1641 1238 1686 1277 et

157 1322 198 1356 15
217 1307 311 1350 sine
350 1306 534 1349 uirtutis
573 1306 804 1363 dispendio
839 1305 1072 1349 iocundam
1108 1304 1494 1361 interpolationem
1530 1304 1687 1346 afferat

215 1375 490 1434 gaudiorum.
563 1375 719 1418 Omnis
757 1390 864 1418 uero
903 1374 1083 1418 licentia
1122 1374 1437 1417 moderationis
1477 1373 1688 1430 suffragio

216 1445 494 1500 conualescit,
535 1448 582 1488 et
631 1445 795 1488 solidae
845 1444 1030 1488 uirtutis
1078 1459 1185 1486 usus
1235 1443 1292 1485 ab
1342 1443 1688 1499 intemperantia

216 1514 503 1558 deformatur.
581 1514 736 1557 Totius
775 1529 881 1557 uero
926 1514 1130 1556 licentiae
1170 1512 1443 1555 moderatrix
1483 1514 1550 1554 est
1590 1511 1686 1565 loci,

218 1585 440 1642 temporis,
475 1584 606 1639 modi,
647 1598 858 1641 personae
899 1587 944 1626 et
982 1598 1139 1626 causae
1179 1582 1421 1639 praemissa
1461 1581 1688 1638 inspectio,

159 1667 202 1692 20
220 1668 331 1712 quae
366 1654 563 1696 omnium
596 1653 875 1710 negotiorum
914 1652 1072 1695 faciem
1105 1652 1263 1695 decora
1297 1654 1535 1694 uenustate
1573 1665 1687 1693 com-

219 1722 400 1766 mendat
425 1726 504 1766 aut
530 1722 825 1779 turpitudinis
845 1722 1140 1779 condempnat
1167 1721 1413 1778 obprobrio.
1476 1721 1556 1763 Est
1583 1734 1687 1776 ergo
1706 1726 1735 1763 b

219 1792 266 1835 in
287 1792 473 1850 singulis
494 1792 689 1849 plurium
710 1792 915 1834 habenda
935 1792 1050 1834 ratio
1071 1805 1371 1848 personarum,
1392 1805 1492 1833 cum
1513 1792 1688 1842 natura,

218 1861 425 1917 conditio,
446 1860 640 1916 fortuna,
661 1861 753 1904 suis
781 1861 983 1918 singulae
1012 1861 1234 1903 hominem
1260 1860 1451 1902 induant
1477 1858 1689 1916 personis,
1744 1872 1747 1875 ’

221 1945 277 1974 ex
315 1931 475 1988 quibus
516 1931 623 1987 quid
669 1946 715 1974 se
755 1931 920 1986 deceat,
961 1931 1047 1973 erit
1086 1930 1434 1986 uniuscuiusque
1473 1928 1690 1984 colligere.

164 2013 205 2047 25
222 1999 440 2044 Decorum
470 2000 687 2057 siquidem
718 2000 896 2043 aliunde
917 2015 1006 2043 non
1034 2000 1253 2056 prouenit.
1314 1998 1475 2042 Chilon
1504 1997 1690 2040 Lacede-

222 2070 396 2113 monius
420 2069 668 2127 iungendae
688 2069 911 2112 societatis
931 2084 1064 2112 causa
1090 2069 1250 2111 missus
1271 2067 1538 2112 Corinthum
1560 2066 1692 2109 duces

223 2142 269 2182 et
288 2139 479 2182 seniores
498 2139 650 2196 populi
678 2139 880 2182 ludentes
907 2139 1082 2182 inuenit
1102 2139 1149 2181 in
1169 2138 1278 2181 alea.
1339 2137 1514 2180 Infecto
1542 2136 1692 2191 itaque

223 2209 400 2266 negotio
420 2223 623 2251 reuersus
644 2212 722 2263 est,
743 2209 892 2252 dicens
912 2224 958 2251 se
979 2209 1095 2251 nolle
1115 2208 1303 2266 gloriam
1325 2207 1692 2264 Sparthanorum,

226 2293 411 2335 quorum
444 2278 590 2320 uirtus
621 2281 875 2321 constructo
909 2278 1134 2321 Bissantio
1169 2277 1447 2331 clarescebat,
1483 2276 1565 2318 hac
1600 2290 1691 2317 ma-

167 2360 209 2394 30
225 2347 371 2391 culare
401 2346 599 2402 infamia,
627 2351 679 2390 ut
708 2342 960 2391 dicerentur
990 2363 1090 2391 cum
1121 2347 1390 2390 aleatoribus
1419 2345 1692 2389 contraxisse

228 2458 259 2494 7,
271 2451 292 2486 8
318 2449 491 2503 omnibus
503 2449 723 2496 fugiendam
737 2449 938 2486 denuntiat
949 2450 982 2485 A
1046 2460 1087 2486 21
1109 2450 1340 2486 condemnat
1355 2447 1378 2484 S
1444 2447 1648 2495 opprobrio
1661 2446 1694 2481 A

229 2506 275 2542 24
298 2496 589 2542 uniuscuiusque
608 2497 680 2534 erit
697 2497 736 2532 M
880 2508 900 2533 2
905 2506 923 2544 5
949 2497 1122 2540 peruenit
1140 2497 1164 2533 S
1319 2498 1365 2533 26
1390 2496 1635 2534 chorinthum
1653 2495 1692 2530 M

228 2545 274 2579 28
300 2546 564 2589 spartanorum
578 2543 612 2579 A

278 2638 300 2672 8
315 2638 556 2682 fuyiendam:
582 2637 675 2674 Cato
693 2639 845 2674 Distich.
864 2638 1010 2685 prolog.
1040 2647 1084 2683 37
1105 2638 1325 2684 (Baehrens,
1350 2639 1477 2673 Poetae
1501 2638 1582 2671 Lat.
1607 2638 1694 2670 min.

231 2681 394 2720 iii.216>.
512 2695 554 2720 12
581 2696 654 2721 non
669 2687 739 2720 sibi
756 2686 851 2721 etc:
878 2685 963 2721 Luc.
982 2687 1111 2721 Phars.
1125 2685 1164 2721 11.
1185 2687 1264 2730 383.
1378 2693 1420 2729 25
1451 2685 1581 2720 Chilon
1600 2685 1694 2719 ete:

233 2729 341 2765 Hanc
371 2730 568 2767 historiam
597 2743 643 2768 ex
672 2731 806 2768 Catulo
835 2732 1028 2768 Parmensi
1053 2732 1215 2768 testibus
1246 2732 1351 2768 codd.
1390 2730 1446 2766 SP
1475 2732 1694 2775 excerptam

234 2788 279 2813 ex
307 2777 378 2813 hoc
407 2777 490 2814 loco
520 2778 615 2815 citat
641 2779 820 2815 Chaucer.
848 2781 1068 2815 Pardoner's
1094 2781 1180 2816 Tale
1204 2780 1348 2825 603-20
1373 2778 1443 2825 (De
1468 2777 1695 2814 latrunculis

234 2824 338 2870 apud
353 2824 570 2861 Corinthios
588 2825 635 2863 cf.
652 2824 785 2872 Eurip.
803 2827 930 2862 Medea
947 2827 1021 2873 67).

1543 2900 1584 2937 3⁷
