1994 3190
194 197 294 232 mr.
310 183 380 246 iv]
721 180 1158 229 POLICRATICVS
1675 194 1763 236 390
1786 190 1811 225 c

194 305 346 356 officia,
389 291 647 360 uoluptatis
681 305 762 346 aut
808 302 1026 346 uanitatis
1073 303 1436 359 occupationibus
1485 302 1661 360 agitari.

193 373 321 418 Vnde
344 373 382 416 si
401 372 585 416 licenter
604 373 862 414 exerceatur
880 370 1072 421 uenatio,
1092 371 1330 414 artificium
1353 372 1425 414 uel
1446 371 1635 415 officium
1651 385 1661 422 ;

193 443 231 486 si
262 444 427 492 contra,
458 441 701 489 leuitatem,
719 454 817 482 eam
848 453 943 482 esse
977 442 1057 482 aut
1088 439 1351 483 maleficium
1381 443 1660 492 censuerunt,

193 511 336 556 edicto
355 510 590 568 punientes
610 523 694 562 eos,
715 509 791 566 qui
803 522 910 560 ¹eam
929 511 1084 552 contra
1103 508 1294 552 officium
1314 512 1593 566 usurparent.

157 716 176 751 5
247 699 353 758 Cap.
383 714 423 754 4.
473 700 537 743 De
566 698 788 752 uenatioa,
819 702 858 742 et
887 697 1148 743 auctoribus
1176 702 1215 742 et
1245 697 1466 755 speciebus
1495 698 1606 750 eius,

573 773 612 813 et
642 769 847 813 exercitio
876 768 1001 812 licito
1030 772 1069 812 et
1098 767 1275 812 illicito.

253 873 313 916 Et
343 873 476 931 primi
504 873 682 930 quidem
710 872 921 923 Thebani,
949 872 986 915 si
1014 871 1146 914 fidem
1177 886 1414 928 sequamur
1441 871 1663 921 historiae,

195 958 292 988 eam
332 942 740 987 communicandam
780 942 985 985 omnibus
1033 944 1299 985 statuerunt.
1372 941 1430 984 Et
1477 955 1532 983 ex
1577 955 1664 997 quo

196 1016 400 1071 suspecta
429 1014 490 1056 sit
519 1012 723 1056 omnibus
758 1026 867 1069 gens
895 1011 999 1055 feda
1028 1011 1288 1069 parricidiis,
1318 1010 1560 1054 incestibus
1590 1010 1663 1052 de·

139 1101 180 1125 ιο
196 1083 413 1133 testanda,
440 1082 628 1140 insignis
653 1081 822 1132 fraude,
846 1084 953 1124 nota
979 1081 1197 1138 periuriis,
1222 1081 1356 1123 huius
1382 1080 1571 1128 artificii,
1592 1079 1663 1121 uel

195 1153 345 1211 potius
374 1152 590 1202 maleficii,
617 1151 664 1194 in
694 1151 849 1208 primis
879 1154 1115 1208 praecepta
1143 1150 1375 1207 congessit,
1400 1164 1512 1206 quae
1545 1152 1663 1206 post-

195 1221 375 1264 modum
402 1221 460 1264 ad
486 1224 664 1278 gentem
695 1220 871 1263 mollem
895 1220 1215 1276 imbellemque,
1235 1220 1378 1262 leuem
1403 1222 1448 1262 et
1473 1218 1662 1275 impudi-

196 1305 292 1335 cam
308 1289 500 1349 (Frigios
515 1288 686 1347 loquor)
700 1289 1036 1332 transmitteret.
1096 1284 1308 1332 Riserunt
1330 1303 1403 1331 eos
1419 1288 1662 1330 Athenien·
1680 1292 1709 1332 d

196 1374 265 1404 ses
304 1363 350 1402 et
390 1358 695 1402 Lacedemonii
734 1358 887 1416 populi
927 1358 1166 1415 grauiores,
1202 1357 1488 1400 historiarum
1527 1360 1665 1413 gesta,

140 1447 180 1482 ¹5
196 1431 384 1472 naturae
412 1442 672 1485 morumque
691 1428 906 1485 mysteria
926 1427 1063 1470 uariis
1085 1427 1398 1484 figmentorum
1426 1425 1668 1468 inuolucris

197 1498 482 1550 obtexentes;
511 1498 573 1541 sic
609 1500 759 1540 tamen
791 1500 844 1540 ut
878 1511 934 1540 ex
966 1496 1140 1540 cautela
1171 1495 1388 1538 malorum
1423 1495 1667 1538 utilitatem

198 1567 468 1617 inducerent,
495 1570 574 1610 aut
598 1581 654 1610 ex
681 1567 829 1624 lepore
858 1566 1074 1624 poematis
1098 1565 1387 1622 uoluptatem.
1449 1565 1504 1607 In
1535 1579 1667 1607 auras

198 1637 349 1694 itaque
369 1639 547 1694 raptum
568 1636 754 1679 tradunt
781 1636 838 1679 ab
862 1636 1012 1693 aquila
1034 1635 1311 1679 Dardanium
1332 1637 1588 1677 uenatorem
1610 1634 1666 1676 ad

198 1706 366 1764 pocula,
397 1720 425 1749 a
456 1706 617 1762 quibus
652 1706 710 1748 ad
739 1706 918 1749 illicitos
948 1708 993 1748 et
1022 1703 1297 1748 innaturales
1330 1704 1543 1746 transiret
1575 1718 1666 1746 am-

142 1794 183 1820 20
199 1775 367 1834 plexus.
442 1775 680 1832 Eleganter
713 1775 882 1832 utique,
912 1789 1012 1818 cum
1046 1777 1091 1818 et
1116 1774 1277 1817 leuitas
1303 1772 1411 1816 ferri
1442 1773 1582 1830 possit
1612 1773 1669 1815 ab

157 1853 159 1855 ’
200 1844 318 1896 alite,
349 1847 395 1888 et
425 1845 632 1902 uoluptas
663 1844 916 1888 sobrietatis
952 1844 1110 1901 ignara
1144 1844 1458 1900 cuiuscumque
1493 1842 1669 1885 libidini

199 1914 408 1972 prostitui
428 1929 517 1957 non
538 1914 768 1958 erubescit.
828 1914 935 1957 Dux
950 1914 1186 1957 Thebanus
1206 1914 1304 1955 uisa
1324 1913 1529 1955 nuditate
1551 1912 1670 1954 illius

202 1997 335 2041 quam
363 1984 411 2027 in
443 1983 568 2026 siluis
598 1998 771 2041 semper
800 1984 1009 2037 coluerat,
1030 1998 1130 2027 cum
1158 1983 1215 2025 ab
1242 1997 1388 2025 errore
1416 1982 1572 2039 pedem
1600 1982 1669 2025 sui

201 2056 428 2097 reuocaret
448 2053 641 2104 affectus,
661 2053 744 2096 sub
764 2053 959 2096 humano
979 2068 1111 2096 sensu
1135 2067 1180 2095 se
1209 2052 1256 2094 in
1286 2051 1474 2094 bestiam
1495 2051 1670 2108 stupuit
1686 2059 1763 2099 391
1783 2057 1814 2086 a

146 2140 186 2175 ²5
202 2121 581 2174 transformatum,
600 2122 829 2180 neruisque
856 2121 1108 2174 conformis,
1127 2136 1228 2165 cum
1255 2121 1517 2164 domesticos
1541 2135 1671 2164 canes

202 2205 308 2235 uoce
330 2195 375 2235 et
394 2192 526 2235 uultu
545 2192 764 2235 niteretur
787 2192 976 2250 abigere,
995 2191 1109 2234 uitio
1139 2205 1304 2248 prauae
1329 2190 1673 2240 consuetudinis,

203 2261 342 2304 totius
357 2261 632 2305 substantiae
647 2276 753 2305 suae
768 2262 1010 2319 dispendio,
1023 2260 1263 2304 eorundem
1278 2260 1499 2302 morsibus
1511 2260 1672 2316 patuit.

205 2328 265 2374 Et
298 2329 414 2374 forte
450 2330 579 2374 deam
610 2331 898 2374 uenatoribus
930 2330 1203 2388 praeferunt,
1235 2330 1341 2386 quia
1372 2329 1558 2372 mollitie
1590 2330 1673 2373 hac

204 2398 278 2442 uel
305 2399 479 2442 malitia
508 2399 612 2442 deos
646 2414 749 2443 suos
778 2400 1004 2443 noluerint
1033 2398 1263 2443 infamare.
1322 2398 1434 2455 Apri
1465 2398 1674 2441 dentibus

207 2528 227 2567 5
254 2519 449 2556 autoribus
463 2520 498 2556 A
651 2530 672 2567 7
695 2519 888 2568 hystoriae
905 2519 946 2555 M
1105 2530 1148 2565 14
1173 2518 1427 2566 hystoriarum
1444 2517 1484 2553 M
1632 2525 1673 2562 15

206 2566 379 2604 misteria
394 2567 428 2602 A

256 2683 278 2719 7
306 2676 487 2712 Thebani:
518 2688 551 2712 v.
570 2676 631 2723 Hy
633 2675 712 2722 gin.
733 2677 825 2714 Fab.
849 2676 906 2712 ed.
932 2675 1058 2713 Schm.
1084 2687 1147 2722 pp.
1169 2684 1213 2718 72
1232 2686 1333 2720 seqq.
1382 2672 1438 2710 De
1463 2671 1675 2709 venationis

209 2720 356 2768 origine
373 2722 421 2758 cf.
439 2722 535 2768 Fulg·
536 2726 612 2760 ent.
606 2688 741 2769 yMyth.
759 2723 799 2760 ii.
818 2724 1092 2769 2318
1118 2724 1352 2759 Dardanium
1368 2725 1598 2756 uenatorem:
1626 2731 1674 2754 sc.

210 2768 479 2853 Gangnpaedem,
497 2770 543 2807 cf.
561 2770 674 2808 Mart.
692 2771 820 2817 Epiqr.
838 2733 889 2807 xi.
911 2780 988 2815 104.
1008 2780 1061 2817 19,
1081 2780 1138 2807 20.
1274 2779 1319 2805 22
1344 2769 1434 2804 Dux
1459 2768 1673 2803 Thebanus:

211 2827 249 2854 sc
311 2827 331 2853 c
375 2827 446 2853 eon

1523 2894 1563 2918 21
