1994 3190
225 179 314 219 494
331 169 362 208 b
709 169 912 214 IOANN
913 168 970 213 IS
1013 169 1528 215 SARESBERIENSIS
1666 171 1776 232 [mn.
1793 183 1854 216 111

1194 293 1342 336 Fortis
1370 293 1419 335 in
1447 293 1584 337 armis

499 348 698 393 Cesareis
728 350 949 394 Labienus
979 353 1086 402 erat,
1116 365 1233 394 nunc
1263 351 1501 409 transfuga
1530 352 1634 395 uilis

497 422 597 450 cum
628 408 738 451 duce
766 408 944 466 priuato
973 413 1116 452 terras
1145 413 1279 466 atque
1309 424 1502 466 aequora
1531 410 1705 454 lustrat.

381 487 431 530 Si
465 488 582 531 enim
612 503 832 546 personas,
867 505 980 547 quae
1016 490 1100 534 sibi
1132 494 1424 534 assueuerunt
1459 491 1631 549 sibique
1667 492 1852 543 faciunt,

379 556 606 600 decretum
637 557 843 602 fortunae
874 559 1089 610 dissociet,
1117 560 1170 603 fit
1199 559 1458 617 plerumque
1488 562 1541 603 ut
1569 563 1758 618 utraque
1789 560 1848 604 ad
1871 567 1890 602 5

379 627 528 670 omnia
547 627 719 684 agenda
738 642 819 670 sua
837 627 1046 670 uideatur
1071 628 1235 685 inepta,
1256 631 1302 672 et
1329 629 1455 685 quasi
1476 629 1655 672 exclusa
1674 629 1847 672 ratione

378 696 508 740 officii
543 696 831 754 depreciatur.
903 697 1064 740 Fracta
1098 701 1204 741 sunt
1242 698 1459 740 lenocinia
1491 697 1752 755 Cleopatrae
1792 713 1850 741 ex

335 783 362 812 c
379 781 466 822 quo
497 781 577 809 nec
616 766 783 808 Iulium
822 766 997 809 inuenit
1038 781 1118 810 nec
1154 767 1411 810 Antonium.
1473 767 1690 824 Equidem
1729 768 1849 811 orbis

376 835 591 878 uictorem
612 834 817 879 Cesarem
838 835 966 878 donis
985 835 1124 886 flexit,
1144 838 1190 878 et
1210 835 1367 879 inuicti
1388 836 1476 878 uiri
1504 836 1847 893 insuperabilem

376 905 575 947 animum
603 905 878 948 meretricius
913 905 1044 947 decor
1077 907 1122 947 et
1157 904 1400 961 prostituta
1434 904 1571 948 facies
1605 906 1848 963 superauit.
1871 922 1913 947 1ο

376 971 505 1016 Vnde
525 973 730 1017 lenocinii
750 974 845 1016 eius
865 973 1206 1016 sollicitudinem
1227 976 1358 1030 poeta
1378 974 1630 1031 exprimens
1650 974 1834 1018 adiecit:

494 1054 659 1097 Vultus
688 1054 815 1096 adest
844 1053 1058 1110 precibus,
1089 1052 1310 1110 faciesque
1340 1053 1509 1097 incesta
1538 1057 1731 1111 perorat.

376 1133 492 1178 Cum
531 1149 638 1178 uero
678 1135 821 1177 Iulius
860 1134 992 1177 rebus
1036 1134 1242 1176 humanis
1289 1137 1521 1191 exemptus
1568 1138 1693 1186 esset,
1734 1149 1847 1192 quae

377 1203 566 1246 Romani
615 1204 896 1261 imperatoris
943 1203 1149 1260 coniugio
1197 1202 1347 1246 fuerat
1394 1203 1596 1261 gloriata,
1634 1204 1849 1262 principis

377 1272 677 1316 Romanorum
713 1288 822 1316 ausa
853 1275 922 1316 est
955 1273 1161 1316 affectare
1196 1273 1471 1316 seruitutem.
1532 1273 1626 1317 Nec
1665 1273 1847 1325 frustra,
1868 1295 1909 1330 15

375 1356 476 1385 cum
517 1343 573 1385 ad
613 1343 763 1386 omnia
800 1345 1007 1400 paratum
1047 1342 1290 1386 inuenisset
1323 1342 1581 1386 Antonium.
1653 1343 1848 1387 Putabat

376 1412 495 1454 enim
536 1412 593 1454 ad
633 1411 838 1456 Cesarem
878 1412 1064 1470 gloriam
1104 1411 1189 1454 sibi
1227 1411 1365 1455 nichil
1404 1411 1566 1463 defore,
1605 1412 1643 1455 si
1682 1412 1847 1455 lectum

378 1481 473 1524 eius
499 1481 765 1532 ascenderet,
786 1481 862 1538 qui
890 1495 1112 1524 successor
1140 1495 1289 1524 rerum
1317 1481 1513 1538 Pompeii
1540 1484 1586 1524 et
1613 1482 1683 1539 (ut
1711 1482 1847 1525 simu·

378 1549 519 1606 labat)
555 1550 666 1594 iuris
701 1549 877 1594 Cesarei
916 1550 1058 1608 magis
1093 1550 1148 1593 de
1181 1550 1432 1593 temeritate
1467 1549 1674 1594 fortunae
1713 1565 1847 1608 quam

326 1618 357 1658 d
378 1619 432 1662 de
452 1620 637 1663 uirtutis
657 1620 924 1664 conscientia
938 1620 1197 1663 confidebat.
1248 1619 1394 1671 Porro,
1407 1634 1507 1663 cum
1530 1619 1588 1662 ad
1607 1620 1846 1663 sollicitan·
1866 1638 1911 1665 πο

375 1689 483 1732 dum
511 1690 766 1746 Augustum
794 1689 1022 1732 muliebris
1041 1688 1342 1746 impudicitiae
1371 1689 1555 1732 audacia
1584 1690 1848 1743 accessisset,

373 1773 451 1815 spe
484 1773 565 1801 sua
600 1758 819 1802 frustrata
853 1773 1046 1802 amorem
1082 1758 1327 1802 honestatis
1361 1758 1589 1816 reputauit
1623 1758 1846 1812 iniuriam,

372 1828 571 1871 castitati
602 1842 762 1870 nomen
793 1827 917 1870 dedit
951 1827 1193 1884 superbiae,
1224 1827 1475 1884 bellumque
1510 1827 1699 1871 credidit
1728 1828 1843 1871 indi-

372 1896 561 1940 cendum
601 1896 640 1939 ei
673 1911 803 1952 quem
839 1896 956 1940 Iulio
991 1896 1150 1940 Cesare
1190 1899 1375 1954 experta
1414 1895 1563 1940 fuerat
1603 1896 1848 1942 fortiorem.

374 1966 540 2009 Omnes
579 1966 764 2008 nocendi
805 1969 924 2009 artes
964 1981 1172 2023 aggressa
1211 1969 1289 2016 est,
1321 1966 1588 2023 tandemque
1627 1969 1758 2024 capta
1798 1970 1844 2011 et
1864 1980 1907 2015 25

373 2035 611 2093 prouoluta
640 2035 696 2077 ad
727 2035 858 2092 pedes
886 2035 1080 2092 Augusti
1109 2035 1243 2078 etiam
1273 2038 1380 2079 tunc
1410 2035 1668 2079 sollicitauit
1697 2036 1845 2080 oculos

374 2105 511 2148 ducis.
573 2104 659 2148 Sed
693 2104 863 2147 frustra
893 2105 1094 2162 quidem3
1138 2120 1241 2148 nam
1276 2105 1560 2162 pulchritudo
1595 2105 1689 2148 eius
1725 2105 1846 2149 infra

374 2174 635 2231 pudicitiam
686 2173 898 2231 principis
944 2173 1045 2217 fuit.
1125 2174 1253 2227 Quod
1300 2174 1377 2217 ubi
1424 2174 1657 2231 desperata
1698 2189 1744 2217 se
1788 2174 1846 2218 ad

375 2243 653 2300 triumphum
675 2242 857 2285 uictoris
882 2243 1116 2299 praenouit
1146 2243 1375 2295 reseruari,
1396 2243 1686 2287 incautiorem
1714 2246 1846 2287 nacta

374 2312 633 2363 custodiam,
661 2326 836 2369 egressa
859 2327 904 2355 se
933 2312 979 2354 in
1005 2312 1276 2355 Mausoleum
1308 2327 1461 2370 regum
1489 2312 1664 2370 recepit,
1696 2313 1845 2370 ibique
1863 2329 1907 2364 30

373 2381 659 2425 nobilissimis
689 2396 745 2423 ex
776 2396 895 2423 more
927 2382 1084 2424 induta
1119 2382 1312 2425 cultibus
1342 2382 1550 2425 odoribus
1585 2382 1845 2439 conquisitis

372 2450 568 2507 solioque
599 2450 771 2492 diuitiis
795 2464 1107 2507 usquequaque
1136 2450 1301 2494 referto
1328 2466 1373 2493 so
1402 2451 1531 2494 iuxta
1560 2465 1688 2493 suum
1714 2451 1846 2494 collo·

372 2518 494 2563 cauit
510 2518 766 2568 Antonium,
787 2522 833 2561 61
853 2519 1061 2561 mamillis
1082 2519 1292 2576 uenisque
1313 2519 1405 2562 suis
1425 2534 1651 2577 apponens
1671 2520 1845 2578 aspides

375 2630 419 2668 25
442 2627 523 2667 pone
540 2633 670 2658 omnen
687 2623 771 2657 add.
789 2620 890 2658 enim
909 2621 933 2658 S
1078 2631 1122 2666 27
1149 2621 1365 2668 pulcritudo
1384 2620 1442 2658 As

428 2722 439 2749 ι
471 2714 591 2749 Fortia
610 2716 701 2750 eta:
730 2713 816 2749 Luc.
835 2714 961 2749 Phara.
981 2725 1010 2750 v.
1030 2721 1159 2759 345-7.
1303 2724 1323 2759 3
1346 2715 1521 2759 priuato:
1541 2715 1707 2762 praelato
1726 2713 1844 2751 habet

375 2759 556 2796 Lucanus.
705 2770 745 2797 12
780 2762 906 2796 Vultus
922 2763 1018 2797 eta:
1047 2760 1132 2797 Luc.
1150 2762 1277 2798 Phara.
1296 2773 1330 2797 x.
1352 2770 1428 2808 105.
1581 2763 1628 2799 26
1647 2763 1844 2808 prouoluta

373 2810 471 2846 ew:
499 2820 529 2843 v.
550 2806 649 2845 Flor.
669 2806 708 2845 ii.
727 2818 766 2845 21
791 2807 855 2855 (iv.
876 2818 912 2846 ιι
936 2807 977 2855 §§
997 2810 1119 2855 9-11).

488 2889 554 2914 200
