1994 3190
180 137 274 186 469
294 146 325 176 a
669 99 934 177 10ANN1s
975 129 1492 176 SARESBERIENSIS
1643 125 1756 188 [mn.
1772 137 1815 171 11

341 255 543 299 centibus
558 268 632 298 eos
650 253 971 310 obtemperant,
986 252 1123 295 donec
1139 266 1213 295 eos
1232 265 1379 294 secum
1394 249 1578 293 crimine
1597 247 1818 306 sacrilegii

343 327 390 367 et
418 337 533 380 pena
562 322 893 380 dampnationis
927 322 1176 364 inuoluant.
1235 320 1574 376 Transfigurant
1603 317 1739 361 etiam
1769 331 1816 360 se

342 392 569 436 interdum
594 392 643 434 in
671 391 852 450 angelos
877 391 1000 442 lucis,
1021 391 1207 434 honesta
1233 389 1326 432 sola
1351 388 1641 446 praecipiunt,
1661 386 1819 429 illicita

343 462 596 519 prohibent,
622 461 890 504 munditiam
919 462 1241 510 consectantur,
1268 458 1542 501 utilitatibus
1569 456 1819 514 prouident,

344 535 398 574 ut
418 531 544 588 quasi
564 530 669 573 boni
690 533 735 573 et
755 530 938 587 propitii
958 529 1224 572 familiarius
1249 527 1558 577 admittantur,
1579 525 1820 568 audiantur
1839 540 1860 576 5

345 600 593 657 benignius,
613 602 820 642 amentur
847 599 1001 652 artius,
1030 598 1205 641 facilius
1231 596 1538 640 exaudiantur.
1600 595 1821 638 Habitum

347 684 521 726 quoque
560 669 755 711 induunt
790 668 1112 711 uenerabilium
1152 680 1452 724 personarum,
1487 667 1540 708 ut
1579 664 1642 708 eis
1680 663 1822 706 maior

348 742 394 782 et
413 738 661 796 promptior
680 737 931 780 reuerentia
950 736 1247 793 impendatur.
1304 734 1363 777 Et
1383 734 1449 777 ait
1465 733 1599 777 Saul:
1635 732 1823 777 Coartor

301 813 331 851 b
349 808 493 858 nimis,
513 807 731 864 siquidem
759 806 999 849 Philistiim
1025 807 1231 863 pugnant
1260 804 1497 847 aduersum
1524 817 1606 853 me,
1630 805 1676 845 et
1702 801 1824 844 Deus

349 877 528 920 recessit
543 891 571 919 a
590 891 661 919 me
682 879 727 918 et
747 876 958 918 exaudire
979 890 1049 917 me
1065 874 1210 917 noluit
1229 888 1372 930 neque
1391 873 1439 915 in
1459 887 1596 915 manu
1615 871 1823 929 prophet·
1843 885 1887 911 10

349 961 478 990 arum
511 960 654 1002 neque
686 959 766 1002 per
798 944 980 987 somnia.
1039 943 1207 986 Vocaui
1243 957 1348 1000 ergo
1387 945 1444 992 te,
1479 944 1532 984 ut
1573 940 1826 984 ostenderes

349 1015 486 1059 michi
514 1015 621 1072 quid
651 1014 823 1057 faciam.
883 1014 948 1056 Ac
975 1013 1013 1055 si
1043 1015 1196 1070 aperte
1226 1012 1371 1055 dicat:
1421 1011 1477 1053 In
1507 1009 1827 1068 desperationis

350 1085 561 1141 abyssum
602 1083 920 1140 praecipitatus
959 1096 1081 1134 sum;
1121 1082 1388 1138 impugnant
1420 1079 1632 1130 homines,
1664 1078 1829 1121 deserit

351 1154 485 1204 Deus,
516 1155 562 1196 et
601 1167 683 1209 ego
722 1151 779 1194 ad
819 1155 876 1202 te,
913 1151 990 1208 qui
1029 1151 1078 1193 in
1118 1151 1310 1193 ueritate
1345 1149 1546 1206 utrisque
1586 1146 1829 1190 inimicaris

351 1221 573 1279 confugio,
608 1224 661 1264 ut
694 1221 820 1277 quasi
853 1220 1008 1264 doctor
1039 1220 1305 1277 discipulum
1338 1219 1505 1269 doceas,
1538 1217 1646 1275 quid
1681 1231 1751 1260 me
1781 1216 1829 1259 in
1851 1230 1891 1267 15

352 1295 483 1335 tanta
502 1290 711 1348 angustia
731 1292 935 1346 oporteat
955 1288 1111 1333 facere.
1171 1289 1295 1332 Licet
1319 1289 1437 1331 enim
1458 1303 1558 1331 eum
1584 1287 1660 1344 qui
1680 1287 1829 1343 loque-

353 1361 489 1404 batur
517 1360 715 1404 crederet
746 1359 1009 1409 Samuelem,
1039 1362 1190 1401 tamen
1220 1358 1267 1400 in
1299 1358 1491 1400 ueritate
1521 1359 1618 1417 erat
1647 1356 1832 1413 angelus

355 1430 592 1473 Sathanae.
653 1428 747 1472 Nec
767 1429 916 1485 potuit
937 1428 978 1471 ei
998 1427 1253 1485 ignorantia
1272 1426 1519 1484 suffragari,
1539 1441 1638 1469 cum
1663 1425 1831 1468 nemini

353 1499 486 1543 liceat
506 1499 710 1556 ignorare
730 1501 992 1549 creaturam,
1009 1511 1121 1554 quae
1141 1511 1187 1540 se
1208 1496 1381 1553 appetit
1400 1495 1587 1545 adorari,
1607 1494 1831 1538 infidelem

355 1571 401 1611 et
431 1581 664 1625 peruersae
694 1566 942 1610 uoluntatis
973 1580 1075 1610 esse.
1136 1565 1315 1608 Sciebat
1344 1565 1479 1608 etiam
1507 1564 1713 1607 illicitum
1738 1578 1831 1607 esse
1851 1580 1896 1605 20

355 1637 517 1680 ariolos
532 1639 577 1680 et
598 1650 751 1693 magos
772 1635 995 1692 inquirere
1016 1638 1061 1678 et
1081 1634 1136 1677 de
1152 1634 1319 1677 futuris
1334 1633 1571 1676 sollicitare
1591 1633 1833 1691 phitonem.

316 1716 340 1746 c
359 1706 487 1759 Quod
522 1705 559 1748 si
596 1720 696 1748 eum
733 1704 988 1762 ignorantia
1022 1718 1235 1761 personae
1275 1707 1469 1755 excusat,
1503 1703 1698 1746 melioris
1731 1717 1834 1747 con-

357 1774 541 1818 ditionis
576 1777 708 1818 erunt
744 1773 873 1816 stulti
910 1788 1041 1830 quam
1076 1773 1209 1830 periti
1240 1776 1286 1816 et
1315 1772 1512 1830 peruersi
1546 1787 1678 1829 quam
1713 1772 1834 1816 recti.

359 1844 419 1887 Et
463 1844 528 1886 ait
575 1842 754 1886 Samuel
796 1843 903 1899 (non
949 1842 1153 1899 equidem
1197 1857 1330 1885 uerus
1376 1842 1453 1885 sed
1498 1842 1751 1885 umbratilis
1790 1844 1837 1884 et

358 1913 555 1963 fictitius,
577 1915 622 1955 et
643 1926 730 1968 quo
751 1911 914 1968 dignus
939 1915 1006 1954 est
1026 1911 1189 1968 impius
1214 1915 1259 1954 et
1286 1911 1499 1968 reprobus
1519 1909 1810 1968 consultator)
1826 1926 1837 1953 ε
1856 1924 1898 1958 25

361 1981 480 2036 Quid
530 1996 599 2024 me
647 1981 908 2038 interrogas,
944 1995 1044 2023 cum
1092 1980 1310 2023 Dominus
1356 1980 1584 2023 recesserit
1630 1995 1657 2023 a
1703 1983 1748 2023 te
1792 1982 1838 2023 et

361 2050 592 2095 transierit
626 2049 682 2092 ad
719 2049 914 2092 emulum
947 2050 1108 2094 tuum?
1167 2049 1479 2106 Responsionis
1514 2049 1694 2092 initium
1734 2048 1838 2092 fidei

362 2123 707 2165 consentaneum
749 2121 816 2161 est
857 2122 902 2161 et
942 2118 1269 2162 accommodum
1311 2118 1487 2161 rationi.
1563 2118 1681 2171 Quid
1723 2118 1839 2161 enim

363 2189 564 2234 conferet
597 2192 802 2231 creatura
842 2187 919 2238 illi,
959 2202 1088 2244 quem
1130 2187 1294 2231 deserit
1331 2187 1451 2230 Deus
1491 2190 1536 2231 et
1575 2188 1645 2230 cui
1685 2187 1842 2243 diripit

365 2259 536 2316 spolia‘l
596 2256 684 2300 Sed
716 2257 878 2299 sensim
909 2257 966 2299 ad
997 2257 1042 2299 id
1074 2257 1191 2314 quod
1222 2271 1351 2299 suum
1383 2260 1461 2308 est,
1491 2257 1632 2300 hostis
1663 2260 1708 2300 et
1738 2256 1841 2300 fidei
1861 2270 1903 2303 30

368 2328 572 2371 inimicus
607 2325 794 2368 diuertit
826 2326 1075 2369 immiscens
1112 2325 1225 2369 falsa
1259 2326 1377 2369 ueris
1412 2329 1458 2369 et
1492 2326 1721 2369 mendacia
1755 2326 1842 2370 fide

369 2396 574 2440 ueritatis
594 2394 869 2438 obnubilans.
929 2394 1142 2452 Sequitur
1162 2394 1303 2438 enim:
1345 2395 1496 2439 Faciet
1521 2395 1602 2438 tibi
1625 2395 1844 2439 Dominus

372 2503 394 2531 2
419 2467 679 2529 damnat-ionis
697 2492 721 2528 S
888 2503 911 2538 9
935 2492 1109 2529 dominns
1125 2492 1158 2529 A
1326 2503 1371 2531 10
1394 2504 1454 2530 me
1473 2504 1540 2530 om.
1558 2492 1624 2530 SM
1800 2502 1841 2531 11

372 2539 549 2587 sompnia
566 2539 638 2575 AM
788 2549 828 2586 13
854 2539 1019 2576 abissum
1037 2540 1070 2576 A

421 2638 442 2664 2
472 2602 751 2673 Tritia-seliburem
769 2629 841 2662 etc.
858 2638 866 2662 :
895 2638 925 2663 v.
945 2637 965 2662 2
985 2626 1065 2663 cor.
1084 2626 1132 2664 xi.
1155 2636 1206 2671 14.
1303 2628 1324 2663 8
1350 2628 1399 2662 Et
1416 2629 1469 2663 ait
1486 2628 1576 2663 Saul
1593 2628 1687 2664 etc.=
1713 2637 1733 2663 2
1752 2626 1844 2674 Reg-

374 2674 501 2712 xxviii.
525 2684 575 2721 ις.
732 2684 777 2710 2ο
803 2675 990 2710 illicitum:
1021 2686 1051 2709 v.
1073 2674 1154 2710 ιον.
1173 2673 1246 2710 xix.
1263 2675 1308 2720 6;
1335 2674 1449 2711 Dcut.
1468 2674 1571 2711 xviii.
1593 2685 1645 2711 ιι.
1799 2684 1845 2720 24

375 2723 655 2816 ξἰινιῗξξῆιζῖιέιεὶ
673 2724 771 2759 eta:
800 2733 819 2758 2
841 2722 931 2768 Reg.
951 2721 1078 2759 xxviii.
1102 2724 1154 2760 16.
1380 2732 1424 2769 32
1450 2723 1573 2760 Faciet
1591 2724 1685 2761 eta:
1713 2731 1733 2759 2
1752 2721 1844 2770 Reg.

491 2839 555 2885 156
