1994 3190
272 161 352 216 4⁵3
371 164 400 206 d

747 163 1008 209 IOANNIS
1048 162 1562 208 SARESBERIENSIS
1718 161 1830 225 [ΜΒ.
1845 175 1886 210 11

414 299 606 336 sensum,
637 288 691 328 ut
720 285 897 336 dixerit,
929 285 979 329 Si
1008 300 1098 329 non
1133 288 1279 329 essent
1313 285 1645 343 praedestinati,
1677 285 1889 329 dixissem

414 354 554 406 uobis,
574 354 648 397 ibo
668 357 713 398 et
733 355 1085 412 praedestinabo,
1105 355 1314 398 credibile
1341 357 1409 398 est
1429 354 1535 397 dum
1556 369 1704 397 rerum
1724 355 1890 412 pendet

415 427 614 474 euentus,
653 423 692 467 si
732 424 1040 481 Omnipotenti
1079 425 1263 482 placeat,
1298 439 1372 467 eos
1408 424 1485 480 qui
1525 424 1722 467 nondum
1762 438 1888 482 prae-

415 493 628 536 destinati
662 496 779 544 sunt,
810 508 937 551 posse
968 494 1290 551 praedestinari
1325 494 1382 536 ad
1417 493 1573 545 uitam,
1604 497 1650 537 et
1681 494 1758 551 qui
1797 494 1889 536 iam

415 563 571 620 scripti
602 567 709 607 sunt
742 563 789 606 in
823 564 937 607 libro
969 563 1102 615 uitae,
1133 563 1415 621 exigentibus
1444 563 1617 606 meritis
1647 563 1704 606 ab
1735 563 1888 607 eodem
1906 579 1927 618 5

271 644 351 685 454
371 645 401 675 a
417 646 543 690 posse
572 632 719 676 deleri.
780 632 898 676 Hinc
934 636 1001 676 est
1035 632 1176 676 forte:
1218 632 1465 675 Deleantur
1499 632 1554 674 de
1588 631 1702 675 libro
1733 632 1888 674 uiuen-

367 1392 397 1431 b

416 701 542 753 tium,
565 705 610 745 et
629 716 730 745 cum
749 702 879 745 iustis
899 717 989 745 non
1009 701 1271 745 scribantur.
1332 701 1535 757 Itemque
1553 716 1562 743 :
1592 700 1687 743 Aut
1710 700 1890 744 dimitte

415 770 478 813 eis
502 771 616 814 hanc
640 785 815 821 noxam,
835 774 916 814 aut
942 771 1039 814 dele
1065 785 1137 813 me
1164 770 1219 812 de
1249 769 1363 812 libro
1390 772 1469 812 tuo
1497 784 1629 825 quem
1657 770 1888 826 scripsisti.

415 838 503 892 Qui
543 842 677 882 natus
716 842 796 891 est,
829 839 977 896 inquit
1017 839 1316 896 Euangelista,
1357 853 1413 880 ex
1453 838 1560 891 Deo,
1593 853 1684 881 non
1723 842 1887 896 peccat,

414 907 623 964 quoniam
649 908 878 965 generatio
906 908 1078 951 celestis
1109 911 1260 951 seruat
1290 922 1402 950 eum.
1464 907 1703 951 Generatio
1730 907 1887 964 utique
1906 923 1949 953 ιο

412 977 585 1020 celestis
629 981 696 1020 est
741 981 895 1020 eterna
932 977 1294 1035 praedestinatio,
1333 977 1460 1020 cuius
1499 992 1652 1021 omnes
1692 977 1774 1020 filii
1819 977 1886 1019 in-

410 1046 677 1103 grediuntur
703 1046 761 1089 ad
787 1047 942 1098 uitam,
962 1046 1046 1089 etsi
1077 1046 1285 1104 possibile
1315 1046 1375 1089 sit
1405 1046 1579 1090 eosdem
1610 1046 1887 1104 praeuarica-

411 1115 548 1159 tionis
577 1116 737 1159 merito
766 1131 794 1158 a
822 1115 1008 1166 iustitia,
1038 1130 1151 1172 quae
1181 1116 1258 1158 uia
1288 1115 1410 1158 uitae
1441 1119 1521 1167 est,
1551 1116 1768 1159 aberrare.
1837 1115 1888 1159 Si

412 1184 524 1227 mihi
559 1200 649 1228 non
683 1185 835 1235 credis,
871 1184 976 1227 audi
1013 1185 1085 1227 uel
1121 1184 1259 1235 illum,
1295 1185 1366 1228 cui
1407 1185 1444 1228 si
1485 1185 1671 1243 angelus
1705 1185 1760 1228 de
1794 1184 1887 1228 celo

413 1254 747 1305 contradixerit,
805 1254 1066 1311 dignissimo
1127 1254 1412 1298 anathemate
1475 1254 1885 1312 condempnabitur.
1906 1268 1947 1306 ¹⁵

416 1323 559 1375 Pater,
579 1324 738 1381 inquit,
759 1339 815 1367 ex
845 1324 908 1367 eis
938 1338 1047 1381 quos
1077 1323 1239 1366 dedisti
1270 1324 1381 1366 mihi
1411 1338 1500 1367 non
1530 1324 1704 1381 perdidi
1735 1339 1885 1381 quem-

416 1407 561 1449 quam,
581 1393 658 1436 sed
687 1408 817 1436 serua
847 1407 932 1436 eos.
992 1393 1152 1436 Nonne
1183 1407 1344 1449 quaeso
1374 1392 1463 1435 iam
1493 1393 1591 1436 illos
1621 1393 1886 1450 perdiderat,

415 1463 492 1520 qui
523 1466 764 1506 retrorsum
795 1462 1028 1505 abierant?
1087 1461 1247 1504 Nonne
1277 1461 1413 1504 etiam
1443 1462 1765 1518 quodammodo
1796 1462 1886 1505 iam

415 1531 575 1574 Iudam
616 1530 904 1588 perdiderat?
977 1530 1066 1574 Sed
1099 1533 1217 1573 certe
1247 1544 1337 1574 non
1367 1533 1676 1587 acceptauerat
1707 1545 1806 1573 eum
1837 1531 1885 1574 in

414 1601 608 1644 archano
639 1601 811 1644 consilii
843 1600 995 1651 Filius,
1027 1614 1107 1643 nec
1148 1599 1280 1643 Pater
1318 1599 1586 1642 seruandum
1626 1600 1745 1643 inter
1783 1615 1884 1645 con·
1906 1615 1950 1646 πο

414 1671 602 1728 scriptos
623 1671 737 1714 Filio
764 1670 948 1714 dederat
975 1669 1114 1721 illum,
1134 1669 1208 1726 qui
1233 1684 1322 1712 non
1351 1669 1500 1712 fuerat
1528 1670 1886 1727 praedestinatus

414 1740 472 1783 ad
512 1741 666 1784 uitam.
726 1740 775 1783 Si
816 1754 923 1783 uero
962 1739 1039 1782 alii
1078 1739 1379 1796 praeordinati
1419 1743 1558 1790 erant,
1589 1740 1626 1783 si
1667 1741 1756 1783 labi
1796 1755 1887 1784 non

414 1812 632 1866 poterant,
654 1824 790 1866 quare
820 1823 901 1867 pro
931 1809 994 1852 eis
1024 1811 1152 1852 tanta
1182 1808 1419 1852 sedulitate
1450 1808 1590 1853 Filius
1621 1809 1888 1854 intercedit?

415 1878 630 1921 Saluandi
671 1892 775 1936 ergo
817 1881 972 1931 erant3
1017 1881 1062 1921 et
1096 1880 1245 1921 tamen
1280 1877 1386 1920 dum
1422 1878 1823 1935 peregrinabantur
1857 1893 1886 1923 a

414 1947 607 1991 Domino
657 1951 844 1991 mortem
899 1950 1107 2005 poterant
1162 1947 1413 2004 promereri,
1462 1948 1518 1990 ad
1568 1949 1709 1991 uitam
1759 1948 1884 1992 nulla
1904 1959 1948 2000 25

413 2017 675 2060 necessitate
715 2016 1131 2074 praedestinationis
1172 2016 1319 2060 artati.
1379 2016 1607 2060 Gloriatur
1638 2018 1736 2074 quis
1767 2018 1886 2075 quod

413 2100 514 2128 eum
541 2085 677 2128 nichil
706 2086 931 2143 separabit
961 2100 988 2128 a
1019 2085 1205 2128 caritate
1236 2085 1419 2138 Christi,
1441 2088 1486 2129 et
1516 2090 1666 2130 tamen
1696 2088 1888 2145 castigat

412 2168 571 2211 corpus
601 2169 730 2197 suum
762 2159 807 2197 et
842 2154 890 2197 in
922 2155 1184 2197 seruitutem
1220 2154 1394 2212 redigit,
1424 2170 1479 2199 ne
1511 2155 1627 2199 forte
1656 2171 1757 2200 cum
1787 2156 1888 2200 aliis

413 2224 747 2281 praedicanerit,
788 2224 883 2281 ipse
927 2224 1140 2281 reprobus
1190 2223 1457 2268 inueniatur.
1537 2225 1592 2268 In
1634 2226 1888 2284 Apocalipsi

414 2307 588 2350 quoque
628 2296 866 2336 monentur
905 2292 1052 2351 angeli
1099 2292 1379 2337 ecclesiarum
1423 2308 1541 2338 nunc
1588 2309 1720 2353 agere
1763 2295 1886 2354 peni·
1906 2313 1949 2347 30

417 2419 458 2458 15
486 2410 801 2447 condemnabitur
819 2409 844 2447 S

461 2530 496 2565 4,
516 2529 533 2567 5
560 2522 625 2567 qui
642 2523 861 2575 iar-rhaeriptae'
879 2523 973 2576 eta:
998 2520 1079 2558 Hoc
1105 2519 1187 2558 fieri
1212 2532 1317 2576 posse
1344 2524 1461 2569 negat
1486 2522 1724 2569 Augustinus
1746 2525 1885 2563 Enarr.

413 2569 455 2603 in
476 2569 605 2622 I’aaljfg.
627 2568 744 2605 lxvm.
764 2579 808 2615 29
831 2568 976 2615 (Mlgne
995 2570 1035 2605 P.
1054 2570 1094 2605 L.
1114 2580 1235 2605 xxxvi.
1256 2570 1350 2618 863).
1522 2572 1545 2607 6
1571 2572 1773 2607 Deleantur
1787 2574 1884 2610 eta:

414 2614 470 2651 1³..
491 2614 606 2652 lxvm.
626 2627 680 2661 ²9·
828 2625 848 2660 7
875 2619 950 2652 Aue
967 2618 1104 2653 dimitte
1122 2618 1216 2653 ete:
1244 2615 1359 2652 Exod.
1378 2616 1491 2653 xxxii.
1513 2628 1567 2663 31,
1587 2629 1642 2664 32.
1768 2630 1790 2667 9
1817 2620 1889 2665 Qut·

413 2668 525 2698 natus
542 2669 590 2697 ent
606 2666 678 2699 etc.
694 2677 702 2699 ε
733 2674 744 2699 1
769 2663 900 2701 Ioann.
918 2676 951 2700 v.
975 2665 1015 2719 ιβ
1033 2663 1096 2700 ubi
1115 2665 1242 2700 tamen
1258 2667 1439 2709 ,cunm-atio
1459 2666 1527 2701 Dei
1544 2664 1731 2721 legitur.n
1842 2677 1886 2712 14

412 2711 567 2804 :3533‘552
579 2712 621 2746 ‘¹‘
639 2710 978 2811 “fZJ-“Zssassssffk
988 2712 1145 2795 'affimat
1160 2713 1321 2795 {22:155}
1345 2714 1452 2795 ἳὲἓὶιῐ.
1467 2712 1641 2807 ζ·ῑῖῑῗζ’ξῗ’
1656 2723 1887 2809 ω’·οὲἔὶεὲέὶ

412 2807 508 2843 eta:
540 2816 551 2842 ι
574 2804 654 2841 Οοτ.
675 2816 723 2841 ιι.
740 2815 771 2843 2.
874 2815 920 2853 29
944 2807 992 2843 In
1010 2807 1224 2854 Apocalepu·
1241 2808 1335 2844 etc.:
1362 2818 1394 2843 v.
1412 2807 1527 2855 Apoc.
1547 2806 1586 2844 ii.
1607 2816 1638 2856 5,
1655 2807 1710 2845 iii.
1735 2818 1788 2847 ιι.

525 2885 590 2920 ¹30
