1994 3190
235 162 315 203 524
333 153 363 192 b
708 150 970 196 IOANNIS
1010 149 1524 195 SARESBERIENSIS
1670 151 1779 209 [Lm.
1793 161 1844 196 IV

377 288 463 317 usu
483 287 721 331 suspensus
740 275 809 316 est
826 272 1043 330 princeps,
1062 271 1266 315 exclusus
1285 271 1343 315 ab
1362 271 1553 323 ecclesia,
1573 274 1619 315 et
1642 272 1843 330 peniten-

378 344 489 387 tiam
509 346 686 387 coactus
705 345 774 386 est
793 342 969 399 explere
989 341 1286 398 sollempnem.
1338 340 1427 385 Sed
1442 341 1549 398 quid
1569 356 1670 384 eum
1690 344 1844 385 tantae

378 412 632 456 necessitati
644 412 915 455 subiecerat?
939 411 1157 454 Voluntas
1171 411 1327 468 utique
1339 411 1537 454 subiecta
1549 411 1746 454 iustitiae
1759 410 1845 454 Dei

379 484 426 524 et
445 481 534 539 legi
550 481 646 524 eius
659 494 974 538 usquequaque
990 480 1310 537 obtemperans.
1361 480 1420 523 Et
1432 480 1519 523 nisi
1535 495 1647 537 quae
1659 480 1845 523 metrica

378 551 564 594 leuitate
584 550 839 594 scribuntur
859 549 1040 592 duxeris
1059 549 1270 595 habenda,
1283 549 1568 606 contemptui,
1581 564 1638 592 ex
1657 549 1727 592 his
1748 549 1844 606 qui-
1863 566 1884 602 5

378 620 463 663 bus
482 620 624 663 filium
648 619 833 663 instruit
852 619 972 676 apud
994 617 1231 662 Claudium
1247 617 1544 662 Claudianum
1565 619 1664 675 quis
1683 619 1777 676 ipse
1797 618 1846 660 in

338 701 363 731 c
379 704 571 734 sacrano
605 703 779 732 morum
811 688 1014 732 extiterit
1047 687 1199 744 paucis
1229 702 1448 744 agnosces,
1509 687 1718 731 Ceterum
1744 702 1847 731 cum

378 759 644 817 praemissae
657 758 768 816 legis
780 758 918 801 uerba
930 756 1122 807 reuoluo‚
1129 756 1307 814 singula
1317 756 1451 800 michi
1463 756 1675 799 uidentur
1686 758 1849 800 onusta

378 831 425 872 et
454 828 581 885 quasi
615 828 777 885 spiritu
806 825 1128 883 intelligentiae
1160 825 1400 869 fecundata
1428 825 1568 868 menti
1597 828 1846 869 occurrunt.

379 898 577 941 Habebit
597 911 712 955 ergo,
728 896 886 953 inquit,
902 909 1048 938 secum
1063 894 1218 952 legem,
1232 894 1470 951 prouidens
1485 908 1540 937 ne
1556 894 1613 937 ad
1633 895 1845 952 dampna.-
1866 910 1909 936 ιο

379 967 547 1011 tionem
567 981 705 1017 suam,
725 981 826 1009 cum
846 979 943 1008 eam
964 964 1127 1007 habere
1147 978 1320 1007 necesse
1340 963 1411 1014 sit,
1431 964 1594 1007 habeat
1614 967 1769 1008 contra
1788 979 1847 1008 se.

381 1036 590 1080 Potentes
616 1036 779 1079 etenim
803 1037 1008 1092 potenter
1030 1036 1253 1076 tormenta
1278 1033 1517 1090 patientur.
1579 1033 1638 1076 Et
1663 1033 1848 1078 adiecit:

381 1106 606 1164 Legetque
624 1105 748 1148 illud.
806 1104 968 1161 Legem
989 1102 1206 1159 siquidem
1226 1102 1388 1146 habere
1408 1102 1455 1144 in
1476 1102 1670 1146 mantica
1689 1117 1848 1160 parum

381 1175 572 1233 prodest,
602 1174 687 1217 nisi
717 1173 908 1216 fideliter
938 1172 1216 1216 custodiatur
1246 1172 1294 1214 in
1326 1172 1485 1215 anima.
1545 1171 1751 1230 Legenda
1780 1175 1849 1216 est

381 1260 487 1304 ergo
502 1245 706 1288 omnibus
730 1244 885 1286 diebus
905 1243 1026 1285 uitae
1042 1257 1159 1286 suae.
1209 1242 1279 1285 Ex
1294 1242 1455 1300 quibus
1470 1242 1640 1300 liquido
1660 1245 1847 1294 constat,
1867 1257 1906 1292 15

381 1330 514 1372 quam
531 1313 775 1357 necessaria
794 1313 854 1356 sit
869 1312 1143 1369 principibus
1158 1312 1319 1369 peritia
1334 1312 1598 1366 litterarum,
1612 1312 1688 1369 qui
1704 1312 1847 1370 legem

380 1384 561 1427 Domini
581 1382 742 1426 cotidie
767 1382 994 1424 reuoluere
1020 1381 1206 1424 lectione
1230 1381 1454 1426 iubentur.
1513 1381 1572 1425 Et
1592 1381 1708 1425 forte
1729 1381 1848 1439 quod

380 1453 627 1497 sacerdotes
659 1452 801 1509 legem
830 1451 991 1495 cotidie
1021 1451 1166 1508 legere
1192 1451 1442 1503 iubeantur,
1471 1466 1561 1495 non
1590 1450 1848 1508 frequenter

333 1522 362 1562 d
382 1522 593 1566 inuenies.
654 1521 862 1578 Princeps
882 1535 989 1563 uero
1008 1520 1169 1564 cotidie
1189 1520 1310 1578 legit,
1327 1524 1372 1564 et
1392 1520 1550 1564 diebus
1566 1520 1711 1573 uitae3
1741 1521 1848 1578 quia

380 1607 469 1650 qua
489 1592 559 1634 die
581 1606 669 1634 non
694 1590 852 1648 legerit
871 1590 1025 1648 legem,
1045 1589 1085 1633 ei
1109 1605 1199 1633 non
1223 1590 1316 1633 dies
1342 1590 1463 1634 uitae
1487 1590 1564 1634 sed
1587 1590 1744 1635 mortis
1768 1593 1847 1634 est.
1866 1606 1911 1631 ao

382 1662 479 1704 Hoc
510 1661 665 1717 utique
699 1660 794 1703 sine
829 1658 1088 1703 difficultate
1122 1659 1360 1703 illiteratus
1393 1674 1484 1703 non
1515 1659 1660 1703 faciet.
1719 1659 1849 1703 Vnde

381 1734 428 1774 et
468 1730 514 1772 in
560 1729 735 1780 litteris,
775 1743 885 1785 quas
930 1743 1078 1786 regem
1123 1728 1423 1772 Romanorum
1473 1729 1531 1772 ad
1577 1729 1850 1774 Francorum

382 1814 530 1858 regem
551 1798 845 1842 transmisisse
866 1797 1018 1848 recolo,
1039 1797 1200 1855 quibus
1220 1798 1485 1842 hortabatur
1504 1801 1557 1842 ut
1571 1799 1732 1843 liberos
1747 1812 1850 1843 suos

382 1867 638 1911 liberalibus
668 1866 913 1924 disciplinis
942 1866 1119 1910 institui
1146 1871 1415 1924 procuraret,
1445 1868 1527 1912 hoc
1557 1868 1675 1912 inter
1703 1871 1849 1913 cetera
1880 1913 1891 1927 ο

382 1937 607 1995 eleganter
644 1935 818 1986 adiecit,
858 1935 962 1992 quia
1003 1950 1081 1979 rex
1131 1936 1369 1980 illiteratus
1413 1940 1482 1981 est
1527 1938 1653 1995 quasi
1697 1937 1849 1982 asinus
1869 1950 1910 1987 ²5

381 2010 629 2051 coronatus.
688 2005 737 2048 Si
759 2009 908 2048 tamen
929 2020 985 2048 ex
1010 2005 1337 2063 dispensatione
1363 2006 1420 2049 ob
1444 2006 1646 2065 egregiae
1666 2007 1850 2051 uirtutis

384 2076 604 2125 meritum,
624 2074 867 2132 principem
895 2074 1126 2132 contingat
1152 2090 1244 2118 esse
1269 2075 1542 2128 illiteratum,
1563 2076 1751 2119 eundem
1775 2075 1850 2135 agi

383 2146 682 2189 litteratorum
713 2143 917 2194 consiliis,
938 2147 990 2187 ut
1015 2145 1054 2187 ei
1083 2159 1152 2187 res
1180 2149 1296 2188 recte
1323 2145 1543 2203 procedat,
1570 2160 1743 2189 necesse
1771 2149 1849 2190 est.

384 2249 405 2276 2
430 2238 639 2275 sollemnem
656 2237 710 2274 A:
738 2236 931 2273 solennem
950 2235 1014 2272 M:
1039 2236 1260 2274 sollemnem
1278 2235 1303 2272 S
1448 2245 1466 2284 5
1493 2236 1633 2275 dixeris
1650 2236 1801 2274 O²BAM

430 2320 453 2356 6
482 2320 747 2354 Claudianum:
772 2329 804 2354 v.
821 2316 1014 2354 Claudiam.
1034 2318 1209 2364 Paneqyr.
1226 2319 1269 2353 de
1286 2318 1347 2353 IV
1362 2317 1464 2354 Cous.
1483 2319 1643 2355 Honor-ii
1658 2328 1726 2364 214
1745 2330 1850 2373 seqq.

387 2376 431 2403 ιο
456 2366 761 2402 Habebn'2taecum
788 2364 898 2402 Deut.
917 2364 1005 2400 xvii.
1027 2375 1082 2419 19.
1254 2375 1295 2401 12
1320 2366 1482 2401 Potentes
1505 2367 1603 2403 eta:
1636 2364 1722 2428 Sap.
1744 2366 1791 2402 vi.
1812 2375 1850 2412 73

385 2413 478 2450 ‘Das
496 2413 544 2449 ist
562 2412 622 2449 ein
638 2412 725 2449 Satz
742 2413 815 2449 den
827 2412 1023 2449 ,lohannes
1042 2411 1146 2449 nicht
1158 2422 1286 2458 genug
1299 2412 1539 2450 einschstrfen
1554 2413 1684 2450 kann.
1728 2412 1852 2450 Genn-

386 2460 477 2503 rich
506 2462 574 2497 Die
598 2464 730 2496 Stante-
752 2462 830 2496 und
860 2461 1045 2495 Kar-chent«
1045 2461 1115 2495 hre
1138 2461 1308 2496 Johanns
1331 2472 1397 2496 von
1422 2462 1621 2508 Salisbury,
1645 2472 1681 2507 p.
1703 2470 1771 2508 51;
1803 2460 1852 2499 cf.

386 2510 515 2545 Iolicr.
539 2508 585 2543 iv.
608 2510 819 2562 10(532‹;)·
833 2520 863 2544 v.
883 2508 1091 2554 6(554Λ);
1117 2508 1212 2554 Epp.
1239 2508 1315 2552 189,
1333 2517 1412 2553 233
1428 2509 1710 2555 268.13
1735 2510 1852 2555 Leyet·

383 2568 450 2610 que
476 2557 590 2591 illud:
626 2554 735 2591 Dent.
762 2554 848 2591 xvii.
872 2565 923 2601 19.
1072 2564 1112 2600 ¹9
1138 2555 1311 2608 Princeps
1334 2567 1419 2591 uer-o
1445 2567 1563 2601 usque
1589 2555 1637 2592 ad
1663 2561 1854 2593 coronatus

386 2602 482 2640 citat
519 2602 636 2647 Pauli,
664 2603 763 2640 Mon.
795 2604 911 2638 Germ.
940 2603 1035 2638 Hm.
1065 2601 1176 2638 xxvii.
1204 2613 1240 2648 p.
1273 2611 1329 2648 45.
1478 2605 1584 2649 leyit:
1620 2602 1720 2640 haud
1752 2603 1852 2641 bene

385 2649 551 2687 coniecit
573 2652 663 2695 leuat
687 2650 743 2686 vir
758 2649 996 2686 doctissimus
1020 2649 1213 2694 R.1‘m1li;
1242 2649 1352 2686 modo
1378 2649 1582 2687 indicativo
1605 2662 1670 2687 cur
1692 2662 1777 2688 usus
1801 2650 1852 2688 sit

387 2698 545 2735 loannes
577 2697 669 2733 natis
697 2700 911 2734 monstrant
962 2708 1030 2733 uae
1057 2699 1268 2743 sequuntur
1315 2700 1376 2733 m'a
1427 2711 1473 2734 ua
1497 2700 1554 2734 die
1578 2700 1649 2735 etc.

386 2757 498 2791 req-rm
526 2746 769 2780 Romanorum
795 2747 889 2781 etc:
928 2709 1099 2780 (literae
1123 2756 1146 2780 a
1170 2743 1293 2781 Com-a
1322 2756 1343 2781 ο
1371 2745 1405 2781 Il
1452 2745 1500 2782 ad
1526 2745 1753 2784 Ludovicum
1778 2744 1850 2782 VII

384 2792 551 2830 directae
570 2792 680 2830 hodie
697 2791 929 2840 deperditae'
948 2791 1056 2829 Pauli
1074 2793 1137 2829 loc.
1154 2794 1211 2828 cit.

497 2873 558 2907 ²5⁴
