1994 3190
186 190 285 225 cnr.
301 176 372 239 vl]
702 175 1139 222 POLICRATICVS
1669 188 1748 230 523
1766 177 1797 218 <1

185 299 404 342 instruere
425 296 740 341 Christianum.
800 296 856 338 In
883 311 934 340 eo
960 311 1151 354 namque
1171 299 1453 356 praecipuam
1473 313 1652 357 operam

185 368 364 418 dabant,
388 369 442 410 ut
467 365 789 410 sacratissimae
818 366 948 423 leges,
975 380 1088 422 quae
1114 368 1427 425 constringunt
1453 369 1651 412 omnium

185 437 315 486 uitas,
335 436 554 479 scirentur
573 437 619 478 et
642 436 902 477 tenerentur
925 434 982 476 ab
1001 435 1218 486 omnibus,
1239 451 1318 479 nec
1338 437 1515 480 illarum
1537 440 1652 481 esset

185 506 418 564 quisquam
458 504 652 561 ignarus,
687 503 774 545 nisi
808 505 888 545 aut
919 503 1097 560 publica
1130 504 1327 547 utilitate
1363 507 1523 550 erroris
1563 507 1650 549 dis-

146 591 166 626 5
184 574 396 633 pendium
435 574 738 630 compensaret
777 574 857 614 aut
894 571 1176 614 miseratione
1221 573 1354 616 etatis
1400 578 1480 618 aut
1519 590 1651 618 sexus
1667 585 1747 626 524
1768 586 1798 615 a

184 643 446 687 infirmitate
477 641 702 699 legitimae
737 640 992 684 acerbitatis
1032 641 1172 683 euitet
1212 642 1395 686 aculeos.
1466 643 1651 686 Illorum

184 712 336 770 itaque
362 714 490 769 gesta
512 711 735 754 uirtutum
763 710 1052 753 incitamenta
1076 712 1206 762 sunt3
1235 711 1373 753 uerba
1397 715 1506 768 quot
1535 716 1652 763 sunt,

184 784 254 825 tot
277 780 582 824 institutiones
606 794 790 823 morum.
850 779 1053 836 Denique
1077 779 1231 830 uitam,
1251 779 1376 822 uitiis
1403 781 1653 838 subiugatis

185 853 231 894 et
250 850 500 908 captiuatis,
521 849 647 907 quasi
667 863 819 892 arcum
839 848 1157 906 triumphalem
1183 853 1486 892 consecratum
1508 854 1652 907 poste-

127 936 170 960 10
186 920 312 963 ritati
351 919 610 977 magnificae
650 918 835 962 uirtutis
869 918 1015 961 titulis
1050 921 1301 971 erexerunt,
1331 919 1451 961 fideli
1484 919 1652 962 confes-

185 989 308 1033 sione
346 988 651 1046 praedicantes
696 988 744 1030 in
787 987 992 1031 omnibus
1032 987 1138 1044 quia
1176 1002 1265 1030 non
1305 1003 1464 1031 manus
1502 992 1655 1031 nostra

185 1058 359 1104 excelsa
387 1058 463 1101 sed
495 1057 713 1100 Dominus
744 1056 852 1100 fecit
885 1057 992 1100 haec
1022 1057 1181 1101 omnia.
1242 1056 1301 1100 Et
1330 1058 1508 1114 quidem
1540 1057 1654 1102 Con-

186 1128 411 1171 stantinus
451 1127 651 1170 Romana
690 1126 870 1170 ecclesia
910 1125 1099 1169 fundata
1139 1130 1185 1170 et
1219 1127 1385 1177 dotata,
1419 1131 1472 1170 ut
1509 1131 1655 1171 cetera

187 1197 282 1240 eius
309 1199 542 1240 taceantur
571 1195 759 1254 egregia,
785 1195 1088 1238 benedictione
1118 1199 1332 1253 perpetua
1361 1196 1548 1254 insignis
1576 1200 1656 1240 est.

129 1281 169 1316 15
187 1265 465 1310 Iustinianus
500 1268 545 1308 et
577 1265 665 1308 Leo
700 1265 776 1322 qui
812 1264 981 1308 fuerint
1016 1280 1072 1308 ex
1102 1280 1153 1308 eo
1182 1266 1331 1317 claret,
1362 1267 1478 1324 quod
1509 1271 1655 1310 totum

186 1335 337 1379 orbem
358 1334 666 1378 sacratissimis
686 1334 858 1392 legibus
884 1334 1125 1378 enucleatis
1150 1335 1275 1392 quasi
1301 1336 1521 1392 quoddam
1543 1340 1653 1380 tem-

186 1404 310 1463 plum
330 1404 529 1447 iustitiae
550 1418 722 1447 sacrare
742 1404 1021 1447 studuerunt.
1082 1404 1200 1447 Nam
1216 1404 1270 1448 de
1286 1405 1530 1449 Theodosio
1547 1406 1654 1463 quid
1671 1409 1701 1448 b

187 1474 342 1525 dicam,
370 1488 500 1531 quem
528 1473 603 1516 isti
631 1473 816 1516 uirtutis
844 1474 1097 1517 habuerunt
1124 1474 1361 1532 exemplar,
1386 1478 1431 1518 et
1461 1475 1655 1519 Ecclesia

189 1542 273 1587 Dei
300 1543 356 1586 ob
388 1543 614 1600 religionis
641 1546 686 1586 et
711 1543 910 1586 iustitiae
938 1543 1235 1586 uenerabilem
1262 1547 1415 1587 notam
1442 1548 1488 1588 et
1514 1559 1654 1589 sacer-

128 1636 173 1661 20
189 1612 368 1656 dotibus
388 1612 709 1670 patientissime
729 1615 879 1655 tamen
900 1615 946 1656 et
965 1612 1211 1655 humillime
1231 1613 1538 1671 indignantem
1566 1629 1655 1657 non

189 1682 320 1726 modo
339 1685 392 1725 ut
411 1682 722 1739 imperatorem
742 1685 956 1725 uenerata
975 1685 1043 1725 est
1062 1682 1138 1726 sed
1159 1686 1212 1726 ut
1231 1683 1510 1726 antistitem?
1568 1684 1655 1737 Qui

187 1751 306 1810 leges
339 1751 517 1804 tulerat,
553 1766 686 1809 quam
722 1752 945 1810 patienter
979 1752 1087 1796 tulit
1117 1753 1384 1796 sententiam
1416 1753 1657 1796 sacerdotis

188 1821 551 1864 Mediolanensis!
627 1821 685 1864 Et
719 1837 775 1865 ne
810 1822 1077 1866 sententiam
1113 1822 1297 1865 emolliti
1338 1823 1571 1879 presbiteri
1613 1827 1659 1866 et

188 1891 462 1950 principibus
490 1890 802 1948 applaudentis
830 1891 967 1935 fuisse
991 1895 1188 1935 teneram
1218 1895 1360 1949 putes,
1387 1907 1415 1935 a
1441 1893 1658 1950 regalium

188 2027 212 2064 6
234 2025 270 2064 le
301 2026 424 2064 ‘ttime
442 2026 524 2063 BS:
548 2025 763 2074 legittimae
782 2025 823 2062 M
953 2037 998 2064 10
1022 2026 1282 2075 magnificicae
1299 2026 1328 2063 C
1461 2038 1500 2065 11
1529 2030 1659 2066 nostra

189 2086 255 2111 om.
412 2085 455 2120 14
479 2078 666 2121 perpetua
681 2074 947 2112 benedictione
964 2074 1004 2111 M
1117 2076 1158 2112 18
1183 2075 1379 2123 exemplar
1393 2074 1609 2113 habuerunt
1626 2078 1659 2112 Α

240 2207 257 2234 1
284 2198 333 2233 In
359 2209 398 2234 eo
426 2199 519 2235 etc.:
546 2210 577 2234 v.
602 2196 690 2234 Cod.
717 2195 851 2234 lustin.
876 2195 901 2233 i.
929 2206 972 2240 14
1000 2195 1018 2243 ξ
1047 2206 1081 2242 9.
1253 2207 1295 2242 13
1320 2198 1486 2233 Romana
1514 2198 1659 2234 ecclesia

191 2245 287 2282 etc.:
314 2244 362 2282 cf.
381 2247 623 2291 Metaloyicua
641 2244 688 2281 iv.
713 2255 760 2290 42
781 2247 862 2291 (945
876 2244 937 2289 c);
962 2244 1009 2280 de
1036 2243 1152 2281 falsae
1172 2243 1414 2280 Constantini
1440 2245 1658 2282 donationis

193 2292 269 2347 (ap.
304 2291 406 2328 Grat.
436 2294 540 2329 Decr.
570 2293 598 2329 I.
625 2291 720 2328 xcvi.
750 2302 802 2346 13,
835 2302 877 2336 14
907 2292 964 2328 ed.
993 2290 1210 2338 Friedberg.
1235 2291 1261 2328 i.
1286 2302 1354 2337 342
1369 2304 1470 2338 seqq.
1497 2292 1658 2339 citatae)

193 2338 343 2385 origine
369 2340 519 2376 consule
545 2339 859 2386 Doellingenum‚
878 2341 948 2376 Die
972 2340 1234 2385 Papst-Fabezn
1256 2341 1317 2375 des
1340 2341 1578 2383 Minaeum,
1593 2352 1658 2387 pp.

192 2394 345 2432 72—125.
538 2397 592 2434 15,
613 2389 656 2425 16
702 2389 772 2424 uod
788 2392 900 2424 totum
916 2388 1032 2423 orbem
1049 2389 1144 2424 etc.:
1171 2398 1203 2423 v.
1220 2386 1308 2422 eod.
1334 2386 1468 2423 lustin.
1494 2387 1518 2424 i.
1550 2397 1590 2432 17
1616 2390 1660 2423 de

192 2435 306 2469 ueteri
330 2435 408 2470 iure
431 2400 705 2518 enucleanda}
757 2462 765 2470 .
909 2445 966 2477 20,
985 2445 1027 2471 21
1055 2446 1129 2470 non
1154 2436 1257 2470 modo
1279 2437 1371 2471 etc.:
1396 2447 1429 2471 v.
1457 2434 1659 2471 Paulinum

192 2479 383 2517 Nolanum
406 2482 478 2528 Ep.
504 2481 632 2519 xxviii.
652 2484 663 2528 (
708 2482 798 2529 igne
822 2483 863 2518 P.
889 2483 932 2519 L.
958 2480 1024 2518 lxi.
1052 2482 1196 2528 312)ut
1214 2484 1256 2517 in
1282 2483 1474 2518 Theodosio
1492 2494 1566 2518 non
1583 2488 1659 2518 tam

193 2530 444 2574 imperatorem
459 2541 567 2575 quam
587 2531 723 2566 Christi
743 2541 889 2566 seruum
905 2557 913 2566 .
935 2557 944 2565 .
962 2556 970 2565 .
982 2531 1234 2576 praedicarem
1249 2542 1258 2572 ;
1284 2529 1332 2566 cf.
1350 2530 1567 2566 Facundum
1588 2543 1660 2576 pro

196 2576 342 2621 Deseris.
359 2577 471 2611 trium
485 2577 737 2630 Capitulorum
748 2576 824 2613 viii.
840 2587 860 2623 3
876 2576 1023 2624 (Migne
1037 2578 1078 2612 P.
1092 2578 1133 2613 L.
1148 2576 1251 2613 lxvii.
1269 2578 1366 2623 715).
1401 2577 1463 2613 Sic
1475 2578 1523 2613 ad
1536 2577 1659 2614 Theo·

194 2621 343 2658 dosium
359 2622 397 2657 II
411 2621 562 2669 scripsxt
579 2622 614 2659 S.
631 2624 709 2661 Leo
725 2636 826 2671 papa
835 2626 908 2671 Ep.
923 2624 1031 2660 xxiv:
1056 2630 1097 2660 ue
1113 2625 1215 2660 uobis
1230 2636 1304 2660 non
1316 2626 1432 2660 solum
1444 2626 1580 2670 reyium
1598 2627 1660 2661 sed

194 2671 303 2705 etiam
326 2671 575 2706 sacerdotalem
599 2673 712 2708 inesse
734 2674 900 2708 animum
923 2674 1147 2718 qaudeamus
1164 2671 1310 2718 (Migne
1333 2673 1374 2709 P.
1398 2674 1442 2708 L.
1467 2672 1530 2708 liv.
1556 2672 1658 2718 735).

196 2727 252 2759 22,
273 2727 316 2762 23
341 2718 532 2752 sacerdotis
545 2719 844 2755 Mediolanensis:
870 2731 918 2756 sc.
945 2718 980 2756 S.
999 2718 1210 2761 Ambrosii;
1234 2731 1265 2756 v.
1287 2719 1456 2756 Ambros.
1483 2722 1526 2755 de
1554 2722 1660 2755 Obitu

199 2765 398 2808 Theodosii,
416 2774 462 2809 34
481 2763 625 2810 (Migne
642 2767 682 2802 P.
701 2767 746 2802 L.
762 2765 836 2802 xvi.
858 2768 959 2813 1396,
977 2767 1037 2814 7);
1062 2766 1222 2804 Cassiod.
1241 2767 1338 2804 Hist.
1362 2768 1525 2813 Tripart.
1542 2766 1594 2802 ix.
1614 2777 1661 2813 30

196 2810 345 2858 (Migne
362 2812 405 2848 P.
420 2812 464 2848 L.
481 2810 572 2851 lxix.
596 2822 687 2858 1144
699 2813 834 2859 seqq.).

1487 2894 1551 2930 ²53
