1994 3190
274 248 358 297 567
380 255 411 287 a
758 243 961 288 IOANN
963 243 1021 288 IS
1062 242 1576 289 SARESBERIENSIS
1739 239 1851 302 [Lm.
1864 252 1896 286 v

428 367 639 409 neutrum
687 367 766 415 est,
805 379 857 408 eo
905 364 1038 422 quod·
1069 364 1194 408 curia
1236 363 1560 421 philosophiam
1609 361 1807 406 excludit
1851 364 1898 405 et

428 435 620 492 ineptias
666 434 854 478 curiales
898 434 1186 491 philosophus
1232 447 1547 490 usquequaque
1591 447 1682 476 non
1725 431 1896 489 recipit.

430 504 534 547 Non
563 507 714 546 tamen
743 503 800 546 ad
830 517 1005 547 omnem
1036 503 1203 547 curiam
1233 502 1503 559 comparatio
1532 502 1696 544 transit
1727 501 1804 544 sed
1838 501 1897 544 ad

381 572 411 611 b
429 572 552 616 illam
586 573 824 616 dumtaxat
869 587 982 630 quae
1025 572 1275 629 insipientis
1315 571 1659 628 distemperatur
1696 571 1895 614 arbitrio.

429 642 518 696 Qui
553 642 672 685 enim
705 643 880 700 sapiens
914 644 982 685 est
1018 656 1160 699 nugas
1198 641 1352 698 abigit,
1384 640 1608 698 componit
1639 640 1819 683 domum
1851 642 1898 683 et
1915 655 1934 690 5

427 712 637 755 uniuersa
674 711 794 754 illius
833 711 995 755 subicit
1033 710 1208 753 rationi.
1279 710 1341 753 Vt
1380 710 1498 753 enim
1537 710 1603 752 ait
1642 708 1897 767 Sapientia:

429 780 553 834 Quae
581 780 920 824 communicatio
949 783 1102 823 sancto
1131 779 1301 822 homini
1331 778 1389 821 ad
1423 793 1576 821 canem
1611 781 1691 821 aut
1719 778 1808 821 luci
1838 777 1897 822 ad

427 851 663 895 tenebras‘i
722 850 864 894 Omne
884 849 1049 893 animal
1073 849 1223 906 diligit
1248 848 1391 891 simile
1423 848 1508 891 sibi
1529 851 1575 891 et
1601 848 1744 891 omnis
1763 847 1895 891 homo

426 921 680 978 proximum
700 934 841 962 suum.
902 919 1058 962 Omnis
1085 932 1186 962 caro
1213 917 1270 960 ad
1297 917 1485 960 similem
1505 917 1590 960 sibi
1611 917 1898 975 coniungitur

426 993 472 1034 et
518 989 661 1033 omnis
704 989 835 1032 homo
880 987 1122 1031 sociabitur
1168 986 1303 1029 simili
1342 986 1438 1029 sibi.
1519 985 1568 1030 Si
1607 986 1740 1044 lupus
1779 1001 1896 1045 agno
1915 999 1956 1024 ιο

426 1059 665 1116 aliquando
694 1057 1049 1107 communicauit,
1080 1056 1142 1100 sic
1170 1058 1374 1112 peccator
1402 1055 1532 1099 iusto.

428 1167 534 1226 Cap.
568 1181 634 1212 11.
694 1168 758 1212 De
790 1167 930 1210 oculis
960 1165 1155 1210 auribus
1185 1170 1224 1210 et
1255 1166 1423 1223 linyua
1450 1168 1735 1222 potestatum,
1765 1169 1805 1210 et
1840 1166 1896 1210 de

542 1236 679 1294 officio
707 1236 942 1292 praesidis,
963 1239 1002 1280 et
1032 1236 1151 1293 quod
1179 1235 1380 1279 iudicem
1402 1237 1567 1290 oportet
1593 1234 1748 1278 habere
1773 1235 1896 1279 iuris

542 1310 581 1350 et
627 1306 761 1362 aequi
803 1306 1032 1358 notitiam,
1071 1305 1357 1349 uoluntatem
1398 1304 1515 1357 boni,
1554 1308 1594 1348 et
1640 1308 1896 1362 potestatem

542 1374 799 1431 eaeequemdi,
846 1378 884 1418 et
933 1375 1053 1431 quod
1111 1375 1374 1418 iuramento
1421 1372 1540 1417 debet
1593 1389 1675 1418 esse
1727 1373 1896 1432 leyibus
1916 1391 1954 1427 ¹⁵

540 1444 759 1501 alliyatus
786 1447 826 1487 et
855 1459 886 1487 α
915 1443 1119 1488 sordibus
1148 1457 1399 1487 ‘munemm
1429 1443 1621 1487 alienus.

385 1536 408 1564 c
485 1525 698 1582 Sequitur
727 1524 954 1568 oculorum
983 1525 1160 1568 aurium
1190 1528 1236 1568 et
1264 1525 1443 1583 linguae
1467 1525 1656 1578 collatio,
1683 1539 1816 1583 quam
1846 1524 1895 1568 in

425 1594 702 1651 praesidibus
736 1594 1065 1651 prouinciarum
1097 1594 1334 1638 consistere
1372 1595 1575 1652 superius
1609 1595 1778 1638 dictum
1813 1596 1894 1638 est.

425 1663 604 1707 Praeses
644 1663 785 1721 igitur
829 1666 897 1707 est
941 1664 1017 1720 qui
1058 1664 1105 1706 in
1145 1663 1241 1707 iure
1286 1663 1509 1707 reddendo
1548 1662 1895 1721 prouincialibus

424 1732 656 1789 praesidet.
708 1733 794 1776 Hic
815 1735 965 1775 autem
985 1733 1115 1790 aequi
1137 1736 1182 1776 et
1202 1733 1343 1790 iniqui
1359 1733 1489 1776 debet
1505 1733 1666 1776 habere
1686 1732 1894 1776 notitiam
1913 1745 1957 1771 πο

425 1805 470 1844 et
491 1801 750 1845 facultatem
779 1805 824 1845 et
847 1802 1045 1844 animum
1074 1802 1169 1845 eius
1195 1802 1312 1859 quod
1343 1803 1510 1846 iustum
1538 1805 1606 1845 est
1633 1801 1893 1859 exequendi.

426 1871 543 1913 Nam
565 1872 679 1915 sicut
699 1872 867 1915 medico
888 1869 1074 1915 euentus
1095 1872 1382 1915 mortalitatis
1409 1872 1621 1929 imputari
1642 1886 1731 1915 non
1751 1871 1894 1923 debet,

425 1940 500 1991 ita,
521 1941 558 1983 si
583 1941 691 1998 quid
718 1942 848 1984 triste
878 1956 957 1998 per
986 1941 1255 1998 imperitiam
1279 1941 1373 1984 eius
1402 1941 1649 2000 contigerit,
1669 1942 1710 1984 ei
1734 1941 1895 1986 merito

424 2010 684 2067 imputatur.
745 2010 872 2064 Quod
900 2011 937 2054 si
965 2011 1093 2054 nouit
1121 2014 1166 2053 et
1192 2025 1281 2054 non
1308 2010 1420 2063 uult,
1440 2025 1529 2054 non
1557 2025 1613 2054 ex
1639 2010 1895 2068 ignorantia

425 2079 500 2122 sed
541 2094 596 2122 ex
629 2079 801 2123 malitia
832 2079 1191 2137 condempnatur.
1252 2080 1375 2122 Finis
1409 2080 1627 2137 siquidem
1661 2080 1893 2138 utriusque
1912 2092 1953 2128 ²5

425 2148 683 2206 dampnatio
717 2152 807 2201 est3
850 2148 952 2192 licet
992 2149 1135 2206 ignari
1176 2149 1330 2192 mitius
1364 2150 1620 2207 puniantur,
1655 2150 1741 2193 nisi
1777 2149 1894 2194 forte

426 2218 722 2275 ignorantiam
753 2218 1025 2275 negligentia
1051 2219 1367 2276 procurauerit.
1426 2219 1543 2262 Nam
1574 2219 1611 2262 si
1642 2219 1897 2277 ignorantia

381 2290 410 2331 d
429 2286 698 2331 inuincibilis
725 2290 803 2338 est,
828 2302 916 2330 non
944 2288 1073 2331 affert
1097 2291 1283 2331 mortem
1311 2288 1387 2331 sed
1417 2288 1475 2331 ab
1502 2288 1669 2332 innatis
1699 2289 1895 2334 tenebris

426 2360 675 2401 excusatur.
736 2357 785 2400 Si
806 2371 912 2400 uero
931 2357 1015 2400 scit
1035 2360 1080 2400 et
1100 2356 1200 2400 uult
1219 2357 1433 2414 aequitati
1455 2358 1621 2401 seruire
1636 2372 1715 2401 nec
1735 2361 1894 2415 potest,

425 2441 514 2470 non
559 2430 651 2470 tam
692 2426 907 2484 praesidis
947 2430 1014 2469 cst
1053 2422 1183 2483 culpa
1222 2441 1355 2483 quam
1400 2427 1622 2484 principis.
1702 2427 1790 2471 Sed
1834 2428 1953 2478 adzo

424 2495 680 2553 religionem
717 2496 874 2539 iudicis
909 2496 1015 2539 haec
1051 2496 1202 2539 eadem
1239 2496 1459 2553 pertinere
1489 2497 1783 2541 certissimum
1813 2501 1892 2551 est,

423 2580 523 2608 cum
545 2565 688 2622 ipsum
711 2566 821 2609 iuris
843 2568 1045 2623 oporteat
1066 2565 1226 2608 habere
1247 2565 1464 2616 notitiam,
1478 2566 1755 2611 uoluntatem
1776 2568 1892 2620 boni,

429 2688 442 2715 1
472 2677 761 2726 phylosophiam
781 2678 820 2715 M
963 2680 983 2716 8
1011 2678 1081 2716 sibi
1097 2678 1219 2716 simile
1237 2678 1275 2715 Μ
1419 2690 1466 2727 29
1491 2682 1529 2717 et
1545 2693 1613 2718 om.
1631 2680 1740 2719 C¹BA

472 2796 491 2831 7
521 2789 618 2832 Quae
634 2789 910 2825 communicatio
927 2790 1019 2825 σιω
1049 2787 1151 2826 Εοοίἰ
1172 2788 1250 2826 xiii.
1269 2799 1312 2825 22
1329 2803 1337 2832 ;
1363 2800 1383 2826 2
1402 2789 1484 2828 Cor.
1498 2791 1545 2828 vi.
1566 2801 1620 2836 14.
1738 2792 1759 2829 8
1779 2794 1893 2830 Omne

424 2836 565 2927 (1ιέξῖαέ
579 2838 675 2925 {toa
703 2834 808 2873 Eccli
824 2834 904 2872 xiii.
930 2846 1053 2883 19—21.
1261 2847 1304 2874 22
1329 2839 1421 2875 sicut
1438 2840 1570 2877 medico
1587 2840 1681 2877 et0.:
1706 2851 1737 2876 v.
1760 2841 1845 2887 Diu.
1864 2839 1891 2879 i.

534 2962 598 2995 3³0
