1994 3190
157 213 162 218 ·
211 221 312 255 cir.
328 209 420 271 xn]
731 210 1168 257 POLIORATICVS
1691 204 1776 268 407
1795 229 1821 258 e

266 330 501 388 Aruspices
527 333 633 374 sunt
659 330 927 388 inspectores
954 331 1175 383 horarum,
1196 334 1542 390 praescribentes
1567 335 1674 392 quid

209 414 296 455 qua
315 399 426 442 hora
445 400 540 442 fieri
562 400 781 457 expediat,
789 415 976 456 quorum
993 415 1183 443 errorem
1201 402 1415 459 dampnat
1432 405 1673 462 Apostolus

206 468 378 511 dicens:
407 467 558 512 Timeo
587 483 643 511 ne
674 468 844 512 frustra
873 469 1166 511 laborauerim
1195 471 1242 512 in
1269 473 1407 522 uobis,
1427 474 1675 517 obseruatis
1686 478 1720 518 d

207 537 324 580 enim
345 537 438 580 dies
454 541 499 580 et
519 552 668 587 annos,
685 553 856 581 menses
877 541 921 581 et
942 541 1165 595 tempora;
1196 554 1295 582 cum
1318 541 1508 585 felicitas
1528 544 1674 600 operis

167 623 187 658 5
206 621 294 649 non
328 621 356 649 a
394 610 591 664 tempore
626 606 702 649 sed
738 622 764 649 a
798 607 975 650 nomine
1017 607 1197 650 Domini
1239 609 1397 652 debeat
1437 613 1674 668 expectari.

204 675 487 732 Aruspicium
523 690 696 732 quoque
728 675 775 717 in
810 679 1015 718 extorum
1055 676 1327 733 inspectione
1367 678 1504 735 uiget,
1539 695 1672 736 quani

203 747 344 788 artem
365 744 506 801 Tages
526 744 706 801 quidam
727 744 891 787 dicitur
910 744 1144 788 inuenisse.
1205 746 1332 789 Vnde
1353 746 1581 792 Lucanus:

435 819 579 862 Fibris
609 819 668 862 sit
698 819 821 862 nulla
851 819 971 870 fides,
1001 820 1077 863 sed
1107 820 1309 864 conditor
1338 822 1448 865 artis

377 877 559 920 finxerit
589 877 676 921 ista
705 878 857 935 Tages.

148 968 188 992 10
205 951 422 996 Extorum
457 967 563 996 uero
606 953 783 996 nomine
821 956 1057 996 censentur
1096 954 1246 996 omnia
1285 969 1398 1011 quae
1438 956 1555 999 cutis
1595 972 1670 1000 ex-

203 1023 429 1066 tremitate
453 1025 677 1079 teguntur.
739 1022 808 1065 Ex
835 1037 923 1079 quo
949 1022 1090 1079 liquet
1117 1038 1190 1066 eos
1218 1039 1311 1067 esse
1339 1025 1574 1082 aruspices,
1595 1028 1671 1084 qui

202 1092 506 1135 uaticinantur
520 1092 567 1134 in
587 1092 758 1135 ossibus
774 1092 1033 1134 animalium
1050 1092 1144 1135 sine
1160 1094 1388 1150 sanguine,
1404 1094 1498 1138 siue
1516 1095 1672 1138 futura

202 1161 529 1218 praenuntient,
563 1162 658 1204 siue
695 1162 946 1219 praesentia
984 1162 1277 1218 pronuntient
1313 1163 1385 1206 uel
1418 1165 1670 1221 praeterita.

207 1230 475 1274 Vaticinium
528 1231 745 1288 siquidem
803 1235 882 1282 est,
931 1246 1019 1288 quo
1072 1246 1171 1275 cum
1228 1232 1526 1290 intelligentia
1575 1235 1670 1277 ueri

144 1313 184 1348 15
203 1299 461 1343 abscondita
499 1300 811 1357 proferuntur3
861 1315 962 1343 cum
1001 1304 1047 1344 et
1086 1301 1365 1358 prophetiam
1407 1317 1495 1346 non
1541 1304 1671 1347 modo
1687 1308 1772 1357 408
1794 1320 1822 1347 a

203 1369 258 1412 de
292 1369 459 1413 futuris
488 1373 660 1414 constet
689 1385 793 1422 esse,
822 1370 899 1414 sed
929 1370 984 1413 de
1015 1372 1321 1428 praesentibus
1350 1375 1395 1414 et
1428 1371 1594 1416 futuris
1625 1378 1671 1417 et

202 1439 464 1497 praeteritis.
525 1439 574 1483 Si
599 1454 706 1483 uero
733 1440 999 1483 adhibeatur
1025 1441 1218 1498 sanguis,
1239 1441 1295 1484 ad
1323 1442 1670 1499 nigromantiam

202 1507 290 1551 iam
325 1509 516 1562 accedit3
555 1524 667 1566 quae
703 1509 805 1553 inde
834 1510 1010 1560 dicitur,
1040 1510 1158 1567 quod
1188 1514 1285 1554 tota
1314 1510 1362 1553 in
1393 1515 1670 1555 mortuorum

203 1577 487 1635 inquisitione
526 1582 742 1622 uersatur.
814 1579 1024 1624 Cuiusuis
1063 1594 1115 1623 ea
1155 1595 1248 1623 esse
1288 1580 1480 1634 uidetur,
1520 1585 1573 1625 ut
1612 1583 1670 1626 ad

141 1659 186 1684 ὀ
202 1647 612 1705 interpretationem
639 1649 735 1692 ueri
761 1653 959 1692 mortuos
986 1650 1135 1693 ualeat
1166 1650 1392 1694 suscitare.
1453 1651 1518 1694 Ea
1545 1666 1669 1694 nam·

201 1731 286 1774 que
324 1717 649 1761 ludificantium
690 1718 926 1762 demonum
967 1722 1012 1762 et
1051 1719 1271 1763 humanae
1310 1720 1522 1778 perfidiae
1566 1721 1669 1765 illu-

199 1786 398 1830 dentium
419 1786 596 1830 fallacia
615 1791 693 1831 est.

259 1855 414 1913 Phycii
435 1860 540 1900 sunt
561 1872 670 1914 quos
686 1858 871 1916 spiritus
885 1858 1139 1916 phitonicus
1155 1858 1308 1915 replet,
1325 1862 1371 1902 et
1388 1859 1668 1917 frequentius

201 1925 248 1968 in
279 1925 529 1983 uirginibus
561 1931 804 1980 exercetur,
829 1931 881 1971 ut
908 1928 1050 1986 magis
1077 1928 1274 1972 ludificet
1288 1943 1297 1980 3
1327 1943 1377 1972 ac
1407 1930 1445 1972 si
1475 1931 1667 1973 immun-

141 2007 183 2042 25
201 1994 380 2038 dissimo
399 1995 577 2053 spiritui
598 1996 770 2054 placeat
790 1997 1026 2055 integritas
1046 1998 1209 2041 mentis
1231 2001 1311 2041 aut
1331 1998 1537 2056 corporis.

256 2064 474 2108 Vultiuoli
509 2069 615 2109 sunt
655 2067 731 2124 qui
771 2067 829 2110 ad
868 2068 1053 2111 affectus
1093 2067 1322 2110 hominum
1355 2068 1667 2120 immutandos,

197 2163 219 2190 2
242 2153 466 2201 dampnauit
491 2154 554 2191 M:
596 2155 754 2193 damnat
778 2155 803 2193 S
1018 2167 1060 2203 13
1085 2156 1343 2203 prenunciant
1362 2156 1402 2193 M
1619 2169 1666 2205 ²3

197 2200 320 2238 Phicii
345 2202 405 2238 CB

244 2300 264 2334 3
285 2291 404 2326 Timeo
422 2293 517 2327 etc.:
545 2291 628 2328 Gal.
645 2292 691 2328 iv.
714 2302 767 2333 ιο.
790 2301 844 2328 11.
959 2300 979 2335 7
1002 2292 1133 2337 Taqaes:
1159 2291 1206 2327 cf.
1222 2291 1372 2339 Hugon.
1389 2292 1435 2329 de
1454 2290 1489 2327 S.
1510 2291 1665 2329 Victore

195 2337 312 2374 Erud.
329 2339 415 2374 Did.
432 2337 478 2374 vi.
502 2347 554 2384 15.
667 2341 688 2375 8
714 2339 838 2374 Febris
859 2341 954 2376 etc.:
982 2338 1070 2375 Luc.
1089 2340 1217 2375 Pham.
1235 2339 1260 2375 i.
1277 2341 1359 2375 626.
1469 2349 1508 2385 15
1535 2352 1615 2375 cum
1633 2345 1665 2375 et

196 2385 292 2421 etc.:
316 2396 348 2420 v.
368 2385 480 2420 Iunil.
497 2387 617 2424 Instit.
633 2387 756 2432 Reyul.
778 2388 859 2422 Div.
877 2388 984 2432 Leyis
1005 2386 1029 2422 i.
1048 2397 1071 2431 4
1091 2386 1239 2432 (Migne
1257 2388 1297 2422 P.
1316 2388 1359 2422 L.
1386 2386 1505 2423 lxviii.
1529 2387 1599 2423 col.
1623 2390 1664 2423 18

197 2433 236 2468 ot
252 2442 312 2478 ap.
329 2431 433 2468 Kihn
455 2434 696 2470 Theodorvon
720 2435 941 2480 Mopsuestia
965 2436 1044 2469 und
1066 2435 1237 2469 Junilius
1262 2446 1297 2480 p.
1314 2434 1414 2480 473).
1557 2444 1597 2478 17
1623 2436 1666 2470 Si

196 2489 282 2514 uero
298 2480 390 2515 etc.:
414 2492 446 2515 v.
463 2479 550 2516 Isid.
572 2482 668 2527 Oriy.
687 2480 766 2517 viii,
790 2492 813 2527 9
839 2481 856 2527 §
881 2491 945 2526 ¹¹3
972 2482 1106 2517 Decret.
1137 2480 1184 2516 ΙΙ.
1203 2481 1302 2517 xxvi.
1332 2491 1350 2528 5
1378 2493 1408 2517 6.
1432 2492 1474 2526 14
1495 2481 1513 2527 ξ
1541 2493 1562 2518 2
1587 2482 1661 2527 (ed.

198 2523 412 2572 Friedberg.
429 2526 456 2563 I.
476 2537 576 2574 1032,
589 2529 638 2573 3).
682 2528 785 2572 Quae
802 2530 1010 2574 sequuntur
1025 2527 1126 2564 haud
1141 2540 1187 2565 ex
1205 2528 1348 2565 Isidoro
1366 2540 1456 2566 exce
1506 2531 1546 2565 ta
1559 2531 1662 2565 sunt.

198 2571 392 2609 Fontanus
414 2573 456 2610 in
480 2573 644 2611 Macrob.
670 2577 744 2612 Sat.
767 2575 815 2611 vi.
842 2586 865 2621 9
892 2575 1078 2612 nonnulla
1101 2587 1147 2613 ex
1172 2575 1318 2612 amissis
1347 2576 1476 2612 Macro
1504 2576 1533 2612 ii
1555 2576 1663 2612 libris

197 2618 244 2655 de
273 2619 444 2656 doctrina
467 2621 627 2669 Vergilii
652 2623 825 2668 augurali
853 2622 894 2659 in
926 2635 1037 2670 capp.
1066 2633 1117 2666 12,
1147 2633 1186 2668 13
1212 2622 1367 2660 huiusce
1392 2623 1492 2668 libri,
1512 2635 1662 2660 necnon

198 2664 240 2701 in
255 2665 352 2703 libro
373 2666 412 2702 ii.
437 2668 654 2706 Policratici
670 2673 818 2706 servata
842 2682 921 2707 esse
940 2670 1166 2716 suspicatur.
1227 2670 1302 2706 Vix
1317 2670 1475 2706 dubium
1493 2673 1552 2707 est
1568 2671 1661 2717 quin

200 2711 361 2749 Ioannes
392 2716 586 2762 exemplar
617 2716 921 2754 Saturnaliorum
953 2717 1091 2754 nostris
1128 2718 1337 2764 perfectius
1374 2717 1572 2754 habuerit:
1613 2717 1660 2754 cf.

203 2761 376 2796 Classical
392 2762 527 2797 Review
542 2763 592 2799 xi.
611 2774 675 2809 441
691 2775 725 2800 a.
878 2775 924 2810 23
949 2767 1098 2810 Phycii:
1124 2765 1171 2802 cf.
1192 2765 1278 2801 Isid.
1300 2767 1396 2811 Oriy.
1415 2765 1493 2801 viii.
1512 2776 1534 2809 9
1553 2765 1570 2811 ξ
1590 2776 1631 2801 21
1652 2779 1661 2807 ;

200 2808 336 2842 Decret.
362 2807 410 2843 ΙΙ.
430 2809 528 2845 xxvi.
555 2820 576 2856 3
601 2812 640 2848 et
665 2821 688 2856 4
714 2823 746 2847 6.
775 2822 790 2847 1
821 2811 894 2856 (ed.
921 2811 1136 2858 Friedberg.
1164 2812 1191 2846 I.
1222 2813 1351 2857 1024);
1379 2812 1480 2848 Ivon.
1508 2812 1661 2849 Carnot.

201 2855 337 2891 Decret.
355 2853 405 2890 xi.
423 2856 480 2892 68.
632 2868 677 2903 24
703 2860 744 2894 in
759 2860 984 2904 uiminibus:
1010 2859 1057 2895 cf.
1075 2859 1157 2895 Act.
1175 2858 1304 2905 Apost.
1324 2858 1396 2895 xvi.
1419 2861 1472 2896 16.

1509 2933 1549 2967 51
