1994 3190
212 222 312 257 oAP.
326 210 437 271 1111]
733 170 1171 256 POLIORATiCVS
1697 217 1773 263 '413
1792 224 1823 252 a

211 329 307 388 Ego
327 344 500 387 quoque
526 328 820 387 perniciosum
845 329 974 372 credo
1001 344 1090 372 non
1120 330 1251 374 modo
1277 331 1579 376 sacerdotibus
1605 332 1682 376 sed

211 402 256 442 et
282 399 392 441 uiris
420 398 696 455 sapientibus
722 399 953 442 contraire.
1014 399 1175 442 Melius
1200 415 1373 458 quoque
1403 405 1470 445 est
1500 403 1682 446 obuiare

208 468 334 525 genti
363 482 592 510 seruorum
625 482 758 524 quam
789 468 859 510 his
887 468 963 524 qui
994 482 1168 510 summa
1201 474 1308 512 sunt
1337 472 1527 527 praediti
1558 476 1680 529 pote-

208 540 335 580 state.
395 537 624 579 Feminam
657 551 842 593 quoque,
873 552 985 594 quae
1020 538 1164 594 capite
1194 538 1468 596 discooperto
1503 542 1680 593 incedit,

171 625 189 659 5
209 606 429 650 infelicem
456 606 607 659 crede3
636 606 734 657 nisi,
760 611 813 649 ut
842 607 961 664 apud
994 607 1186 649 Plinium
1215 608 1391 664 legitur,
1419 610 1595 666 publica
1621 612 1681 653 sit

208 678 289 719 aut
322 675 517 732 plurium
558 676 732 718 libidini
772 679 925 733 pateat
958 677 1211 733 prostituta.
1272 677 1366 720 Nec
1403 680 1583 735 expedit
1616 680 1679 721 illi

208 760 445 796 occurrere,
485 760 598 802 quae
643 749 792 789 amoto
831 746 931 789 uelo
970 750 1105 803 caput
1144 761 1274 790 suum
1314 746 1552 804 deturpare
1591 764 1679 791 non

208 815 437 858 erubescit.
487 814 559 857 Ab
574 815 645 858 his
665 830 777 872 quae
797 815 941 873 primo
961 815 1153 859 audieris
1173 816 1291 859 inter
1304 816 1449 873 operis
1468 817 1679 874 cuiusque

208 883 404 940 auspicia
425 883 532 940 quid
551 887 764 940 sequatur
782 899 1051 942 praenosces.

150 987 191 1012 ιο
267 964 385 1008 Hinc
415 965 537 1008 Deus
566 965 824 1009 incumbens
854 966 1010 1009 baculo
1040 980 1170 1023 quem
1201 966 1360 1010 dextra
1388 967 1582 1024 gerebat,

325 1023 487 1066 Omnia
515 1023 757 1081 principiis,
788 1024 917 1076 dixit,
947 1024 1089 1067 inesse
1118 1025 1272 1068 solent.

265 1081 457 1124 Auditas
487 1096 616 1125 uoces
645 1081 805 1124 timida
833 1082 1146 1139 perpendimus
1177 1098 1296 1134 aure,

324 1142 369 1182 et
398 1140 587 1196 primam
618 1140 761 1183 uisam
791 1141 982 1184 consulit
1012 1156 1156 1198 augur
1185 1156 1325 1185 auem.

210 1220 276 1263 Ea
304 1220 522 1278 siquidem
550 1220 805 1264 futurorum
835 1222 1112 1279 praenostica
1136 1226 1252 1266 sunt.
1315 1223 1499 1266 Petilius
1527 1224 1677 1267 consul
1698 1226 1726 1265 b

150 1305 190 1341 15
209 1290 434 1333 Romanus
463 1290 724 1348 obpugnans
749 1294 944 1335 castrum
972 1291 1020 1334 in
1045 1291 1208 1344 Sicilia,
1228 1292 1299 1335 cui
1331 1308 1492 1336 nomen
1522 1294 1679 1337 Letum

163 1387 167 1392 -
209 1363 316 1411 erat,
328 1374 427 1403 cum
449 1360 613 1404 milites
633 1361 968 1418 accingerentur
995 1361 1051 1404 ad
1078 1376 1287 1419 pugnam,
1303 1363 1395 1406 ait:
1430 1363 1525 1420 Ego
1549 1364 1679 1407 hodie

208 1429 366 1473 Letum
396 1430 580 1487 capiam.
638 1429 842 1487 Casuque
873 1431 935 1474 sic
965 1430 1136 1481 accidit,
1166 1446 1266 1475 cum
1297 1433 1390 1490 ipse
1420 1433 1573 1477 eadem
1609 1434 1680 1477 die

209 1497 346 1542 fuerit
385 1499 690 1557 interemptus.
749 1500 879 1544 Alius
918 1515 1092 1558 quoque
1132 1501 1295 1552 consul,
1321 1517 1421 1545 cum
1461 1518 1489 1546 a
1520 1508 1679 1547 senatu

209 1569 508 1613 destinaretur
546 1570 603 1612 ad
644 1570 991 1628 expugnandum
1031 1586 1179 1628 regem
1226 1572 1470 1626 Persarum,
1510 1589 1538 1616 a
1586 1574 1680 1617 filia

149 1653 193 1678 το
209 1653 343 1697 quam
392 1639 439 1682 in
488 1640 603 1683 ostio
652 1640 808 1683 domus
851 1641 1031 1684 flentem
1074 1641 1252 1684 obuiam
1292 1642 1462 1694 habuit,
1501 1658 1678 1687 causam

210 1709 456 1766 quaesiuit;
500 1724 687 1767 cumque
723 1710 800 1752 illa
847 1710 1143 1768 responderet,
1175 1711 1339 1768 perisse
1381 1712 1558 1756 Persam
1599 1714 1679 1771 (sic

210 1778 326 1822 enim
359 1779 548 1832 catulus,
583 1780 660 1836 qui
694 1780 810 1823 forte
842 1781 1047 1837 perierat,
1082 1780 1340 1839 dicebatur),
1365 1782 1590 1839 profectus
1632 1784 1678 1826 in

171 1903 174 1907 .
207 1848 532 1905 expeditionem
547 1849 823 1906 triumphum
845 1865 934 1893 non
955 1850 1139 1900 inuenit,
1156 1865 1206 1893 eo
1219 1851 1336 1907 quod
1352 1866 1431 1894 rex
1445 1851 1677 1895 Persarum

209 1917 411 1975 perierat,
431 1918 608 1975 quando
627 1919 720 1962 filia
740 1919 932 1963 consulis
951 1920 1148 1963 catulum
1169 1920 1304 1964 flebat
1323 1921 1546 1964 amissum.

152 2004 193 2039 ²5
268 1987 341 2030 Ab
369 1987 477 2045 ipsis
504 1988 638 2031 etiam
669 1989 909 2039 elementis,
931 1993 1011 2032 aut
1034 1990 1246 2047 temporis
1276 1990 1504 2047 qualitate,
1529 2006 1675 2035 rerum
1695 2006 1719 2035 c

211 2054 466 2113 frequenter
489 2058 733 2100 trahuntur
761 2058 968 2115 auspicia.
1035 2058 1259 2102 Fortunae
1289 2059 1502 2102 duritiam
1530 2062 1678 2118 gratia

210 2125 322 2168 roris
356 2129 436 2169 aut
475 2127 700 2170 modestus
740 2127 882 2170 imber
920 2128 1101 2171 emollit.
1160 2128 1398 2171 Roscidum
1434 2130 1597 2187 quippe
1633 2134 1677 2173 et

208 2194 486 2252 suppluuiale
526 2199 702 2253 tempus
741 2211 903 2254 aerque
943 2197 1091 2248 sudus,
1131 2197 1237 2240 dum
1277 2198 1422 2255 operis
1466 2200 1678 2256 cuiusque

207 2262 514 2307 incunctanter
533 2268 680 2308 ortum
700 2266 994 2323 prosequitur,
1014 2267 1211 2310 creditur
1230 2267 1426 2310 eiusdem
1447 2267 1678 2312 fortunare

210 2396 230 2432 7
256 2391 423 2426 ammoto
440 2389 465 2426 S
584 2392 707 2438 capud
722 2391 756 2429 A
926 2403 962 2429 11
992 2392 1121 2430 omina
1138 2393 1268 2430 CBMS
1399 2405 1402 2408 ’
1436 2406 1483 2432 20
1505 2396 1631 2432 hostio
1650 2396 1676 2432 S

210 2445 251 2471 21
280 2447 428 2482 persam
444 2437 599 2484 periisse
616 2439 668 2493 M·
745 2451 791 2484 24
815 2440 1033 2477 ammissum
1051 2440 1076 2477 S
1168 2451 1212 2487 27
1228 2442 1361 2489 ymber
1376 2443 1410 2478 A
1490 2443 1676 2480 Rocidum

208 2481 283 2518 AM
424 2486 470 2521 28
495 2484 730 2532 subplumale
747 2487 781 2522 A

258 2599 276 2637 5
302 2592 466 2628 Plinium
481 2604 491 2629 ε
525 2593 632 2630 Nihil
663 2594 740 2631 tale
772 2597 874 2642 apud
906 2596 1074 2633 Plinium
1107 2597 1274 2644 reperire
1306 2598 1437 2645 potui;
1470 2599 1517 2636 de
1550 2600 1674 2637 omine

210 2636 336 2674 fausto
349 2650 373 2674 a
388 2640 596 2678 meretricis
613 2652 767 2679 occursu
786 2643 834 2680 cf.
853 2643 1006 2690 Leland,
1028 2646 1143 2692 G-ipsy
1157 2647 1316 2691 Sor-cery,
1336 2659 1373 2692 p.
1397 2657 1474 2692 129.
1633 2659 1675 2683 ιο

210 2685 309 2720 Hinc
326 2687 425 2722 Deus
439 2688 533 2730 eta:
564 2689 628 2725 Ov.
647 2691 746 2726 Fas-t.
765 2690 789 2726 i.
813 2693 961 2735 177-80.
1183 2703 1226 2737 14
1249 2694 1402 2730 Petilius
1418 2697 1490 2731 etc.
1506 2706 1515 2730 ε
1542 2707 1573 2731 v.
1590 2695 1673 2731 Val.

212 2731 311 2768 Max.
330 2743 354 2767 1.
375 2741 393 2778 5
414 2731 431 2778 ξ
451 2744 485 2778 9.
564 2781 572 2788 ι
643 2745 684 2782 15
711 2739 751 2772 in
767 2739 917 2774 Sicilia:
942 2738 1071 2785 potius
1087 2739 1128 2775 in
1146 2739 1310 2785 Liguria.
1498 2744 1539 2778 18
1565 2744 1676 2778 Alius

209 2790 343 2825 quoque
359 2781 456 2815 etc.:
482 2793 513 2816 v.
533 2780 607 2817 010.
625 2785 668 2818 de
686 2785 764 2820 Dio.
783 2784 809 2820 i.
826 2786 883 2828 46.
995 2788 1040 2822 28
1064 2789 1319 2832 suppluuiale:
1349 2788 1430 2824 Hoc
1451 2790 1674 2825 vocabulum

211 2837 334 2872 neque
350 2837 410 2873 ap.
429 2826 584 2865 Forcell.
604 2830 661 2866 ed.
680 2830 726 2866 de
741 2830 819 2868 vit.
837 2843 961 2878 neque
978 2844 1038 2879 ap.
1058 2834 1118 2870 Du
1136 2833 1262 2882 Gange
1281 2834 1486 2872 invenitur.

1522 2905 1561 2939 61
