1994 3190
193 161 275 211 586
294 159 325 200 (1

201 645 278 695 587
298 655 328 684 a

301 1412 330 1450 b

670 155 930 200 IOANNIS
971 154 1484 199 SARESBERIENSIS
1655 154 1764 212 [LIB.
1781 165 1812 197 v

458 276 692 321 Fictilibus
721 291 899 320 cenasse
929 275 1083 318 ferunt
1111 275 1355 319 Anatoclea
1385 290 1544 333 regem,

516 339 651 392 atque
680 335 867 378 abacum
897 334 1048 377 Samio
1077 348 1207 391 saepe
1236 348 1439 376 onerasse
1470 334 1579 376 luto.

460 393 703 448 Quaerenti
733 407 910 436 causam
940 392 1193 449 respondit:
1233 392 1331 434 Rex
1361 406 1442 449 ego
1471 406 1572 435 cuin
1602 390 1686 434 sim

517 451 705 502 Siciliae,
734 451 872 508 figulo
902 465 1001 493 sum
1030 450 1230 506 genitore
1260 453 1397 494 satus·

460 510 705 553 Fortunam
734 512 990 552 reuerenter
1018 509 1132 551 habe
1163 508 1428 565 quicumque
1459 510 1642 565 repente

518 568 644 611 diues
672 567 730 610 ab
760 567 867 610 exili
897 567 1178 624 progrediere
1208 566 1349 609 domo.

345 643 433 686 Res
466 643 618 699 itaque
653 656 742 684 non
773 644 880 684 sunt
916 641 964 683 in
998 641 1112 684 uitio
1147 641 1224 683 sed
1258 655 1378 683 usus.
1439 640 1498 683 Et
1527 643 1596 683 est
1624 639 1816 697 philoso-

343 712 526 770 phantis
541 711 679 754 animi
696 710 871 754 fructus
886 710 1048 753 nobilis
1068 724 1282 767 generosa
1297 709 1620 766 aequanimitas
1635 709 1815 761 mentis3

343 797 459 832 nam,
480 781 518 824 si
539 796 596 824 ex
615 783 795 837 stupore
819 783 887 823 est
913 783 965 822 ut
991 779 1315 836 aequanimiter
1334 779 1484 822 omnia
1509 781 1669 836 portet,
1692 793 1817 822 mens

343 866 450 908 egra
470 851 527 893 ab
550 849 870 893 incolumitatis
890 849 1061 892 uirtute
1085 849 1338 906 degenerat.
1399 847 1514 892 Cum
1540 862 1647 890 uero
1673 847 1816 904 philo-

343 919 562 977 sophandi
582 919 674 962 sint
694 919 862 962 multae
882 919 1077 970 semitae,
1090 918 1168 960 illa
1183 932 1290 975 prae
1305 917 1462 961 ceteris
1482 917 1617 961 michi
1637 916 1818 960 uidetur

345 1005 439 1033 esse
460 989 652 1033 nobilior
672 991 718 1032 et
737 988 1004 1031 laudabilior

463 1078 576 1120 quae
605 1063 667 1107 sic
697 1063 887 1120 prandet
915 1062 1012 1106 olus
1041 1062 1275 1119 patienter,
1306 1061 1438 1105 rebus
1466 1064 1520 1105 ut
1548 1061 1618 1104 uti

463 1122 652 1174 nouerit,
683 1125 730 1164 et
759 1136 908 1164 rerum
939 1135 1052 1178 quae
1081 1121 1144 1164 sic
1173 1123 1380 1163 uersatur
1409 1120 1458 1163 in
1486 1134 1583 1173 usu,

347 1201 401 1240 ut
430 1196 527 1240 olus
561 1199 606 1239 et
641 1196 866 1253 quaelibet
900 1199 1126 1238 extremae
1158 1195 1438 1252 paupertatis
1473 1194 1634 1238 exenia
1662 1193 1818 1238 edocta

347 1266 408 1309 sit
436 1280 526 1308 non
554 1264 770 1309 fastidire.
830 1264 1020 1308 Fructus
1049 1264 1267 1321 siquidem
1296 1264 1600 1321 philosophiae
1629 1262 1819 1306 eximius

349 1338 417 1378 est
457 1338 510 1377 ut
544 1334 722 1377 nouerit
753 1333 853 1391 quis
887 1333 1115 1376 abundare
1149 1336 1195 1376 et
1233 1334 1465 1391 penuriam
1504 1332 1612 1390 pati,
1643 1335 1695 1375 ut
1729 1331 1819 1376 leto

349 1404 497 1448 animo
517 1403 840 1461 aequanimiter
853 1403 1002 1446 omnia
1021 1406 1182 1460 portet,
1193 1406 1246 1446 ut
1265 1403 1436 1446 obiecto
1455 1403 1620 1446 solidae
1635 1401 1820 1445 uirtutis

349 1474 472 1517 obice
499 1488 673 1516 omnem
709 1473 938 1516 fortunam
967 1476 1180 1517 exarmet.
1249 1471 1452 1516 Profecto
1482 1471 1682 1529 quisquis
1711 1471 1819 1515 haec

349 1547 576 1587 assecutus
597 1547 664 1587 est
685 1558 775 1586 non
795 1546 945 1600 sperat
965 1546 1045 1586 aut
1065 1542 1342 1595 extimescit;
1377 1546 1422 1586 et
1448 1542 1496 1585 in
1525 1556 1626 1586 eum
1646 1555 1820 1598 semper

350 1613 534 1656 fortuna
563 1613 786 1670 quaelibet
815 1627 973 1656 manca
1002 1613 1106 1656 ruit.
1165 1612 1295 1665 Quid,
1319 1611 1467 1669 inquit
1495 1611 1693 1655 curiosus
1721 1610 1819 1668 phi-

351 1683 577 1740 losophiae
626 1685 937 1740 perscrutator,
986 1682 1070 1725 tibi
1121 1681 1400 1739 philosophia
1455 1680 1682 1725 contulit?
1761 1679 1821 1724 Et

351 1752 632 1808 Aristippus:
673 1751 736 1794 Vt
775 1765 876 1794 cum
915 1751 1133 1803 omnibus,
1173 1750 1249 1800 ait,
1296 1750 1550 1793 hominibus
1599 1748 1820 1806 intrepide

352 1821 591 1863 fabularer.
652 1820 829 1877 Vtique,
869 1821 907 1863 si
948 1820 1127 1863 honoris
1171 1822 1285 1863 esset
1323 1822 1403 1862 aut
1448 1819 1659 1877 pecuniae
1698 1818 1820 1862 reiue

355 1925 369 1951 1
399 1913 599 1950 anotoclea
615 1913 645 1948 B
838 1922 858 1948 2
884 1914 933 1948 ad
949 1911 1108 1948 abacum
1125 1917 1248 1948 notam
1265 1912 1367 1947 habet
1383 1911 1446 1948 uel
1462 1922 1535 1960 aga
1564 1922 1624 1948 eni
1650 1909 1680 1946 B
1706 1921 1820 1956 mary.

353 1971 385 2006 7,
405 1963 425 1998 8
451 1959 768 2008 phylosophantis
786 1959 825 1995 M
856 2006 863 2014 ·
974 1969 1025 2002 10,
1049 1969 1087 1996 11
1115 1958 1420 2006 pholosophandi
1438 1958 1488 1995 C:
1566 1956 1821 2005 ylosopliandi

353 2008 392 2044 M
410 2055 418 2063 ο
560 2010 614 2062 ‚16
639 2007 797 2054 phyloso
826 2006 912 2043 hiae
931 2007 970 2042 M
1153 2015 1194 2051 17
1220 2006 1436 2042 habundare
1447 2005 1477 2060 ‘S
1700 2015 1757 2051 21,
1775 2015 1821 2042 22

352 2055 571 2103 philosophi
588 2055 701 2092 BAS:
730 2055 805 2102 phy
825 2054 958 2101 osophi
977 2054 1016 2090 M
1159 2064 1204 2090 22
1229 2053 1481 2101 phylosophia
1499 2053 1538 2089 M

403 2148 417 2174 1
448 2139 640 2174 Fictilibus
656 2138 750 2174 etc.:
779 2135 916 2171 Auson.
934 2136 1061 2181 Epiyr.
1078 2133 1107 2170 ii
1126 2134 1198 2181 (ed.
1219 2135 1354 2181 Peiper
1370 2147 1405 2181 p.
1424 2133 1520 2181 3¹¹)·
1632 2133 1823 2170 Fictilibus

352 2186 630 2231 cenasuserunt
648 2185 845 2220 Anatoclea
860 2195 869 2219 ε
895 2184 1011 2218 Fama
1029 2184 1267 2227 estfictilibue
1282 2194 1422 2219 cenasse
1438 2182 1663 2228 Ayathoclea,
1682 2180 1820 2218 Auson.

353 2243 374 2269 2
401 2234 476 2269 luto
491 2245 499 2268 ε
526 2232 599 2269 Hic
615 2231 816 2268 versiculos
833 2229 926 2267 duos
944 2229 1199 2275 praetermisit
1218 2230 1388 2266 Ioannes.
1585 2238 1606 2274 3
1631 2241 1712 2265 cum
1727 2231 1819 2266 eim:

403 2282 416 2315 i
443 2292 522 2316 eum
550 2280 688 2316 Auson.
830 2288 852 2323 4
878 2278 1049 2314 Siciliae:
1076 2278 1243 2313 SIcaniae
1268 2278 1407 2313 Auson.
1548 2277 1571 2313 6
1595 2277 1722 2313 domo:
1749 2277 1823 2313 loco

390 2339 495 2364 118011.
681 2336 704 2372 9
728 2327 761 2362 ei
777 2338 822 2360 ex
836 2330 978 2371 stupore
994 2330 1042 2361 eet
1059 2327 1130 2361 etc.
1146 2336 1154 2360 :
1181 2324 1229 2361 cf.
1246 2324 1470 2361 Tertullian.
1490 2325 1532 2359 de
1548 2325 1732 2360 Patientia
1748 2334 1780 2359 c.
1800 2333 1822 2360 2

355 2374 504 2421 (Migne
522 2376 563 2411 P.
579 2376 623 2412 L.
641 2373 667 2410 i.
689 2375 792 2420 1251)
811 2374 987 2418 affectatio
1011 2374 1172 2408 humana
1197 2374 1350 2408 caninae
1370 2372 1663 2419 aequanimitatis
1679 2376 1824 2417 stupore

343 2423 522 2468 sor-mata.
684 2431 725 2467 13
750 2432 841 2467 quae
863 2421 914 2455 sic
935 2421 1092 2466 prandet
1117 2422 1215 2457 etc.:
1252 2420 1340 2455 Hor.
1364 2420 1436 2465 Ep.
1461 2418 1485 2455 i.
1517 2428 1570 2463 17.
1599 2427 1734 2465 13-15:
1762 2420 1824 2455 ‘Si

350 2471 548 2516 pranderet
564 2471 642 2506 olus
652 2469 842 2515 patienter,
862 2468 1003 2513 reqibue
1019 2469 1074 2503 uti
1097 2469 1214 2503 Nollet
1234 2469 1469 2513 Aristippus„
1486 2465 1496 2485 ‘
1508 2467 1550 2501 Si
1564 2467 1668 2503 sciret
1683 2466 1824 2511 mnibus

354 2518 423 2559 uti,
441 2518 636 2553 fastidiret
659 2517 738 2552 olus
760 2517 824 2562 qui
849 2527 901 2550 me
925 2515 1047 2551 notat!
1097 2514 1169 2551 Hic
1195 2514 1311 2551 habes
1336 2514 1450 2551 verba
1474 2512 1544 2550 Dio
1573 2512 1653 2550 enis
1674 2513 1723 2550 ad
1746 2512 1824 2549 Ari-

355 2564 526 2611 stippum
552 2565 592 2600 et
615 2562 800 2616 Aristippi
826 2562 874 2598 ad
900 2561 1109 2609 Diogenem
1144 2573 1377 2609 responsum.
1438 2560 1509 2597 Pro
1571 2560 1603 2597 is
1628 2559 1821 2597 versiculis

357 2612 516 2648 Ioannes
534 2613 673 2654 noster,
689 2621 765 2656 qui,
785 2611 826 2645 ut
840 2609 1016 2655 suspicor,
1035 2609 1184 2645 Horatii
1202 2621 1348 2646 8811811111
1366 2607 1525 2645 minime
1537 2606 1742 2650 intellexit,
1760 2618 1823 2645 eos

355 2658 551 2696 substituit
567 2669 662 2705 quos
680 2657 718 2693 in
737 2659 842 2694 textu
863 2657 1000 2699 haben
1030 2656 1078 2694 cf.
1096 2668 1212 2703 supra
1229 2656 1282 2693 iii.
1299 2667 1322 2701 4
1341 2657 1425 2702 (482
1440 2658 1496 2701 Α).
1645 2664 1685 2700 17
1711 2656 1822 2692 abun-

355 2709 444 2742 dare
461 2712 492 2742 et
505 2708 701 2752 penuriam
716 2706 818 2752 pati:
847 2703 1012 2751 Philipp.
1032 2704 1078 2741 iv.
1102 2714 1154 2741 12.
1332 2714 1378 2740 20
1402 2705 1443 2739 in
1460 2714 1540 2740 eum
1557 2704 1652 2740 eta:
1678 2714 1711 2740 v,
1732 2702 1820 2738 Hor.

357 2756 430 2790 Sat.
461 2753 498 2790 ii.
527 2763 558 2798 7.
590 2755 645 2789 88.
807 2762 847 2788 21
880 2752 984 2796 Quid,
1014 2754 1131 2798 inquit
1161 2754 1324 2789 curiosus
1351 2752 1450 2789 etc.:
1484 2762 1518 2789 v.
1542 2749 1654 2797 Apul.
1678 2751 1720 2787 de
1747 2751 1823 2787 Deo

357 2803 515 2838 soe-racia
532 2800 628 2838 Prol.
651 2801 716 2838 106
735 2799 807 2846 (cd.
827 2798 998 2836 Hildebr.
1016 2798 1055 2837 ii.
1074 2811 1110 2847 p.
1132 2799 1224 2847 105).

468 2871 534 2915 366

1835 528 1853 562 5

1838 869 1877 892 10

1839 1212 1878 1247 ῐ5

1838 1558 1882 1582 20
