1994 3236
863 194 1316 240 PROLEGOMENA

353 310 611 354 difficillima
631 312 699 354 est
718 312 764 353 et
781 310 930 368 potius
956 309 1014 353 ad
1032 309 1287 366 Metaloyici
1313 324 1445 367 quam
1472 310 1530 353 ad
1557 309 1824 354 Polieratici

354 379 710 437 explanationem
723 380 930 436 pertinet.
989 380 1136 423 Verba
1149 383 1299 422 tamen
1312 379 1492 423 Ioannis
1506 380 1554 422 in
1566 379 1672 423 loeis
1688 394 1823 437 supra

354 449 547 492 laudatis
560 452 606 492 et
624 449 672 492 in
687 449 774 506 Ep.
794 462 842 493 21
854 463 873 492 1
893 449 1171 507 subiungam,
1184 451 1238 492 ut
1253 463 1340 506 quo
1359 449 1491 492 modo
1510 464 1580 492 res
1594 464 1641 493 se
1660 449 1823 492 habeat

355 519 532 562 facilius
543 513 744 563 uideatis.
789 518 846 562 In
860 519 1007 563 Metal.
1016 519 1043 562 i.
1057 531 1127 576 15:
1146 519 1251 563 Non
1256 518 1427 575 piyebit
1439 519 1605 576 referre
1618 532 1696 562 nec
1703 520 1825 575 forte

356 589 523 633 audire
541 586 794 644 displicebit
813 588 933 645 quod
951 603 982 631 a
1001 588 1163 632 Graeco
1182 588 1426 644 interprete
1444 592 1483 631 et
1503 588 1587 644 qui
1601 587 1824 631 Latinam

355 658 571 715 linquam
583 658 806 701 commode
820 661 1025 710 nouerat,
1040 657 1158 701 dum
1171 658 1228 700 in
1240 657 1421 714 Apulia
1433 671 1648 708 morarer,
1662 657 1824 714 accepi.

357 728 412 771 In
431 727 582 770 Metal.
603 727 664 769 iii.
693 737 720 783 5
741 729 843 784 post
866 741 918 770 es.
946 727 1001 770 de
1032 726 1301 783 Topicorum
1321 726 1368 768 in
1388 740 1518 769 usum
1545 726 1825 770 reuocatione

358 811 471 854 quse
490 811 624 854 supra
643 796 780 839 citaui
800 796 931 847 dieta,
951 796 1017 838 its,
1035 796 1206 853 pergit:
1238 794 1391 852 Neque
1416 795 1544 839 enim
1563 810 1826 840 sermonum

357 870 443 910 aut
471 879 627 909 rerum
658 868 790 908 tanta
819 868 879 908 est
908 863 1151 921 difficultas
1179 868 1233 908 ut
1257 880 1287 908 a
1315 865 1534 909 studiosis
1564 879 1660 908 non
1688 865 1826 922 possit

359 934 559 991 intelliyi
586 938 626 977 et
652 934 835 978 utilitas
855 937 988 977 tanta
1008 937 1067 978 est
1087 937 1142 977 ut
1163 949 1278 990 prae
1297 934 1450 978 ceteris
1469 935 1675 990 expediat
1704 934 1826 978 hunc

358 1004 552 1061 avasci.
610 1003 736 1047 Satis
756 1002 892 1055 enim,
908 1003 1030 1046 inter
1041 1007 1182 1046 cetera
1201 1017 1315 1059 quae
1329 1003 1650 1048 translationis
1668 1004 1827 1048 arctis-

357 1074 479 1118 sima
499 1073 587 1130 leye
607 1088 637 1116 a
666 1072 845 1117 Graecis
862 1076 1008 1115 tracta
1028 1077 1152 1126 sunt,
1167 1073 1344 1129 planus
1363 1077 1422 1117 est
1436 1087 1454 1124 ;
1489 1073 1559 1117 ita
1588 1078 1744 1117 tamen
1773 1076 1828 1116 ut

350 1142 493 1201 facile
512 1143 571 1186 sit
592 1142 794 1186 auctoris
812 1142 889 1185 sui
907 1142 1069 1186 stilum
1088 1156 1330 1198 a9noscere,
1351 1147 1390 1186 et
1417 1142 1472 1186 ab
1499 1143 1564 1187 iis
1584 1143 1827 1187 dumtaaeat

349 1212 548 1269 fideliter
563 1211 866 1268 intelligatur,
881 1211 964 1268 qui
979 1215 1236 1268 sequuntur
1249 1211 1588 1269 indifferentiae
1600 1212 1829 1256 rationem

362 1282 460 1325 sine
473 1295 566 1338 qua
578 1295 711 1324 nemo
721 1295 933 1337 unquam
944 1294 1022 1323 nec
1035 1281 1165 1336 apud
1177 1295 1258 1324 nos
1273 1296 1350 1325 nec
1362 1282 1492 1338 apud
1508 1282 1700 1334 Graecos,
1711 1282 1829 1326 sicut

366 1350 560 1394 Graecus
579 1350 815 1405 interpres,
829 1349 1016 1392 natione
1035 1349 1346 1402 Seueritanus‚
1360 1350 1503 1394 dicere
1523 1353 1829 1402 consueuerat,

363 1419 645 1462 Aristotelem
667 1418 902 1462 intellexit.
963 1418 1082 1462 Hinc
1110 1418 1220 1461 mihi
1241 1419 1425 1462 dubium
1457 1422 1526 1463 est
1552 1434 1610 1462 an
1634 1419 1829 1464 Graecus

363 1489 587 1544 interpres
621 1487 737 1531 idem
773 1488 833 1531 sit
872 1487 949 1544 qui
982 1487 1253 1543 Topicorum
1288 1489 1637 1532 translationem
1659 1489 1829 1546 fecerit,

364 1558 419 1601 de
435 1572 524 1615 qus
543 1572 679 1614 supra
698 1557 806 1599 dixi.
847 1557 903 1599 In
923 1556 1072 1600 Metal.
1094 1556 1152 1600 iv.
1172 1570 1196 1601 2
1217 1557 1427 1615 legimus:
1458 1558 1690 1615 Interpres
1703 1573 1830 1602 meus

364 1641 472 1670 cum
497 1626 690 1670 uerbum
717 1625 901 1669 audiret
931 1625 1157 1683 iynotum,
1185 1630 1224 1668 et
1253 1627 1452 1671 maxime
1481 1626 1538 1670 in
1567 1627 1830 1684 compositis,

365 1696 535 1741 dicebat
562 1700 571 1718 ‘
586 1695 815 1740 analetiza
838 1695 914 1739 hoc
931 1695 941 1712 '
963 1695 1083 1752 quod
1103 1695 1275 1740 uolebat
1295 1696 1637 1753 aequiualenter
1655 1697 1829 1753 ewponi.

368 1765 503 1809 Porro
534 1765 581 1808 in
620 1765 704 1821 Ep.
743 1778 820 1807 211
854 1764 911 1807 ad
950 1765 1188 1808 Ricardum
1228 1769 1516 1823 cognomento
1552 1765 1830 1823 Episcopum,

365 1837 474 1877 tunc
493 1834 705 1891 temporis
725 1833 1081 1877 archidiaconum
1103 1832 1498 1886 constantiensem,
1513 1837 1666 1891 postes,
1679 1838 1829 1878 autem

367 1904 618 1961 episcopum
651 1902 980 1954 Abrincensem,
1015 1903 1181 1960 scripte
1220 1903 1285 1946 ait
1323 1902 1537 1947 Ioannes:
1584 1903 1648 1948 De
1691 1907 1827 1948 cetero

365 1973 467 2017 iam
487 1987 517 2016 a
537 1972 682 2015 multo
702 1975 892 2028 tempore
914 1975 1139 2028 porrectas
1159 1972 1269 2015 itero
1283 1986 1432 2029 preces
1450 1976 1676 2029 quatenus
1695 1972 1831 2017 libros

368 2041 632 2093 Aristotelis,
669 2055 778 2097 quos
815 2039 992 2091 habetis,
1032 2040 1153 2084 mihi
1181 2040 1374 2098 faciatis
1412 2041 1598 2086 eaescribi
1619 2074 1629 2084 .
1650 2074 1661 2085 .
1683 2076 1692 2087 .
1720 2042 1832 2086 meis

369 2115 523 2156 tamen
542 2109 813 2167 sumptibus,
834 2124 1006 2167 quaeso,
1022 2109 1078 2153 in
1097 2110 1178 2153 hac
1202 2124 1250 2154 re
1268 2110 1405 2154 nulla
1424 2111 1599 2155 ratione
1613 2112 1831 2168 parcatis.

368 2181 532 2224 Precor
562 2179 702 2224 etiam
731 2179 897 2223 iterata
930 2179 1258 2236 supplicatione
1292 2183 1515 2237 quatenus
1544 2180 1599 2223 in
1629 2180 1834 2237 operibus

370 2248 631 2300 Aristotelis,
646 2247 726 2292 ubi
744 2247 1000 2306 difficiliora
1011 2249 1207 2306 fuerint,
1227 2249 1411 2292 notulas
1421 2249 1628 2305 faciatis,
1648 2265 1695 2294 eo
1716 2252 1834 2308 quod

367 2319 658 2375 interpretem
686 2317 978 2374 aliquatenus
1005 2321 1260 2375 suspectum
1288 2317 1431 2369 habeo,
1461 2318 1585 2375 quia,
1619 2319 1717 2363 licet
1751 2320 1834 2364 elo·

369 2401 510 2446 quens
528 2386 678 2444 fuerit
702 2386 831 2435 alias,
852 2390 906 2429 ut
935 2402 1060 2444 saepe
1087 2386 1270 2438 audiui,
1291 2387 1450 2430 minus
1472 2390 1626 2431 tamen
1643 2387 1750 2444 suit
1779 2389 1835 2433 in

369 2455 672 2514 grammatica
706 2455 964 2500 institutus.
1033 2457 1195 2500 Verum
1227 2455 1282 2499 de
1316 2456 1480 2500 ueteris
1510 2472 1567 2500 an
1603 2457 1657 2502 de
1686 2472 1836 2503 nouae

370 2524 687 2571 translationis
705 2528 884 2569 auctore
904 2525 1010 2571 haec
1034 2525 1154 2570 diets.
1173 2525 1265 2569 sint
1288 2525 1492 2569 dubitare
1513 2525 1629 2570 licet.

430 2594 558 2648 Quod
593 2594 650 2637 sd
689 2594 1015 2638 Polie-ramum
1054 2594 1231 2646 attinet,
1266 2608 1321 2637 ex
1361 2594 1449 2637 alin.
1481 2609 1613 2653 quam
1648 2596 1834 2655 uulgata.

371 2663 738 2722 interpretatione
780 2661 944 2720 Topica
977 2664 1114 2707 citare
1149 2663 1330 2707 uidetur
1366 2663 1554 2708 Ioannes
1589 2665 1636 2708 in
1671 2666 1834 2710 Polior.

373 2734 466 2780 viii.
489 2734 516 2776 6
536 2732 640 2790 (729
655 2734 697 2789 e)
717 2746 918 2776 amorem
946 2747 1078 2789 quem
1107 2731 1277 2789 diffinit
1302 2732 1592 2791 philosophus
1619 2749 1703 2779 esse
1731 2749 1835 2780 con-

373 2801 700 2859 cupiscentiam
740 2800 944 2852 coeundi,
977 2800 1053 2844 ubi
1093 2800 1354 2845 Aristoteles
1395 2800 1516 2860 (Tap.
1550 2802 1610 2847 vi.
1650 2805 1730 2858 146
1743 2818 1771 2848 a
1791 2805 1838 2861 9)

375 2871 510 2916 hebet
546 2872 567 2914 ὁ
606 2871 705 2925 ἔρως
746 2871 931 2926 ἐπιθυμία
972 2871 1188 2916 συνουσίας
1224 2871 1346 2923 ἐστίν,
1382 2870 1692 2929 interpretatio
1731 2886 1838 2918 uero

491 2953 601 2983 xxvi
