1994 3190
130 206 229 240 cAr.
243 194 316 256 VI]
636 193 1072 239 POLICRATIOVS
1607 205 1690 246 με
1706 205 1734 238 e

129 317 271 360 omnis
298 330 407 374 gens
435 315 604 372 pariter
631 316 875 357 mereretur
903 314 1118 370 extingui.
1178 313 1266 357 Sed
1301 317 1347 358 et
1381 315 1429 357 in
1463 317 1591 359 sexto
1609 330 1636 360 c

127 385 241 428 libro
273 385 327 427 de
361 384 524 427 eisdem
558 383 668 426 talia
697 382 862 426 scribit.
923 382 982 424 Et
1015 397 1178 433 eorum,
1213 384 1372 440 inquit,
1402 384 1478 440 qui
1512 399 1593 441 per

127 456 268 497 totam
301 453 529 497 ciuitatem
563 451 696 494 famis
726 451 875 494 inedia
909 452 1315 508 corrumpebantur,
1348 453 1591 496 multitudo

126 521 460 565 innumerabilis
491 523 598 571 erat,
633 534 819 576 quorum
858 534 937 563 nec
971 520 1183 576 explicari
1223 521 1400 564 miseria
1433 525 1591 578 potest.

89 606 109 641 5
127 590 210 633 Per
247 589 445 647 singulas
484 603 674 646 namque
717 589 880 639 domos,
922 588 1062 631 sicubi
1102 588 1271 645 aliquid
1311 588 1469 632 fuisset
1503 591 1590 634 cibi

125 661 360 716 repertum,
399 658 516 702 bella
553 658 763 701 continuo
803 660 848 700 et
892 657 1019 701 cedes
1062 658 1180 700 inter
1224 672 1348 700 caros
1388 659 1592 715 ipsosque

124 730 328 784 parentes
348 741 399 770 ac
419 727 579 770 liberos
602 726 908 776 nascebantur,
928 725 1034 768 dum
1060 741 1149 770 non
1171 727 1313 770 solum
1335 742 1358 769 e
1386 728 1591 770 manibus

125 796 202 840 sed
231 811 287 840 ex
316 796 424 853 ipsis
453 797 587 840 etiam
618 796 820 839 faucibus
854 795 1043 839 inuicem
1078 796 1226 839 cibum
1261 811 1415 853 rapere
1449 800 1590 839 certa-

125 865 244 909 bant.
319 866 449 909 Fides
480 868 629 908 autem
663 879 743 908 nec
782 865 969 908 mortuis
1003 868 1122 918 erat3
1166 865 1243 908 sed
1278 868 1324 908 et
1362 865 1458 922 ipsi,
1490 879 1590 908 cum

67 952 110 978 ιο
125 933 214 977 iam
249 934 455 991 spiritum
490 934 762 984 exhalarent,
794 933 1187 990 perscrutabantur
1219 948 1247 976 a
1281 934 1590 991 praedonibus,

125 1018 181 1047 ne
214 1004 286 1047 cui
321 1003 435 1047 forte
474 1004 595 1047 intra
627 1003 845 1060 gremium
879 1002 967 1046 cibi
1001 1003 1170 1060 aliquid
1205 1004 1427 1047 resideret.
1498 1004 1589 1046 Alii

123 1074 273 1116 autem
303 1087 382 1130 per
410 1072 602 1116 inediam
632 1072 807 1115 hiantes
838 1072 964 1115 uelut
999 1072 1142 1115 rabidi
1172 1087 1302 1116 canes
1332 1073 1418 1116 huc
1452 1076 1588 1130 atque

124 1141 210 1184 huc
249 1140 519 1192 ferebantur,
557 1144 603 1184 et
649 1141 775 1198 quasi
819 1140 993 1185 insania
1042 1141 1233 1198 quadam
1280 1142 1497 1199 exagitati
1541 1143 1589 1185 in

125 1210 298 1254 easdem
333 1211 484 1254 domos
518 1210 602 1254 sub
636 1213 858 1253 momento
890 1210 1100 1267 temporis
1135 1210 1298 1254 iterum
1331 1226 1382 1255 ac
1414 1213 1588 1269 saepius
1605 1211 1635 1251 d

66 1296 108 1333 ις
125 1279 364 1323 irruebant.
439 1279 600 1324 Omnia
638 1283 788 1323 tamen
827 1280 1063 1324 necessitas
1101 1281 1306 1324 uertebat
1344 1282 1391 1324 in
1430 1282 1590 1334 cibum,

95 1343 97 1346 ¹
125 1348 259 1392 etiam
290 1349 378 1400 illa,
413 1364 525 1406 quae
557 1364 612 1392 ne
646 1350 783 1392 mutis
815 1349 992 1406 quidem
1024 1350 1290 1393 animalibus
1322 1351 1449 1394 edere
1483 1366 1591 1394 usus

123 1417 225 1462 fuit.
283 1419 355 1462 Ad
384 1419 592 1462 ultimum
623 1434 679 1461 ne
706 1418 811 1462 loris
838 1419 1016 1475 quidem
1049 1419 1120 1462 uel
1150 1420 1340 1477 cingulis
1370 1424 1451 1464 aut
1479 1421 1588 1478 ipsis

123 1487 419 1532 calciamentis
467 1480 731 1532 abstinuere.
809 1488 1046 1531 Scutorum
1096 1504 1269 1546 quoque
1327 1490 1590 1534 indumenta

124 1556 406 1602 detrahentes
453 1558 722 1602 conficienda
767 1557 975 1601 dentibus
1018 1558 1290 1616 ingerebant.
1371 1560 1588 1603 Nonnulli

65 1643 107 1668 ιο
125 1628 170 1669 et
219 1625 311 1670 feni
355 1628 519 1671 ueteris
562 1627 754 1672 festucas
800 1627 1001 1678 edebant,
1039 1628 1115 1670 sed
1161 1631 1207 1671 et
1245 1629 1300 1672 de
1339 1629 1590 1686 quisquiliis

123 1694 314 1808 {ouantis
356 1696 667 1754 paruissimum
710 1696 883 1754 pondus
922 1696 1118 1755 dragmis
1166 1701 1379 1755 quattuor
1427 1699 1586 1742 distra-

155 1764 298 1809 ebant.

191 1933 295 1992 Cap.
317 1938 356 1979 6.
388 1937 451 1980 De
479 1936 638 1981 Maria
656 1951 770 1994 quae
788 1937 919 1994 fame
938 1942 1122 1995 urgente
1141 1939 1328 1983 comedit
1347 1940 1527 1996 filium.

185 2044 271 2089 Sed
292 2046 398 2103 quid
418 2061 528 2104 opus
547 2050 615 2091 est
633 2062 712 2105 per
731 2048 838 2092 haec
859 2049 1030 2106 pondus
1050 2049 1182 2092 famis
1202 2049 1322 2092 illius
1335 2050 1585 2107 explicare?

68 2133 108 2168 ²5
125 2129 224 2158 cum
268 2118 441 2173 gestum
487 2117 547 2160 sit
591 2118 653 2160 ibi
694 2117 877 2168 facinus,
917 2119 1034 2175 quod
1073 2134 1215 2176 neque
1262 2119 1381 2176 apud
1422 2119 1583 2163 Grecos
1601 2131 1683 2171 424
1703 2132 1733 2161 a

124 2198 264 2241 neque
308 2185 426 2242 apud
465 2186 675 2230 barbaros
717 2187 835 2230 ullus
874 2188 1041 2244 accepit
1083 2189 1275 2238 auditus,
1315 2189 1585 2232 horrendum

125 2253 300 2310 quidem
334 2254 467 2306 dictu,
498 2256 655 2299 auditu
685 2271 791 2300 uero
821 2257 1088 2301 incredibile.
1151 2258 1366 2314 Equidem
1396 2258 1586 2302 libenter

123 2323 217 2365 tam
250 2322 439 2366 immane
473 2323 646 2368 facinus
675 2326 903 2376 siluissem,
928 2342 983 2370 ne
1014 2327 1112 2384 quis
1136 2342 1206 2370 me
1235 2328 1432 2371 crederet
1462 2343 1584 2371 mon-

125 2393 297 2434 struosa
322 2407 512 2443 narrare,
532 2394 617 2437 nisi
645 2395 807 2438 multos
836 2397 1072 2439 memoriae
1098 2399 1274 2440 nostrae
1302 2398 1422 2440 uiros
1442 2400 1585 2441 ‘testes

68 2476 111 2509 30
126 2460 342 2503 commissi
366 2462 538 2506 sceleris
564 2464 827 2508 habuissem.
888 2465 1023 2508 Porro
1051 2481 1157 2508 uero
1183 2481 1239 2509 ne
1266 2466 1434 2522 aliquid
1462 2482 1584 2510 meae

127 2529 295 2584 patriae
324 2534 547 2586 praestare
576 2547 646 2575 me
675 2534 876 2586 arbitrer,
897 2535 934 2577 si
965 2535 1223 2577 subtraham
1256 2550 1406 2578 eorum
1436 2537 1584 2586 uerba,

128 2611 312 2653 quorum
339 2600 521 2654 pertulit
546 2600 676 2646 facta.
734 2603 895 2646 Mulier
914 2604 1129 2661 quaedam
1151 2619 1206 2647 ex
1226 2605 1307 2655 his,
1327 2620 1439 2662 quae
1465 2606 1586 2648 ultra

131 2736 146 2763 1
175 2728 256 2763 Post
273 2727 344 2764 Sed
360 2740 427 2765 om.
447 2731 486 2766 et
503 2729 568 2766 SM
685 2731 756 2767 vito
773 2733 798 2769 S
966 2744 987 2770 2
1013 2734 1147 2780 inquid
1163 2735 1197 2770 A
1370 2746 1412 2772 12
1437 2736 1583 2781 autem]

128 2773 302 2828 etiam-M
418 2776 532 2813 uelud
548 2778 582 2812 A
737 2790 778 2816 21
806 2779 899 2816 iiiior
916 2781 1046 2817 CBMS
1199 2793 1243 2827 23
1265 2788 1346 2829 post
1361 2783 1482 2819 filium
1499 2786 1583 2820 add.

127 2832 323 2867 proprium
340 2820 364 2857 S
381 2824 421 2858 in
436 2825 534 2860 rubr.
552 2836 628 2871 cap.
642 2829 762 2872 praes.
906 2837 949 2872 27
976 2828 1027 2864 Et
1043 2828 1194 2875 quidem
1214 2830 1254 2866 M

1434 2911 1474 2945 79
