<?xml version="1.0" encoding="UTF-8"?>
<!DOCTYPE html PUBLIC "-//W3C//DTD XHTML 1.0 Transitional//EN"
    "http://www.w3.org/TR/xhtml1/DTD/xhtml1-transitional.dtd">
<html xmlns="http://www.w3.org/1999/xhtml" xml:lang="en" lang="en">
 <head>
  <title>
</title>
<meta http-equiv="Content-Type" content="text/html;charset=utf-8" />
  <meta name='ocr-system' content='tesseract 3.04.00' />
  <meta name='ocr-capabilities' content='ocr_page ocr_carea ocr_par ocr_line ocrx_word'/>
</head>
<body>
  <div class='ocr_page' id='page_1' title='image "./policraticisived01john_0319.png"; bbox 0 0 1994 3190; ppageno 0'>
   <div class='ocr_carea' id='block_1_1' title="bbox 0 131 1787 341">
    <p class='ocr_par' dir='ltr' id='par_1_1' title="bbox 0 131 1787 341">
     <span class='ocr_line' id='line_1_1' title="bbox 0 131 3 157; baseline 0 0"><span class='ocrx_word' id='word_1_1' title='bbox 0 131 3 157; x_wconf 94' lang='grc' dir='ltr'>Ι</span> 
     </span>
     <span class='ocr_line' id='line_1_2' title="bbox 0 164 1787 341; baseline -0.006 -95"><span class='ocrx_word' id='word_1_2' title='bbox 0 164 5 341; x_wconf 55' lang='lat' dir='ltr'><strong>j</strong></span> <span class='ocrx_word' id='word_1_3' title='bbox 182 211 282 245; x_wconf 72' lang='lat' dir='ltr'><strong>OAP.</strong></span> <span class='ocrx_word' id='word_1_4' title='bbox 297 197 410 259; x_wconf 76' lang='lat' dir='ltr'><strong>vlu]</strong></span> <span class='ocrx_word' id='word_1_5' title='bbox 692 195 1149 241; x_wconf 84' lang='lat' dir='ltr'><strong>POLICRATIOVS-</strong></span> <span class='ocrx_word' id='word_1_6' title='bbox 1658 206 1739 246; x_wconf 83' lang='lat'><strong>530</strong></span> <span class='ocrx_word' id='word_1_7' title='bbox 1757 196 1787 235; x_wconf 86' lang='lat' dir='ltr'><strong>d</strong></span> 
     </span>
    </p>
   </div>
   <div class='ocr_carea' id='block_1_2' title="bbox 0 305 1780 2248">
    <p class='ocr_par' dir='ltr' id='par_1_2' title="bbox 0 305 1780 2248">
     <span class='ocr_line' id='line_1_3' title="bbox 180 305 1643 378; baseline -0.001 -15"><span class='ocrx_word' id='word_1_8' title='bbox 180 319 454 378; x_wconf 86' lang='lat' dir='ltr'><strong>sapientiam,</strong></span> <span class='ocrx_word' id='word_1_9' title='bbox 493 305 539 361; x_wconf 84' lang='lat' dir='ltr'><strong>et</strong></span> <span class='ocrx_word' id='word_1_10' title='bbox 581 317 636 361; x_wconf 89' lang='lat' dir='ltr'><strong>de</strong></span> <span class='ocrx_word' id='word_1_11' title='bbox 680 331 733 360; x_wconf 87' lang='lat' dir='ltr'><strong>ea</strong></span> <span class='ocrx_word' id='word_1_12' title='bbox 771 316 833 360; x_wconf 91' lang='lat' dir='ltr'><strong>sic</strong></span> <span class='ocrx_word' id='word_1_13' title='bbox 882 316 1101 359; x_wconf 87' lang='lat' dir='ltr'><strong>iustitiam</strong></span> <span class='ocrx_word' id='word_1_14' title='bbox 1147 321 1368 375; x_wconf 76' lang='lat' dir='ltr'><strong>operatur,</strong></span> <span class='ocrx_word' id='word_1_15' title='bbox 1408 319 1525 376; x_wconf 90' lang='lat' dir='ltr'><strong>quod</strong></span> <span class='ocrx_word' id='word_1_16' title='bbox 1569 319 1643 363; x_wconf 82' lang='lat' dir='ltr'><strong>lex</strong></span> 
     </span>
     <span class='ocr_line' id='line_1_4' title="bbox 179 385 1643 443; baseline -0.001 -11"><span class='ocrx_word' id='word_1_17' title='bbox 179 387 436 432; x_wconf 85' lang='lat' dir='ltr'><strong>clementiae</strong></span> <span class='ocrx_word' id='word_1_18' title='bbox 464 400 637 443; x_wconf 90' lang='lat' dir='ltr'><strong>semper</strong></span> <span class='ocrx_word' id='word_1_19' title='bbox 665 388 733 429; x_wconf 88' lang='lat' dir='ltr'><strong>est</strong></span> <span class='ocrx_word' id='word_1_20' title='bbox 761 385 809 428; x_wconf 92' lang='lat' dir='ltr'><strong>in</strong></span> <span class='ocrx_word' id='word_1_21' title='bbox 838 385 993 442; x_wconf 89' lang='lat' dir='ltr'><strong>lingua</strong></span> <span class='ocrx_word' id='word_1_22' title='bbox 1025 385 1144 438; x_wconf 83' lang='lat' dir='ltr'><strong>eius3</strong></span> <span class='ocrx_word' id='word_1_23' title='bbox 1189 390 1235 430; x_wconf 87' lang='lat' dir='ltr'><strong>et</strong></span> <span class='ocrx_word' id='word_1_24' title='bbox 1268 388 1330 431; x_wconf 88' lang='lat' dir='ltr'><strong>sic</strong></span> <span class='ocrx_word' id='word_1_25' title='bbox 1364 388 1643 432; x_wconf 90' lang='lat' dir='ltr'><strong>clementiam</strong></span> 
     </span>
     <span class='ocr_line' id='line_1_5' title="bbox 179 453 1642 514; baseline -0.001 -13"><span class='ocrx_word' id='word_1_26' title='bbox 179 458 399 514; x_wconf 57' lang='lat' dir='ltr'><strong>Mperat</strong></span> <span class='ocrx_word' id='word_1_27' title='bbox 424 455 569 512; x_wconf 87' lang='lat' dir='ltr'><strong>rigore</strong></span> <span class='ocrx_word' id='word_1_28' title='bbox 596 454 805 504; x_wconf 90' lang='lat' dir='ltr'><strong>iustitiae,</strong></span> <span class='ocrx_word' id='word_1_29' title='bbox 825 453 943 510; x_wconf 91' lang='lat' dir='ltr'><strong>quod</strong></span> <span class='ocrx_word' id='word_1_30' title='bbox 970 453 1125 511; x_wconf 87' lang='lat' dir='ltr'><strong>lingua</strong></span> <span class='ocrx_word' id='word_1_31' title='bbox 1148 455 1242 498; x_wconf 90' lang='lat' dir='ltr'><strong>eius</strong></span> <span class='ocrx_word' id='word_1_32' title='bbox 1256 456 1477 507; x_wconf 25' lang='lat' dir='ltr'><strong>*iudicium</strong></span> <span class='ocrx_word' id='word_1_33' title='bbox 1501 458 1642 514; x_wconf 91' lang='lat' dir='ltr'><strong>loqui·</strong></span> 
     </span>
     <span class='ocr_line' id='line_1_6' title="bbox 179 522 1642 580; baseline -0.001 -10"><span class='ocrx_word' id='word_1_34' title='bbox 179 528 268 570; x_wconf 82' lang='lat' dir='ltr'><strong>tur.</strong></span> <span class='ocrx_word' id='word_1_35' title='bbox 332 524 488 568; x_wconf 90' lang='lat' dir='ltr'><strong>Officio</strong></span> <span class='ocrx_word' id='word_1_36' title='bbox 525 537 715 580; x_wconf 82' lang='lat' dir='ltr'><strong>namque</strong></span> <span class='ocrx_word' id='word_1_37' title='bbox 755 522 849 565; x_wconf 90' lang='lat' dir='ltr'><strong>eius</strong></span> <span class='ocrx_word' id='word_1_38' title='bbox 889 522 1063 565; x_wconf 86' lang='lat' dir='ltr'><strong>iustitia</strong></span> <span class='ocrx_word' id='word_1_39' title='bbox 1102 523 1150 565; x_wconf 92' lang='lat' dir='ltr'><strong>in</strong></span> <span class='ocrx_word' id='word_1_40' title='bbox 1189 524 1401 567; x_wconf 84' lang='lat' dir='ltr'><strong>iudicium</strong></span> <span class='ocrx_word' id='word_1_41' title='bbox 1437 527 1642 577; x_wconf 89' lang='lat' dir='ltr'><strong>uertitur,</strong></span> 
     </span>
     <span class='ocr_line' id='line_1_7' title="bbox 141 592 1642 652; baseline 0 -14"><span class='ocrx_word' id='word_1_42' title='bbox 141 611 160 644; x_wconf 82' lang='lat'>⁵</span> <span class='ocrx_word' id='word_1_43' title='bbox 179 609 232 639; x_wconf 89' lang='lat' dir='ltr'><strong>ea</strong></span> <span class='ocrx_word' id='word_1_44' title='bbox 260 593 438 652; x_wconf 91' lang='lat' dir='ltr'><strong>quidem</strong></span> <span class='ocrx_word' id='word_1_45' title='bbox 464 593 736 643; x_wconf 69' lang='lat' dir='ltr'><strong>necessitate,</strong></span> <span class='ocrx_word' id='word_1_46' title='bbox 759 594 812 635; x_wconf 90' lang='lat' dir='ltr'><strong>ut</strong></span> <span class='ocrx_word' id='word_1_47' title='bbox 843 605 1001 634; x_wconf 86' lang='lat' dir='ltr'><strong>uacare</strong></span> <span class='ocrx_word' id='word_1_48' title='bbox 1031 606 1120 634; x_wconf 91' lang='lat' dir='ltr'><strong>non</strong></span> <span class='ocrx_word' id='word_1_49' title='bbox 1150 592 1280 635; x_wconf 90' lang='lat' dir='ltr'><strong>liceat</strong></span> <span class='ocrx_word' id='word_1_50' title='bbox 1310 594 1418 650; x_wconf 90' lang='lat' dir='ltr'><strong>quin</strong></span> <span class='ocrx_word' id='word_1_51' title='bbox 1448 595 1642 652; x_wconf 87' lang='lat' dir='ltr'><strong>seipsum</strong></span> 
     </span>
     <span class='ocr_line' id='line_1_8' title="bbox 178 660 1641 719; baseline -0.001 -12"><span class='ocrx_word' id='word_1_52' title='bbox 178 663 263 708; x_wconf 88' lang='lat' dir='ltr'><strong>sibi</strong></span> <span class='ocrx_word' id='word_1_53' title='bbox 283 663 442 707; x_wconf 87' lang='lat' dir='ltr'><strong>collato</strong></span> <span class='ocrx_word' id='word_1_54' title='bbox 461 662 677 705; x_wconf 90' lang='lat' dir='ltr'><strong>destituat</strong></span> <span class='ocrx_word' id='word_1_55' title='bbox 696 661 871 704; x_wconf 87' lang='lat' dir='ltr'><strong>honore.</strong></span> <span class='ocrx_word' id='word_1_56' title='bbox 932 660 1087 704; x_wconf 87' lang='lat' dir='ltr'><strong>Honor</strong></span> <span class='ocrx_word' id='word_1_57' title='bbox 1107 662 1271 704; x_wconf 91' lang='lat' dir='ltr'><strong>etenim</strong></span> <span class='ocrx_word' id='word_1_58' title='bbox 1292 662 1409 719; x_wconf 87' lang='lat' dir='ltr'><strong>regis</strong></span> <span class='ocrx_word' id='word_1_59' title='bbox 1428 663 1641 706; x_wconf 88' lang='lat' dir='ltr'><strong>iudicium</strong></span> 
     </span>
     <span class='ocr_line' id='line_1_9' title="bbox 179 730 1642 790; baseline -0.001 -14"><span class='ocrx_word' id='word_1_60' title='bbox 179 732 327 790; x_wconf 81' lang='lat' dir='ltr'><strong>diligit</strong></span> <span class='ocrx_word' id='word_1_61' title='bbox 352 735 398 776; x_wconf 87' lang='lat' dir='ltr'><strong>et</strong></span> <span class='ocrx_word' id='word_1_62' title='bbox 427 731 778 788; x_wconf 88' lang='lat' dir='ltr'><strong>delinquentium</strong></span> <span class='ocrx_word' id='word_1_63' title='bbox 804 730 955 787; x_wconf 89' lang='lat' dir='ltr'><strong>culpas</strong></span> <span class='ocrx_word' id='word_1_64' title='bbox 982 730 1223 787; x_wconf 89' lang='lat' dir='ltr'><strong>tranquilla</strong></span> <span class='ocrx_word' id='word_1_65' title='bbox 1252 731 1415 774; x_wconf 92' lang='lat' dir='ltr'><strong>mentis</strong></span> <span class='ocrx_word' id='word_1_66' title='bbox 1442 732 1642 774; x_wconf 90' lang='lat' dir='ltr'><strong>modera-</strong></span> 
     </span>
     <span class='ocr_line' id='line_1_10' title="bbox 177 799 1642 858; baseline -0.001 -13"><span class='ocrx_word' id='word_1_67' title='bbox 177 802 297 846; x_wconf 88' lang='lat' dir='ltr'><strong>tione</strong></span> <span class='ocrx_word' id='word_1_68' title='bbox 335 801 581 858; x_wconf 91' lang='lat' dir='ltr'><strong>compescit.</strong></span> <span class='ocrx_word' id='word_1_69' title='bbox 649 799 717 843; x_wconf 94' lang='lat' dir='ltr'><strong>De</strong></span> <span class='ocrx_word' id='word_1_70' title='bbox 756 799 1099 857; x_wconf 73' lang='lat' dir='ltr'><strong>magistratuum</strong></span> <span class='ocrx_word' id='word_1_71' title='bbox 1139 800 1439 843; x_wconf 88' lang='lat' dir='ltr'><strong>moderatione</strong></span> <span class='ocrx_word' id='word_1_72' title='bbox 1478 801 1642 843; x_wconf 91' lang='lat' dir='ltr'><strong>librum</strong></span> 
     </span>
     <span class='ocr_line' id='line_1_11' title="bbox 177 869 1780 928; baseline -0.001 -13"><span class='ocrx_word' id='word_1_73' title='bbox 177 870 324 915; x_wconf 81' lang='lat' dir='ltr'><strong>fertur</strong></span> <span class='ocrx_word' id='word_1_74' title='bbox 351 870 574 928; x_wconf 78' lang='lat' dir='ltr'><strong>scripsisse</strong></span> <span class='ocrx_word' id='word_1_75' title='bbox 604 869 847 921; x_wconf 75' lang='lat' dir='ltr'><strong>PlutarcuS,</strong></span> <span class='ocrx_word' id='word_1_76' title='bbox 872 869 948 926; x_wconf 93' lang='lat' dir='ltr'><strong>qui</strong></span> <span class='ocrx_word' id='word_1_77' title='bbox 978 869 1236 913; x_wconf 80' lang='lat' dir='ltr'><strong>inscribitur</strong></span> <span class='ocrx_word' id='word_1_78' title='bbox 1258 870 1643 927; x_wconf 87' lang='lat' dir='ltr'><strong>Archigramaton,</strong></span> <span class='ocrx_word' id='word_1_79' title='bbox 1661 883 1730 923; x_wconf 85' lang='lat'><strong>531</strong></span> <span class='ocrx_word' id='word_1_80' title='bbox 1751 886 1780 913; x_wconf 90' lang='lat' dir='ltr'><strong>a</strong></span> 
     </span>
     <span class='ocr_line' id='line_1_12' title="bbox 121 938 1642 998; baseline -0.001 -15"><span class='ocrx_word' id='word_1_81' title='bbox 121 952 162 979; x_wconf 73' lang='grc' dir='ltr'><strong>το</strong></span> <span class='ocrx_word' id='word_1_82' title='bbox 178 943 224 984; x_wconf 89' lang='lat' dir='ltr'><strong>et</strong></span> <span class='ocrx_word' id='word_1_83' title='bbox 267 941 577 998; x_wconf 85' lang='lat' dir='ltr'><strong>magistratum</strong></span> <span class='ocrx_word' id='word_1_84' title='bbox 621 953 727 981; x_wconf 91' lang='lat' dir='ltr'><strong>suae</strong></span> <span class='ocrx_word' id='word_1_85' title='bbox 771 938 895 981; x_wconf 91' lang='lat' dir='ltr'><strong>urbis</strong></span> <span class='ocrx_word' id='word_1_86' title='bbox 938 938 995 982; x_wconf 89' lang='lat' dir='ltr'><strong>ad</strong></span> <span class='ocrx_word' id='word_1_87' title='bbox 1044 939 1309 996; x_wconf 84' lang='lat' dir='ltr'><strong>patientiam</strong></span> <span class='ocrx_word' id='word_1_88' title='bbox 1356 942 1402 982; x_wconf 92' lang='lat' dir='ltr'><strong>et</strong></span> <span class='ocrx_word' id='word_1_89' title='bbox 1445 939 1642 983; x_wconf 85' lang='lat' dir='ltr'><strong>iustitiae</strong></span> 
     </span>
     <span class='ocr_line' id='line_1_13' title="bbox 177 1007 1642 1066; baseline -0.002 -13"><span class='ocrx_word' id='word_1_90' title='bbox 177 1009 347 1054; x_wconf 87' lang='lat' dir='ltr'><strong>cultum</strong></span> <span class='ocrx_word' id='word_1_91' title='bbox 377 1009 524 1052; x_wconf 89' lang='lat' dir='ltr'><strong>uerbis</strong></span> <span class='ocrx_word' id='word_1_92' title='bbox 551 1008 797 1052; x_wconf 71' lang='lat' dir='ltr'><strong>instituisse</strong></span> <span class='ocrx_word' id='word_1_93' title='bbox 826 1007 991 1051; x_wconf 89' lang='lat' dir='ltr'><strong>dicitur</strong></span> <span class='ocrx_word' id='word_1_94' title='bbox 1017 1011 1063 1051; x_wconf 93' lang='lat' dir='ltr'><strong>et</strong></span> <span class='ocrx_word' id='word_1_95' title='bbox 1089 1008 1314 1066; x_wconf 84' lang='lat' dir='ltr'><strong>exemplis.</strong></span> <span class='ocrx_word' id='word_1_96' title='bbox 1377 1008 1463 1052; x_wconf 88' lang='lat' dir='ltr'><strong>Hic</strong></span> <span class='ocrx_word' id='word_1_97' title='bbox 1493 1012 1642 1051; x_wconf 89' lang='lat' dir='ltr'><strong>autem</strong></span> 
     </span>
     <span class='ocr_line' id='line_1_14' title="bbox 177 1077 1643 1134; baseline -0.001 -12"><span class='ocrx_word' id='word_1_98' title='bbox 177 1093 355 1123; x_wconf 88' lang='lat' dir='ltr'><strong>seruum</strong></span> <span class='ocrx_word' id='word_1_99' title='bbox 395 1078 599 1130; x_wconf 89' lang='lat' dir='ltr'><strong>habebat,</strong></span> <span class='ocrx_word' id='word_1_100' title='bbox 639 1077 862 1120; x_wconf 91' lang='lat' dir='ltr'><strong>hominem</strong></span> <span class='ocrx_word' id='word_1_101' title='bbox 906 1092 1096 1134; x_wconf 90' lang='lat' dir='ltr'><strong>nequam</strong></span> <span class='ocrx_word' id='word_1_102' title='bbox 1136 1081 1182 1121; x_wconf 95' lang='lat' dir='ltr'><strong>et</strong></span> <span class='ocrx_word' id='word_1_103' title='bbox 1220 1080 1523 1121; x_wconf 76' lang='lat' dir='ltr'><strong>contumacem</strong></span> <span class='ocrx_word' id='word_1_104' title='bbox 1567 1077 1643 1120; x_wconf 87' lang='lat' dir='ltr'><strong>sed</strong></span> 
     </span>
     <span class='ocr_line' id='line_1_15' title="bbox 179 1147 1643 1205; baseline -0.001 -14"><span class='ocrx_word' id='word_1_105' title='bbox 179 1148 435 1192; x_wconf 80' lang='lat' dir='ltr'><strong>liberalibus</strong></span> <span class='ocrx_word' id='word_1_106' title='bbox 480 1147 724 1204; x_wconf 88' lang='lat' dir='ltr'><strong>disciplinis</strong></span> <span class='ocrx_word' id='word_1_107' title='bbox 769 1147 993 1190; x_wconf 89' lang='lat' dir='ltr'><strong>eruditum</strong></span> <span class='ocrx_word' id='word_1_108' title='bbox 1040 1147 1215 1205; x_wconf 86' lang='lat' dir='ltr'><strong>egregie</strong></span> <span class='ocrx_word' id='word_1_109' title='bbox 1259 1150 1304 1190; x_wconf 90' lang='lat' dir='ltr'><strong>et</strong></span> <span class='ocrx_word' id='word_1_110' title='bbox 1351 1147 1643 1190; x_wconf 81' lang='lat' dir='ltr'><strong>exercitatum</strong></span> 
     </span>
     <span class='ocr_line' id='line_1_16' title="bbox 180 1215 1645 1275; baseline -0.001 -14"><span class='ocrx_word' id='word_1_111' title='bbox 180 1217 289 1261; x_wconf 87' lang='lat' dir='ltr'><strong>satis</strong></span> <span class='ocrx_word' id='word_1_112' title='bbox 327 1218 375 1260; x_wconf 91' lang='lat' dir='ltr'><strong>in</strong></span> <span class='ocrx_word' id='word_1_113' title='bbox 418 1217 794 1275; x_wconf 82' lang='lat' dir='ltr'><strong>disputationibus</strong></span> <span class='ocrx_word' id='word_1_114' title='bbox 839 1216 1166 1274; x_wconf 90' lang='lat' dir='ltr'><strong>philosophicis.</strong></span> <span class='ocrx_word' id='word_1_115' title='bbox 1246 1215 1450 1274; x_wconf 87' lang='lat' dir='ltr'><strong>Contigit</strong></span> <span class='ocrx_word' id='word_1_116' title='bbox 1490 1220 1542 1259; x_wconf 91' lang='lat' dir='ltr'><strong>ut</strong></span> <span class='ocrx_word' id='word_1_117' title='bbox 1588 1217 1645 1259; x_wconf 93' lang='lat' dir='ltr'><strong>ob</strong></span> 
     </span>
     <span class='ocr_line' id='line_1_17' title="bbox 122 1286 1646 1344; baseline -0.001 -14"><span class='ocrx_word' id='word_1_118' title='bbox 122 1301 162 1336; x_wconf 82' lang='lat'><strong>15</strong></span> <span class='ocrx_word' id='word_1_119' title='bbox 178 1287 324 1331; x_wconf 90' lang='lat' dir='ltr'><strong>nescio</strong></span> <span class='ocrx_word' id='word_1_120' title='bbox 359 1301 491 1344; x_wconf 91' lang='lat' dir='ltr'><strong>quam</strong></span> <span class='ocrx_word' id='word_1_121' title='bbox 526 1301 689 1329; x_wconf 80' lang='lat' dir='ltr'><strong>noxam</strong></span> <span class='ocrx_word' id='word_1_122' title='bbox 719 1286 758 1329; x_wconf 91' lang='lat' dir='ltr'><strong>ei</strong></span> <span class='ocrx_word' id='word_1_123' title='bbox 788 1286 985 1330; x_wconf 89' lang='lat' dir='ltr'><strong>tunicam</strong></span> <span class='ocrx_word' id='word_1_124' title='bbox 1017 1286 1204 1337; x_wconf 87' lang='lat' dir='ltr'><strong>detrahi,</strong></span> <span class='ocrx_word' id='word_1_125' title='bbox 1232 1286 1442 1344; x_wconf 88' lang='lat' dir='ltr'><strong>caedique</strong></span> <span class='ocrx_word' id='word_1_126' title='bbox 1473 1286 1646 1328; x_wconf 85' lang='lat' dir='ltr'><strong>iuberet</strong></span> 
     </span>
     <span class='ocr_line' id='line_1_18' title="bbox 179 1355 1643 1413; baseline -0.001 -14"><span class='ocrx_word' id='word_1_127' title='bbox 179 1355 422 1400; x_wconf 81' lang='lat' dir='ltr'><strong>Plutarcus,</strong></span> <span class='ocrx_word' id='word_1_128' title='bbox 481 1355 595 1399; x_wconf 91' lang='lat' dir='ltr'><strong>Loro</strong></span> <span class='ocrx_word' id='word_1_129' title='bbox 614 1359 817 1413; x_wconf 89' lang='lat' dir='ltr'><strong>coeperat</strong></span> <span class='ocrx_word' id='word_1_130' title='bbox 837 1355 1061 1399; x_wconf 85' lang='lat' dir='ltr'><strong>uerberari</strong></span> <span class='ocrx_word' id='word_1_131' title='bbox 1088 1355 1352 1408; x_wconf 85' lang='lat' dir='ltr'><strong>duriuscule,</strong></span> <span class='ocrx_word' id='word_1_132' title='bbox 1372 1370 1472 1399; x_wconf 91' lang='lat' dir='ltr'><strong>cum</strong></span> <span class='ocrx_word' id='word_1_133' title='bbox 1494 1360 1643 1399; x_wconf 88' lang='lat' dir='ltr'><strong>tamen</strong></span> 
     </span>
     <span class='ocr_line' id='line_1_19' title="bbox 178 1425 1644 1484; baseline -0.001 -16"><span class='ocrx_word' id='word_1_134' title='bbox 178 1425 448 1469; x_wconf 87' lang='lat' dir='ltr'><strong>infitiaretur</strong></span> <span class='ocrx_word' id='word_1_135' title='bbox 488 1425 675 1483; x_wconf 89' lang='lat' dir='ltr'><strong>culpam,</strong></span> <span class='ocrx_word' id='word_1_136' title='bbox 715 1425 865 1468; x_wconf 91' lang='lat' dir='ltr'><strong>dicens</strong></span> <span class='ocrx_word' id='word_1_137' title='bbox 903 1439 949 1468; x_wconf 93' lang='lat' dir='ltr'><strong>se</strong></span> <span class='ocrx_word' id='word_1_138' title='bbox 993 1426 1130 1469; x_wconf 90' lang='lat' dir='ltr'><strong>nichil</strong></span> <span class='ocrx_word' id='word_1_139' title='bbox 1170 1426 1310 1484; x_wconf 87' lang='lat' dir='ltr'><strong>egisse</strong></span> <span class='ocrx_word' id='word_1_140' title='bbox 1349 1425 1468 1475; x_wconf 91' lang='lat' dir='ltr'><strong>mali,</strong></span> <span class='ocrx_word' id='word_1_141' title='bbox 1507 1425 1644 1468; x_wconf 89' lang='lat' dir='ltr'><strong>nichil</strong></span> 
     </span>
     <span class='ocr_line' id='line_1_20' title="bbox 177 1495 1645 1552; baseline -0.001 -13"><span class='ocrx_word' id='word_1_142' title='bbox 177 1495 351 1539; x_wconf 85' lang='lat' dir='ltr'><strong>sceleris</strong></span> <span class='ocrx_word' id='word_1_143' title='bbox 389 1495 627 1548; x_wconf 84' lang='lat' dir='ltr'><strong>admisisse,</strong></span> <span class='ocrx_word' id='word_1_144' title='bbox 662 1498 707 1538; x_wconf 90' lang='lat' dir='ltr'><strong>et</strong></span> <span class='ocrx_word' id='word_1_145' title='bbox 746 1495 1067 1552; x_wconf 88' lang='lat' dir='ltr'><strong>obloquebatur</strong></span> <span class='ocrx_word' id='word_1_146' title='bbox 1105 1510 1151 1538; x_wconf 87' lang='lat' dir='ltr'><strong>se</strong></span> <span class='ocrx_word' id='word_1_147' title='bbox 1190 1495 1345 1538; x_wconf 91' lang='lat' dir='ltr'><strong>multis</strong></span> <span class='ocrx_word' id='word_1_148' title='bbox 1379 1495 1645 1539; x_wconf 87' lang='lat' dir='ltr'><strong>demeruisse</strong></span> 
     </span>
     <span class='ocr_line' id='line_1_21' title="bbox 177 1564 1645 1622; baseline -0.001 -14"><span class='ocrx_word' id='word_1_149' title='bbox 177 1564 399 1622; x_wconf 87' lang='lat' dir='ltr'><strong>obsequiis</strong></span> <span class='ocrx_word' id='word_1_150' title='bbox 447 1567 499 1608; x_wconf 90' lang='lat' dir='ltr'><strong>ut</strong></span> <span class='ocrx_word' id='word_1_151' title='bbox 538 1564 785 1622; x_wconf 89' lang='lat' dir='ltr'><strong>uapularet.</strong></span> <span class='ocrx_word' id='word_1_152' title='bbox 865 1565 1102 1615; x_wconf 87' lang='lat' dir='ltr'><strong>Postremo,</strong></span> <span class='ocrx_word' id='word_1_153' title='bbox 1133 1579 1233 1608; x_wconf 88' lang='lat' dir='ltr'><strong>cum</strong></span> <span class='ocrx_word' id='word_1_154' title='bbox 1273 1579 1362 1608; x_wconf 91' lang='lat' dir='ltr'><strong>non</strong></span> <span class='ocrx_word' id='word_1_155' title='bbox 1402 1565 1645 1622; x_wconf 88' lang='lat' dir='ltr'><strong>proficeret,</strong></span> 
     </span>
     <span class='ocr_line' id='line_1_22' title="bbox 121 1633 1646 1692; baseline -0.001 -14"><span class='ocrx_word' id='word_1_156' title='bbox 121 1653 164 1678; x_wconf 78' lang='lat' dir='ltr'><strong>ao</strong></span> <span class='ocrx_word' id='word_1_157' title='bbox 178 1633 413 1678; x_wconf 81' lang='lat' dir='ltr'><strong>uociferari</strong></span> <span class='ocrx_word' id='word_1_158' title='bbox 432 1634 576 1692; x_wconf 88' lang='lat' dir='ltr'><strong>coepit</strong></span> <span class='ocrx_word' id='word_1_159' title='bbox 600 1637 646 1677; x_wconf 89' lang='lat' dir='ltr'><strong>et</strong></span> <span class='ocrx_word' id='word_1_160' title='bbox 669 1634 787 1678; x_wconf 90' lang='lat' dir='ltr'><strong>inter</strong></span> <span class='ocrx_word' id='word_1_161' title='bbox 805 1634 1107 1691; x_wconf 90' lang='lat' dir='ltr'><strong>uapulandum</strong></span> <span class='ocrx_word' id='word_1_162' title='bbox 1129 1634 1218 1676; x_wconf 88' lang='lat' dir='ltr'><strong>iam</strong></span> <span class='ocrx_word' id='word_1_163' title='bbox 1238 1649 1327 1677; x_wconf 91' lang='lat' dir='ltr'><strong>non</strong></span> <span class='ocrx_word' id='word_1_164' title='bbox 1348 1634 1646 1691; x_wconf 82' lang='lat' dir='ltr'><strong>querimonias</strong></span> 
     </span>
     <span class='ocr_line' id='line_1_23' title="bbox 180 1704 1647 1762; baseline 0 -15"><span class='ocrx_word' id='word_1_165' title='bbox 180 1706 226 1748; x_wconf 80' lang='lat' dir='ltr'><strong>et</strong></span> <span class='ocrx_word' id='word_1_166' title='bbox 263 1704 455 1762; x_wconf 88' lang='lat' dir='ltr'><strong>gemitus</strong></span> <span class='ocrx_word' id='word_1_167' title='bbox 495 1704 772 1762; x_wconf 90' lang='lat' dir='ltr'><strong>eiulatusque</strong></span> <span class='ocrx_word' id='word_1_168' title='bbox 811 1704 887 1747; x_wconf 89' lang='lat' dir='ltr'><strong>sed</strong></span> <span class='ocrx_word' id='word_1_169' title='bbox 926 1704 1065 1748; x_wconf 91' lang='lat' dir='ltr'><strong>uerba</strong></span> <span class='ocrx_word' id='word_1_170' title='bbox 1104 1705 1219 1747; x_wconf 90' lang='lat' dir='ltr'><strong>seria</strong></span> <span class='ocrx_word' id='word_1_171' title='bbox 1258 1707 1303 1747; x_wconf 90' lang='lat' dir='ltr'><strong>et</strong></span> <span class='ocrx_word' id='word_1_172' title='bbox 1343 1704 1647 1762; x_wconf 75' lang='lat' dir='ltr'><strong>obiurgatoris</strong></span> 
     </span>
     <span class='ocr_line' id='line_1_24' title="bbox 179 1772 1643 1831; baseline -0.001 -14"><span class='ocrx_word' id='word_1_173' title='bbox 179 1772 479 1827; x_wconf 85' lang='lat' dir='ltr'><strong>iaculabatur3</strong></span> <span class='ocrx_word' id='word_1_174' title='bbox 509 1788 589 1817; x_wconf 90' lang='lat' dir='ltr'><strong>nec</strong></span> <span class='ocrx_word' id='word_1_175' title='bbox 616 1774 681 1818; x_wconf 89' lang='lat' dir='ltr'><strong>ita</strong></span> <span class='ocrx_word' id='word_1_176' title='bbox 707 1788 754 1818; x_wconf 92' lang='lat' dir='ltr'><strong>se</strong></span> <span class='ocrx_word' id='word_1_177' title='bbox 777 1774 940 1817; x_wconf 86' lang='lat' dir='ltr'><strong>habere</strong></span> <span class='ocrx_word' id='word_1_178' title='bbox 965 1774 1232 1824; x_wconf 87' lang='lat' dir='ltr'><strong>Plutareum‚</strong></span> <span class='ocrx_word' id='word_1_179' title='bbox 1253 1777 1306 1817; x_wconf 92' lang='lat' dir='ltr'><strong>ut</strong></span> <span class='ocrx_word' id='word_1_180' title='bbox 1332 1774 1643 1831; x_wconf 89' lang='lat' dir='ltr'><strong>philosophum</strong></span> 
     </span>
     <span class='ocr_line' id='line_1_25' title="bbox 0 1842 1690 1902; baseline -0.002 -16"><span class='ocrx_word' id='word_1_181' title='bbox 0 1887 9 1900; x_wconf 24' lang='grc' dir='ltr'><strong>ά,</strong></span> <span class='ocrx_word' id='word_1_182' title='bbox 179 1842 372 1895; x_wconf 84' lang='lat' dir='ltr'><strong>deceret3</strong></span> <span class='ocrx_word' id='word_1_183' title='bbox 406 1843 535 1887; x_wconf 88' lang='lat' dir='ltr'><strong>irasci</strong></span> <span class='ocrx_word' id='word_1_184' title='bbox 560 1846 690 1901; x_wconf 87' lang='lat' dir='ltr'><strong>turpe</strong></span> <span class='ocrx_word' id='word_1_185' title='bbox 721 1859 825 1895; x_wconf 88' lang='lat' dir='ltr'><strong>esse,</strong></span> <span class='ocrx_word' id='word_1_186' title='bbox 853 1844 892 1887; x_wconf 91' lang='lat' dir='ltr'><strong>ei</strong></span> <span class='ocrx_word' id='word_1_187' title='bbox 922 1844 1195 1902; x_wconf 89' lang='lat' dir='ltr'><strong>praesertim,</strong></span> <span class='ocrx_word' id='word_1_188' title='bbox 1222 1844 1299 1901; x_wconf 91' lang='lat' dir='ltr'><strong>qui</strong></span> <span class='ocrx_word' id='word_1_189' title='bbox 1323 1843 1379 1887; x_wconf 89' lang='lat' dir='ltr'><strong>de</strong></span> <span class='ocrx_word' id='word_1_190' title='bbox 1404 1843 1521 1886; x_wconf 88' lang='lat' dir='ltr'><strong>malo</strong></span> <span class='ocrx_word' id='word_1_191' title='bbox 1552 1844 1644 1887; x_wconf 88' lang='lat' dir='ltr'><strong>irae</strong></span> <span class='ocrx_word' id='word_1_192' title='bbox 1659 1845 1690 1882; x_wconf 87' lang='lat' dir='ltr'><strong>b</strong></span> 
     </span>
     <span class='ocr_line' id='line_1_26' title="bbox 0 1901 1645 1979; baseline 0 -23"><span class='ocrx_word' id='word_1_193' title='bbox 0 1901 13 1979; x_wconf 56' lang='grc' dir='ltr'><strong>’ξ</strong></span> <span class='ocrx_word' id='word_1_194' title='bbox 179 1912 352 1970; x_wconf 87' lang='lat' dir='ltr'><strong>saepius</strong></span> <span class='ocrx_word' id='word_1_195' title='bbox 386 1912 702 1956; x_wconf 88' lang='lat' dir='ltr'><strong>dissertauerat</strong></span> <span class='ocrx_word' id='word_1_196' title='bbox 740 1913 989 1970; x_wconf 88' lang='lat' dir='ltr'><strong>librumque</strong></span> <span class='ocrx_word' id='word_1_197' title='bbox 1029 1913 1375 1970; x_wconf 86' lang='lat' dir='ltr'><strong>pulcherrimum</strong></span> <span class='ocrx_word' id='word_1_198' title='bbox 1409 1913 1645 1970; x_wconf 86' lang='lat' dir='ltr'><strong>scripserat</strong></span> 
     </span>
     <span class='ocr_line' id='line_1_27' title="bbox 0 1981 1646 2040; baseline 0.001 -18"><span class='ocrx_word' id='word_1_199' title='bbox 0 1982 14 2040; x_wconf 68' lang='grc' dir='ltr'><strong>,ξ</strong></span> <span class='ocrx_word' id='word_1_200' title='bbox 122 1995 164 2031; x_wconf 74' lang='lat'><strong>²5</strong></span> <span class='ocrx_word' id='word_1_201' title='bbox 180 1981 235 2024; x_wconf 87' lang='lat' dir='ltr'><strong>de</strong></span> <span class='ocrx_word' id='word_1_202' title='bbox 264 1981 491 2039; x_wconf 85' lang='lat' dir='ltr'><strong>patientia.</strong></span> <span class='ocrx_word' id='word_1_203' title='bbox 550 1982 784 2026; x_wconf 91' lang='lat' dir='ltr'><strong>Adiciebat</strong></span> <span class='ocrx_word' id='word_1_204' title='bbox 814 1997 907 2026; x_wconf 88' lang='lat' dir='ltr'><strong>esse</strong></span> <span class='ocrx_word' id='word_1_205' title='bbox 941 1983 1214 2040; x_wconf 89' lang='lat' dir='ltr'><strong>probrosum,</strong></span> <span class='ocrx_word' id='word_1_206' title='bbox 1246 1982 1364 2040; x_wconf 90' lang='lat' dir='ltr'><strong>quod</strong></span> <span class='ocrx_word' id='word_1_207' title='bbox 1398 1982 1646 2026; x_wconf 88' lang='lat' dir='ltr'><strong>doctrinam</strong></span> 
     </span>
     <span class='ocr_line' id='line_1_28' title="bbox 1 2043 1647 2110; baseline -0.001 -16"><span class='ocrx_word' id='word_1_208' title='bbox 1 2043 10 2073; x_wconf 60' lang='lat'><strong>‘³</strong></span> <span class='ocrx_word' id='word_1_209' title='bbox 179 2065 305 2094; x_wconf 87' lang='lat' dir='ltr'><strong>suam</strong></span> <span class='ocrx_word' id='word_1_210' title='bbox 336 2051 532 2094; x_wconf 87' lang='lat' dir='ltr'><strong>moribus</strong></span> <span class='ocrx_word' id='word_1_211' title='bbox 567 2052 871 2109; x_wconf 86' lang='lat' dir='ltr'><strong>impugnabat,</strong></span> <span class='ocrx_word' id='word_1_212' title='bbox 905 2067 956 2095; x_wconf 95' lang='lat' dir='ltr'><strong>eo</strong></span> <span class='ocrx_word' id='word_1_213' title='bbox 989 2052 1106 2109; x_wconf 94' lang='lat' dir='ltr'><strong>quod</strong></span> <span class='ocrx_word' id='word_1_214' title='bbox 1139 2067 1166 2095; x_wconf 92' lang='lat' dir='ltr'><strong>a</strong></span> <span class='ocrx_word' id='word_1_215' title='bbox 1195 2052 1357 2095; x_wconf 87' lang='lat' dir='ltr'><strong>mentis</strong></span> <span class='ocrx_word' id='word_1_216' title='bbox 1386 2052 1647 2110; x_wconf 86' lang='lat' dir='ltr'><strong>integritate</strong></span> 
     </span>
     <span class='ocr_line' id='line_1_29' title="bbox 179 2120 1648 2180; baseline -0.001 -16"><span class='ocrx_word' id='word_1_217' title='bbox 179 2120 420 2179; x_wconf 87' lang='lat' dir='ltr'><strong>prolapsus,</strong></span> <span class='ocrx_word' id='word_1_218' title='bbox 455 2122 619 2164; x_wconf 87' lang='lat' dir='ltr'><strong>effusus</strong></span> <span class='ocrx_word' id='word_1_219' title='bbox 659 2125 704 2164; x_wconf 92' lang='lat' dir='ltr'><strong>et</strong></span> <span class='ocrx_word' id='word_1_220' title='bbox 735 2121 998 2180; x_wconf 90' lang='lat' dir='ltr'><strong>prouolutus</strong></span> <span class='ocrx_word' id='word_1_221' title='bbox 1031 2122 1078 2164; x_wconf 91' lang='lat' dir='ltr'><strong>in</strong></span> <span class='ocrx_word' id='word_1_222' title='bbox 1113 2121 1238 2172; x_wconf 88' lang='lat' dir='ltr'><strong>iram,</strong></span> <span class='ocrx_word' id='word_1_223' title='bbox 1268 2121 1472 2180; x_wconf 89' lang='lat' dir='ltr'><strong>plurimis</strong></span> <span class='ocrx_word' id='word_1_224' title='bbox 1503 2121 1648 2179; x_wconf 89' lang='lat' dir='ltr'><strong>plagis</strong></span> 
     </span>
     <span class='ocr_line' id='line_1_30' title="bbox 179 2189 1647 2248; baseline 0 -16"><span class='ocrx_word' id='word_1_225' title='bbox 179 2189 414 2234; x_wconf 85' lang='lat' dir='ltr'><strong>mulctaret</strong></span> <span class='ocrx_word' id='word_1_226' title='bbox 452 2190 696 2234; x_wconf 87' lang='lat' dir='ltr'><strong>innoxium.</strong></span> <span class='ocrx_word' id='word_1_227' title='bbox 767 2190 839 2234; x_wconf 86' lang='lat' dir='ltr'><strong>Ad</strong></span> <span class='ocrx_word' id='word_1_228' title='bbox 878 2191 985 2235; x_wconf 87' lang='lat' dir='ltr'><strong>haec</strong></span> <span class='ocrx_word' id='word_1_229' title='bbox 1025 2190 1270 2243; x_wconf 89' lang='lat' dir='ltr'><strong>Plutarcus,</strong></span> <span class='ocrx_word' id='word_1_230' title='bbox 1309 2191 1427 2234; x_wconf 89' lang='lat' dir='ltr'><strong>lente</strong></span> <span class='ocrx_word' id='word_1_231' title='bbox 1468 2190 1647 2248; x_wconf 89' lang='lat' dir='ltr'><strong>quidem</strong></span> 
     </span>
    </p>
   </div>
   <div class='ocr_carea' id='block_1_3' title="bbox 0 877 22 1255">
    <p class='ocr_par' dir='ltr' id='par_1_3' title="bbox 0 877 22 1255">
     <span class='ocr_line' id='line_1_31' title="bbox 0 877 22 1255; baseline 0 -342"><span class='ocrx_word' id='word_1_232' title='bbox 0 877 22 1255; x_wconf 95' lang='lat' dir='ltr'><strong>  </strong></span> 
     </span>
    </p>
   </div>
   <div class='ocr_carea' id='block_1_4' title="bbox 181 2287 1648 2383">
    <p class='ocr_par' dir='ltr' id='par_1_4' title="bbox 181 2287 1648 2383">
     <span class='ocr_line' id='line_1_32' title="bbox 181 2287 1647 2370; baseline 0.001 -46"><span class='ocrx_word' id='word_1_233' title='bbox 181 2287 361 2370; x_wconf 45' lang='lat' dir='ltr'><strong>&amp;uigore</strong></span> <span class='ocrx_word' id='word_1_234' title='bbox 381 2287 446 2324; x_wconf 84' lang='lat' dir='ltr'><strong>SM</strong></span> <span class='ocrx_word' id='word_1_235' title='bbox 461 2299 470 2324; x_wconf 73' lang='grc' dir='ltr'>ε</span> <span class='ocrx_word' id='word_1_236' title='bbox 496 2294 620 2325; x_wconf 80' lang='lat' dir='ltr'><strong>utrum</strong></span> <span class='ocrx_word' id='word_1_237' title='bbox 636 2289 764 2326; x_wconf 76' lang='lat' dir='ltr'><strong>habere</strong></span> <span class='ocrx_word' id='word_1_238' title='bbox 777 2290 935 2343; x_wconf 38' lang='lat' dir='ltr'><strong>nol-uerit</strong></span> <span class='ocrx_word' id='word_1_239' title='bbox 950 2288 983 2324; x_wconf 84' lang='lat' dir='ltr'>A</span> <span class='ocrx_word' id='word_1_240' title='bbox 997 2290 1174 2344; x_wconf 62' lang='lat' dir='ltr'><strong>incer-qum</strong></span> <span class='ocrx_word' id='word_1_241' title='bbox 1187 2294 1237 2325; x_wconf 66' lang='lat' dir='ltr'><strong>est</strong></span> <span class='ocrx_word' id='word_1_242' title='bbox 1333 2298 1379 2326; x_wconf 84' lang='lat'><strong>22</strong></span> <span class='ocrx_word' id='word_1_243' title='bbox 1403 2288 1647 2342; x_wconf 75' lang='lat' dir='ltr'><strong>plutarchum</strong></span> 
     </span>
     <span class='ocr_line' id='line_1_33' title="bbox 287 2334 1648 2383; baseline 0.001 -12"><span class='ocrx_word' id='word_1_244' title='bbox 287 2334 562 2383; x_wconf 80' lang='lat' dir='ltr'><strong>phylosophum</strong></span> <span class='ocrx_word' id='word_1_245' title='bbox 578 2336 618 2372; x_wconf 90' lang='lat' dir='ltr'>M</span> <span class='ocrx_word' id='word_1_246' title='bbox 738 2347 790 2382; x_wconf 57' lang='lat'><strong>23&gt;</strong></span> <span class='ocrx_word' id='word_1_247' title='bbox 808 2337 953 2373; x_wconf 80' lang='lat' dir='ltr'><strong>diceret</strong></span> <span class='ocrx_word' id='word_1_248' title='bbox 970 2336 1011 2372; x_wconf 98' lang='lat' dir='ltr'>M</span> <span class='ocrx_word' id='word_1_249' title='bbox 1081 2347 1118 2372; x_wconf 83' lang='lat' dir='ltr'><strong>ei</strong></span> <span class='ocrx_word' id='word_1_250' title='bbox 1134 2348 1212 2373; x_wconf 84' lang='lat' dir='ltr'><strong>esse</strong></span> <span class='ocrx_word' id='word_1_251' title='bbox 1231 2335 1270 2372; x_wconf 87' lang='lat' dir='ltr'>M</span> <span class='ocrx_word' id='word_1_252' title='bbox 1377 2346 1423 2381; x_wconf 84' lang='lat'><strong>24</strong></span> <span class='ocrx_word' id='word_1_253' title='bbox 1439 2336 1648 2383; x_wconf 81' lang='lat' dir='ltr'><strong>puchenm-</strong></span> 
     </span>
    </p>
   </div>
   <div class='ocr_carea' id='block_1_5' title="bbox 181 2381 1649 2504">
    <p class='ocr_par' dir='ltr' id='par_1_5' title="bbox 181 2381 1649 2504">
     <span class='ocr_line' id='line_1_34' title="bbox 181 2381 1194 2431; baseline 0.002 -13"><span class='ocrx_word' id='word_1_254' title='bbox 181 2393 286 2418; x_wconf 86' lang='lat' dir='ltr'><strong>mum</strong></span> <span class='ocrx_word' id='word_1_255' title='bbox 302 2381 331 2418; x_wconf 87' lang='lat' dir='ltr'>C</span> <span class='ocrx_word' id='word_1_256' title='bbox 472 2385 517 2420; x_wconf 89' lang='grc'><strong>28</strong></span> <span class='ocrx_word' id='word_1_257' title='bbox 543 2383 726 2421; x_wconf 79' lang='lat' dir='ltr'><strong>multaret</strong></span> <span class='ocrx_word' id='word_1_258' title='bbox 742 2383 815 2420; x_wconf 87' lang='lat' dir='ltr'><strong>AM</strong></span> <span class='ocrx_word' id='word_1_259' title='bbox 912 2383 1138 2431; x_wconf 87' lang='lat' dir='ltr'><strong>plutarchus</strong></span> <span class='ocrx_word' id='word_1_260' title='bbox 1155 2383 1194 2419; x_wconf 91' lang='grc' dir='ltr'>Μ</span> 
     </span>
     <span class='ocr_line' id='line_1_35' title="bbox 227 2459 1649 2504; baseline 0.001 -12"><span class='ocrx_word' id='word_1_261' title='bbox 227 2467 252 2502; x_wconf 88' lang='grc'><strong>4</strong></span> <span class='ocrx_word' id='word_1_262' title='bbox 275 2459 416 2494; x_wconf 71' lang='lat' dir='ltr'><strong>iustitia</strong></span> <span class='ocrx_word' id='word_1_263' title='bbox 432 2460 473 2494; x_wconf 76' lang='lat' dir='ltr'><strong>in</strong></span> <span class='ocrx_word' id='word_1_264' title='bbox 489 2460 666 2496; x_wconf 75' lang='lat' dir='ltr'><strong>iudicium</strong></span> <span class='ocrx_word' id='word_1_265' title='bbox 681 2461 858 2496; x_wconf 76' lang='lat' dir='ltr'><strong>uertitur:</strong></span> <span class='ocrx_word' id='word_1_266' title='bbox 884 2471 918 2495; x_wconf 87' lang='lat' dir='ltr'><strong>v.</strong></span> <span class='ocrx_word' id='word_1_267' title='bbox 938 2459 996 2496; x_wconf 83' lang='lat' dir='ltr'><strong>Ps.</strong></span> <span class='ocrx_word' id='word_1_268' title='bbox 1014 2459 1118 2496; x_wconf 84' lang='lat' dir='ltr'><strong>xciii.</strong></span> <span class='ocrx_word' id='word_1_269' title='bbox 1140 2470 1153 2496; x_wconf 88' lang='lat'>1</span> <span class='ocrx_word' id='word_1_270' title='bbox 1187 2486 1195 2495; x_wconf 95' lang='lat'><strong>.</strong></span> <span class='ocrx_word' id='word_1_271' title='bbox 1363 2459 1387 2495; x_wconf 92' lang='lat'><strong>6</strong></span> <span class='ocrx_word' id='word_1_272' title='bbox 1411 2459 1542 2495; x_wconf 86' lang='lat' dir='ltr'><strong>Honor</strong></span> <span class='ocrx_word' id='word_1_273' title='bbox 1554 2460 1649 2504; x_wconf 69' lang='lat' dir='ltr'><strong>reyis</strong></span> 
     </span>
    </p>
   </div>
   <div class='ocr_carea' id='block_1_6' title="bbox 177 2503 1649 2881">
    <p class='ocr_par' dir='ltr' id='par_1_6' title="bbox 177 2503 1649 2881">
     <span class='ocr_line' id='line_1_36' title="bbox 181 2503 1647 2553; baseline 0.001 -13"><span class='ocrx_word' id='word_1_274' title='bbox 181 2505 278 2541; x_wconf 90' lang='lat' dir='ltr'><strong>etc.:</strong></span> <span class='ocrx_word' id='word_1_275' title='bbox 304 2503 362 2540; x_wconf 85' lang='lat' dir='ltr'><strong>Ps.</strong></span> <span class='ocrx_word' id='word_1_276' title='bbox 378 2505 501 2542; x_wconf 84' lang='lat' dir='ltr'><strong>xcviii.</strong></span> <span class='ocrx_word' id='word_1_277' title='bbox 524 2516 558 2551; x_wconf 83' lang='grc'><strong>4.</strong></span> <span class='ocrx_word' id='word_1_278' title='bbox 747 2517 770 2553; x_wconf 93' lang='lat'>9</span> <span class='ocrx_word' id='word_1_279' title='bbox 795 2508 1124 2553; x_wconf 72' lang='lat' dir='ltr'><strong>Archiyramaton:</strong></span> <span class='ocrx_word' id='word_1_280' title='bbox 1186 2518 1270 2543; x_wconf 92' lang='lat' dir='ltr'><strong>emo</strong></span> <span class='ocrx_word' id='word_1_281' title='bbox 1295 2508 1446 2553; x_wconf 81' lang='lat' dir='ltr'><strong>praeter</strong></span> <span class='ocrx_word' id='word_1_282' title='bbox 1470 2506 1647 2542; x_wconf 87' lang='lat' dir='ltr'><strong>Nostrum</strong></span> 
     </span>
     <span class='ocr_line' id='line_1_37' title="bbox 181 2550 1648 2601; baseline 0.001 -13"><span class='ocrx_word' id='word_1_283' title='bbox 181 2550 295 2588; x_wconf 86' lang='lat' dir='ltr'><strong>huius</strong></span> <span class='ocrx_word' id='word_1_284' title='bbox 311 2550 401 2587; x_wconf 86' lang='lat' dir='ltr'><strong>libri</strong></span> <span class='ocrx_word' id='word_1_285' title='bbox 413 2552 643 2590; x_wconf 85' lang='lat' dir='ltr'><strong>mentionem</strong></span> <span class='ocrx_word' id='word_1_286' title='bbox 655 2553 769 2597; x_wconf 82' lang='lat' dir='ltr'><strong>feeit;</strong></span> <span class='ocrx_word' id='word_1_287' title='bbox 793 2566 827 2590; x_wconf 85' lang='lat' dir='ltr'><strong>v.</strong></span> <span class='ocrx_word' id='word_1_288' title='bbox 839 2553 1238 2597; x_wconf 63' lang='lat' dir='ltr'><strong>Schaarschmidtfflm,</strong></span> <span class='ocrx_word' id='word_1_289' title='bbox 1251 2566 1289 2601; x_wconf 89' lang='lat' dir='ltr'><strong>p.</strong></span> <span class='ocrx_word' id='word_1_290' title='bbox 1309 2564 1386 2598; x_wconf 82' lang='lat'><strong>124,</strong></span> <span class='ocrx_word' id='word_1_291' title='bbox 1397 2552 1463 2600; x_wconf 89' lang='lat' dir='ltr'><strong>qui</strong></span> <span class='ocrx_word' id='word_1_292' title='bbox 1475 2553 1648 2600; x_wconf 80' lang='lat' dir='ltr'><strong>Wytten-</strong></span> 
     </span>
     <span class='ocr_line' id='line_1_38' title="bbox 180 2597 1649 2649; baseline 0.001 -15"><span class='ocrx_word' id='word_1_293' title='bbox 180 2597 360 2634; x_wconf 86' lang='lat' dir='ltr'><strong>bachium</strong></span> <span class='ocrx_word' id='word_1_294' title='bbox 378 2601 528 2636; x_wconf 81' lang='lat' dir='ltr'><strong>secutus</strong></span> <span class='ocrx_word' id='word_1_295' title='bbox 543 2599 681 2637; x_wconf 89' lang='lat' dir='ltr'><strong>librum</strong></span> <span class='ocrx_word' id='word_1_296' title='bbox 702 2601 908 2649; x_wconf 82' lang='lat' dir='ltr'><strong>significari</strong></span> <span class='ocrx_word' id='word_1_297' title='bbox 924 2601 1138 2649; x_wconf 77' lang='lat' dir='ltr'><strong>suspicatur</strong></span> <span class='ocrx_word' id='word_1_298' title='bbox 1160 2602 1226 2648; x_wconf 88' lang='lat' dir='ltr'><strong>qui</strong></span> <span class='ocrx_word' id='word_1_299' title='bbox 1249 2612 1351 2638; x_wconf 85' lang='lat' dir='ltr'><strong>nunc</strong></span> <span class='ocrx_word' id='word_1_300' title='bbox 1371 2603 1495 2638; x_wconf 85' lang='lat' dir='ltr'><strong>exstat</strong></span> <span class='ocrx_word' id='word_1_301' title='bbox 1519 2603 1558 2638; x_wconf 87' lang='lat' dir='ltr'><strong>et</strong></span> <span class='ocrx_word' id='word_1_302' title='bbox 1580 2602 1649 2637; x_wconf 82' lang='lat' dir='ltr'><strong>Rei</strong></span> 
     </span>
     <span class='ocr_line' id='line_1_39' title="bbox 177 2646 1648 2695; baseline 0.003 -15"><span class='ocrx_word' id='word_1_303' title='bbox 177 2646 345 2692; x_wconf 73' lang='lat' dir='ltr'><strong>publicae</strong></span> <span class='ocrx_word' id='word_1_304' title='bbox 369 2649 541 2691; x_wconf 75' lang='lat' dir='ltr'><strong>qermdae</strong></span> <span class='ocrx_word' id='word_1_305' title='bbox 569 2654 759 2695; x_wconf 67' lang='lat' dir='ltr'><strong>praecepta</strong></span> <span class='ocrx_word' id='word_1_306' title='bbox 786 2648 1014 2695; x_wconf 86' lang='lat' dir='ltr'><strong>inscribitur,</strong></span> <span class='ocrx_word' id='word_1_307' title='bbox 1045 2651 1085 2687; x_wconf 87' lang='lat' dir='ltr'><strong>et</strong></span> <span class='ocrx_word' id='word_1_308' title='bbox 1114 2647 1389 2686; x_wconf 78' lang='lat' dir='ltr'><strong>Bernardaln&#39;m</strong></span> <span class='ocrx_word' id='word_1_309' title='bbox 1417 2648 1481 2685; x_wconf 88' lang='lat' dir='ltr'><strong>cui</strong></span> <span class='ocrx_word' id='word_1_310' title='bbox 1505 2648 1546 2684; x_wconf 91' lang='lat' dir='ltr'><strong>in</strong></span> <span class='ocrx_word' id='word_1_311' title='bbox 1574 2649 1648 2685; x_wconf 85' lang='grc' dir='ltr'><strong>Μο-</strong></span> 
     </span>
     <span class='ocr_line' id='line_1_40' title="bbox 182 2691 1647 2747; baseline 0.003 -20"><span class='ocrx_word' id='word_1_312' title='bbox 182 2694 320 2747; x_wconf 54' lang='lat' dir='ltr'><strong>ralium</strong></span> <span class='ocrx_word' id='word_1_313' title='bbox 343 2691 539 2746; x_wconf 76' lang='lat' dir='ltr'><strong>Plutarchi</strong></span> <span class='ocrx_word' id='word_1_314' title='bbox 565 2694 622 2732; x_wconf 85' lang='lat' dir='ltr'><strong>ed.</strong></span> <span class='ocrx_word' id='word_1_315' title='bbox 643 2695 907 2733; x_wconf 81' lang='lat' dir='ltr'><strong>Teubneriana</strong></span> <span class='ocrx_word' id='word_1_316' title='bbox 930 2695 994 2733; x_wconf 86' lang='lat' dir='ltr'><strong>vii.</strong></span> <span class='ocrx_word' id='word_1_317' title='bbox 1018 2709 1055 2744; x_wconf 88' lang='lat' dir='ltr'><strong>p.</strong></span> <span class='ocrx_word' id='word_1_318' title='bbox 1079 2707 1143 2744; x_wconf 88' lang='lat'><strong>193</strong></span> <span class='ocrx_word' id='word_1_319' title='bbox 1170 2696 1314 2733; x_wconf 84' lang='lat' dir='ltr'><strong>‘latere</strong></span> <span class='ocrx_word' id='word_1_320' title='bbox 1338 2696 1487 2732; x_wconf 79' lang='lat' dir='ltr'><strong>videtur</strong></span> <span class='ocrx_word' id='word_1_321' title='bbox 1509 2707 1647 2732; x_wconf 84' lang='lat' dir='ltr'><strong>nomen</strong></span> 
     </span>
     <span class='ocr_line' id='line_1_41' title="bbox 182 2738 1648 2794; baseline 0.002 -19"><span class='ocrx_word' id='word_1_322' title='bbox 182 2738 304 2776; x_wconf 83' lang='lat' dir='ltr'><strong>libelli</strong></span> <span class='ocrx_word' id='word_1_323' title='bbox 329 2750 395 2785; x_wconf 83' lang='lat' dir='ltr'><strong>qm</strong></span> <span class='ocrx_word' id='word_1_324' title='bbox 419 2739 620 2794; x_wconf 70' lang='lat' dir='ltr'><strong>inscriptus</strong></span> <span class='ocrx_word' id='word_1_325' title='bbox 641 2744 698 2779; x_wconf 80' lang='lat' dir='ltr'><strong>est</strong></span> <span class='ocrx_word' id='word_1_326' title='bbox 721 2747 808 2791; x_wconf 73' lang='grc' dir='ltr'><strong><em>πρὸς</em></strong></span> <span class='ocrx_word' id='word_1_327' title='bbox 831 2744 979 2791; x_wconf 72' lang='grc' dir='ltr'>ἡγεμόνα</span> <span class='ocrx_word' id='word_1_328' title='bbox 1002 2745 1206 2782; x_wconf 71' lang='grc' dir='ltr'><strong><em>ἀπαίδευτον</em></strong></span> <span class='ocrx_word' id='word_1_329' title='bbox 1225 2742 1297 2780; x_wconf 89' lang='lat' dir='ltr'><strong>i.e.</strong></span> <span class='ocrx_word' id='word_1_330' title='bbox 1315 2743 1498 2790; x_wconf 75' lang='grc' dir='ltr'><strong>ὅρχ(ονι-α)</strong></span> <span class='ocrx_word' id='word_1_331' title='bbox 1522 2744 1648 2790; x_wconf 76' lang='grc' dir='ltr'>ἀγράμ-</span> 
     </span>
     <span class='ocr_line' id='line_1_42' title="bbox 182 2790 1649 2881; baseline 0.003 -60"><span class='ocrx_word' id='word_1_332' title='bbox 182 2798 456 2881; x_wconf 54' lang='grc' dir='ltr'><strong>ξιιι·ιόν,)ῳιει,ε(ιἸῚῐ</strong></span> <span class='ocrx_word' id='word_1_333' title='bbox 474 2790 586 2870; x_wconf 57' lang='lat' dir='ltr'><strong>firch.</strong></span> <span class='ocrx_word' id='word_1_334' title='bbox 606 2791 889 2873; x_wconf 53' lang='lat' dir='ltr'><strong>grymmmatonss</strong></span> <span class='ocrx_word' id='word_1_335' title='bbox 1059 2802 1099 2829; x_wconf 88' lang='lat'><strong>11</strong></span> <span class='ocrx_word' id='word_1_336' title='bbox 1127 2793 1200 2828; x_wconf 72' lang='lat' dir='ltr'><strong>Hic</strong></span> <span class='ocrx_word' id='word_1_337' title='bbox 1233 2796 1354 2828; x_wconf 74' lang='lat' dir='ltr'><strong>autem</strong></span> <span class='ocrx_word' id='word_1_338' title='bbox 1379 2818 1390 2829; x_wconf 83' lang='lat'><strong>.</strong></span> <span class='ocrx_word' id='word_1_339' title='bbox 1415 2817 1424 2826; x_wconf 93' lang='lat'><strong>.</strong></span> <span class='ocrx_word' id='word_1_340' title='bbox 1452 2817 1461 2826; x_wconf 85' lang='lat'><strong>.</strong></span> <span class='ocrx_word' id='word_1_341' title='bbox 1488 2791 1552 2828; x_wconf 72' lang='lat' dir='ltr'><strong>hoc</strong></span> <span class='ocrx_word' id='word_1_342' title='bbox 1583 2803 1649 2836; x_wconf 75' lang='lat' dir='ltr'><strong>aye</strong></span> 
     </span>
     <span class='ocr_line' id='line_1_43' title="bbox 203 2842 642 2881; baseline 0.007 -12"><span class='ocrx_word' id='word_1_343' title='bbox 203 2842 307 2881; x_wconf 83' lang='lat'>5310</span> <span class='ocrx_word' id='word_1_344' title='bbox 337 2844 346 2870; x_wconf 81' lang='lat' dir='ltr'><strong><em>z</em></strong></span> <span class='ocrx_word' id='word_1_345' title='bbox 373 2845 404 2871; x_wconf 89' lang='lat' dir='ltr'><strong>v.</strong></span> <span class='ocrx_word' id='word_1_346' title='bbox 457 2846 477 2872; x_wconf 89' lang='lat' dir='ltr'><strong>e</strong></span> <span class='ocrx_word' id='word_1_347' title='bbox 511 2846 602 2872; x_wconf 80' lang='lat'><strong>.1.2</strong></span> <span class='ocrx_word' id='word_1_348' title='bbox 633 2862 642 2872; x_wconf 93' lang='lat'><strong>.</strong></span> 
     </span>
    </p>
   </div>
   <div class='ocr_carea' id='block_1_7' title="bbox 227 2903 1537 2947">
    <p class='ocr_par' dir='ltr' id='par_1_7' title="bbox 227 2903 1537 2947">
     <span class='ocr_line' id='line_1_44' title="bbox 227 2903 1537 2947; baseline -0.001 -10"><span class='ocrx_word' id='word_1_349' title='bbox 227 2904 308 2924; x_wconf 61' lang='lat'>*¹¹⁸⁸</span> <span class='ocrx_word' id='word_1_350' title='bbox 885 2910 919 2937; x_wconf 69' lang='grc' dir='ltr'>ι</span> <span class='ocrx_word' id='word_1_351' title='bbox 939 2910 983 2937; x_wconf 89' lang='lat' dir='ltr'><strong>m</strong></span> <span class='ocrx_word' id='word_1_352' title='bbox 1472 2903 1537 2947; x_wconf 79' lang='lat'><strong>²⁶5</strong></span> 
     </span>
    </p>
   </div>
  </div>
 </body>
</html>
