<?xml version="1.0" encoding="UTF-8"?>
<!DOCTYPE html PUBLIC "-//W3C//DTD XHTML 1.0 Transitional//EN"
    "http://www.w3.org/TR/xhtml1/DTD/xhtml1-transitional.dtd">
<html xmlns="http://www.w3.org/1999/xhtml" xml:lang="en" lang="en">
 <head>
  <title>
</title>
<meta http-equiv="Content-Type" content="text/html;charset=utf-8" />
  <meta name='ocr-system' content='tesseract 3.04.00' />
  <meta name='ocr-capabilities' content='ocr_page ocr_carea ocr_par ocr_line ocrx_word'/>
</head>
<body>
  <div class='ocr_page' id='page_1' title='image "./policraticisived01john_0361.png"; bbox 0 0 1994 3190; ppageno 0'>
   <div class='ocr_carea' id='block_1_1' title="bbox 195 154 1799 224">
    <p class='ocr_par' dir='ltr' id='par_1_1' title="bbox 195 154 1799 224">
     <span class='ocr_line' id='line_1_1' title="bbox 195 154 1799 224; baseline -0.001 -15"><span class='ocrx_word' id='word_1_1' title='bbox 195 175 294 209; x_wconf 65' lang='lat' dir='ltr'>cu.</span> <span class='ocrx_word' id='word_1_2' title='bbox 308 160 400 224; x_wconf 82' lang='lat' dir='ltr'>vn]</span> <span class='ocrx_word' id='word_1_3' title='bbox 706 154 1111 208; x_wconf 81' lang='lat' dir='ltr'><strong>POLICRATICV</strong></span> <span class='ocrx_word' id='word_1_4' title='bbox 1112 161 1146 208; x_wconf 88' lang='lat' dir='ltr'>S</span> <span class='ocrx_word' id='word_1_5' title='bbox 1671 172 1750 216; x_wconf 78' lang='lat'>⁵58</span> <span class='ocrx_word' id='word_1_6' title='bbox 1767 162 1799 208; x_wconf 72' lang='grc' dir='ltr'>ά</span> 
     </span>
    </p>
   </div>
   <div class='ocr_carea' id='block_1_2' title="bbox 134 281 1804 1588">
    <p class='ocr_par' dir='ltr' id='par_1_2' title="bbox 134 281 1804 1588">
     <span class='ocr_line' id='line_1_2' title="bbox 194 281 1659 336; baseline -0.001 -9"><span class='ocrx_word' id='word_1_7' title='bbox 194 283 250 327; x_wconf 88' lang='lat' dir='ltr'>de</span> <span class='ocrx_word' id='word_1_8' title='bbox 292 298 340 327; x_wconf 90' lang='lat' dir='ltr'>se</span> <span class='ocrx_word' id='word_1_9' title='bbox 377 283 466 327; x_wconf 88' lang='lat' dir='ltr'>ista</span> <span class='ocrx_word' id='word_1_10' title='bbox 504 281 707 326; x_wconf 65' lang='lat' dir='ltr'>fatetur?</span> <span class='ocrx_word' id='word_1_11' title='bbox 786 282 897 336; x_wconf 80' lang='lat' dir='ltr'>Quis</span> <span class='ocrx_word' id='word_1_12' title='bbox 935 282 1122 325; x_wconf 88' lang='lat' dir='ltr'>istorum</span> <span class='ocrx_word' id='word_1_13' title='bbox 1161 283 1398 327; x_wconf 86' lang='lat' dir='ltr'>uerborum</span> <span class='ocrx_word' id='word_1_14' title='bbox 1437 283 1659 328; x_wconf 87' lang='lat' dir='ltr'>desiderat</span> 
     </span>
     <span class='ocr_line' id='line_1_3' title="bbox 195 350 1661 410; baseline 0 -14"><span class='ocrx_word' id='word_1_15' title='bbox 195 351 605 410; x_wconf 69' lang='lat' dir='ltr'>interpretationem</span> <span class='ocrx_word' id='word_1_16' title='bbox 642 353 722 394; x_wconf 91' lang='lat' dir='ltr'>aut</span> <span class='ocrx_word' id='word_1_17' title='bbox 755 350 803 393; x_wconf 90' lang='lat' dir='ltr'>in</span> <span class='ocrx_word' id='word_1_18' title='bbox 834 353 963 394; x_wconf 87' lang='lat' dir='ltr'>tanta</span> <span class='ocrx_word' id='word_1_19' title='bbox 993 351 1215 394; x_wconf 84' lang='lat' dir='ltr'>uirtutum</span> <span class='ocrx_word' id='word_1_20' title='bbox 1249 352 1345 396; x_wconf 91' lang='lat' dir='ltr'>luce</span> <span class='ocrx_word' id='word_1_21' title='bbox 1384 367 1474 396; x_wconf 90' lang='lat' dir='ltr'>non</span> <span class='ocrx_word' id='word_1_22' title='bbox 1503 353 1661 397; x_wconf 62' lang='lat' dir='ltr'>uidet?</span> 
     </span>
     <span class='ocr_line' id='line_1_4' title="bbox 195 419 1662 479; baseline 0.002 -15"><span class='ocrx_word' id='word_1_23' title='bbox 195 421 396 464; x_wconf 91' lang='lat' dir='ltr'>Nimium</span> <span class='ocrx_word' id='word_1_24' title='bbox 425 420 556 478; x_wconf 86' lang='lat' dir='ltr'>plane</span> <span class='ocrx_word' id='word_1_25' title='bbox 584 419 718 463; x_wconf 83' lang='lat' dir='ltr'>hebes</span> <span class='ocrx_word' id='word_1_26' title='bbox 747 422 814 462; x_wconf 92' lang='lat' dir='ltr'>est</span> <span class='ocrx_word' id='word_1_27' title='bbox 842 422 889 462; x_wconf 90' lang='lat' dir='ltr'>et</span> <span class='ocrx_word' id='word_1_28' title='bbox 918 419 1065 463; x_wconf 90' lang='lat' dir='ltr'>obtusi</span> <span class='ocrx_word' id='word_1_29' title='bbox 1095 420 1273 478; x_wconf 89' lang='lat' dir='ltr'>ingenii,</span> <span class='ocrx_word' id='word_1_30' title='bbox 1292 422 1363 465; x_wconf 91' lang='lat' dir='ltr'>cui</span> <span class='ocrx_word' id='word_1_31' title='bbox 1389 437 1469 479; x_wconf 88' lang='lat' dir='ltr'>per</span> <span class='ocrx_word' id='word_1_32' title='bbox 1497 437 1544 466; x_wconf 87' lang='lat' dir='ltr'>se</span> <span class='ocrx_word' id='word_1_33' title='bbox 1573 423 1662 466; x_wconf 86' lang='lat' dir='ltr'>ista</span> 
     </span>
     <span class='ocr_line' id='line_1_5' title="bbox 194 488 1659 548; baseline 0.001 -15"><span class='ocrx_word' id='word_1_34' title='bbox 194 504 285 534; x_wconf 91' lang='lat' dir='ltr'>non</span> <span class='ocrx_word' id='word_1_35' title='bbox 318 489 478 533; x_wconf 90' lang='lat' dir='ltr'>lucent.</span> <span class='ocrx_word' id='word_1_36' title='bbox 538 488 593 531; x_wconf 93' lang='lat' dir='ltr'>In</span> <span class='ocrx_word' id='word_1_37' title='bbox 623 503 763 531; x_wconf 91' lang='lat' dir='ltr'>unum</span> <span class='ocrx_word' id='word_1_38' title='bbox 798 488 870 531; x_wconf 91' lang='lat' dir='ltr'>hic</span> <span class='ocrx_word' id='word_1_39' title='bbox 903 488 1096 545; x_wconf 89' lang='lat' dir='ltr'>plurima</span> <span class='ocrx_word' id='word_1_40' title='bbox 1130 493 1440 546; x_wconf 88' lang='lat' dir='ltr'>congeruntur,</span> <span class='ocrx_word' id='word_1_41' title='bbox 1470 506 1659 548; x_wconf 89' lang='lat' dir='ltr'>quorum</span> 
     </span>
     <span class='ocr_line' id='line_1_6' title="bbox 157 557 1662 618; baseline 0.001 -16"><span class='ocrx_word' id='word_1_42' title='bbox 157 580 178 614; x_wconf 81' lang='lat'>5</span> <span class='ocrx_word' id='word_1_43' title='bbox 194 558 267 602; x_wconf 90' lang='lat' dir='ltr'>uel</span> <span class='ocrx_word' id='word_1_44' title='bbox 285 573 426 602; x_wconf 90' lang='lat' dir='ltr'>unum</span> <span class='ocrx_word' id='word_1_45' title='bbox 447 558 596 602; x_wconf 88' lang='lat' dir='ltr'>orbem</span> <span class='ocrx_word' id='word_1_46' title='bbox 617 557 837 615; x_wconf 79' lang='lat' dir='ltr'>quendam</span> <span class='ocrx_word' id='word_1_47' title='bbox 852 557 1076 601; x_wconf 89' lang='lat' dir='ltr'>illustrare</span> <span class='ocrx_word' id='word_1_48' title='bbox 1091 557 1320 602; x_wconf 86' lang='lat' dir='ltr'>sufficeret.</span> <span class='ocrx_word' id='word_1_49' title='bbox 1371 559 1420 602; x_wconf 86' lang='lat' dir='ltr'>Si</span> <span class='ocrx_word' id='word_1_50' title='bbox 1440 560 1662 618; x_wconf 82' lang='lat' dir='ltr'>principes</span> 
     </span>
     <span class='ocr_line' id='line_1_7' title="bbox 193 626 1660 685; baseline 0.001 -15"><span class='ocrx_word' id='word_1_51' title='bbox 193 627 324 685; x_wconf 89' lang='lat' dir='ltr'>plura</span> <span class='ocrx_word' id='word_1_52' title='bbox 354 627 499 685; x_wconf 91' lang='lat' dir='ltr'>legere</span> <span class='ocrx_word' id='word_1_53' title='bbox 528 627 600 670; x_wconf 93' lang='lat' dir='ltr'>uel</span> <span class='ocrx_word' id='word_1_54' title='bbox 635 627 790 670; x_wconf 89' lang='lat' dir='ltr'>audire</span> <span class='ocrx_word' id='word_1_55' title='bbox 830 626 1080 678; x_wconf 85' lang='lat' dir='ltr'>fastidiunt,</span> <span class='ocrx_word' id='word_1_56' title='bbox 1114 628 1272 671; x_wconf 89' lang='lat' dir='ltr'>saltem</span> <span class='ocrx_word' id='word_1_57' title='bbox 1312 628 1393 672; x_wconf 90' lang='lat' dir='ltr'>hoc</span> <span class='ocrx_word' id='word_1_58' title='bbox 1432 630 1660 672; x_wconf 87' lang='lat' dir='ltr'>tantillum</span> 
     </span>
     <span class='ocr_line' id='line_1_8' title="bbox 194 695 1660 754; baseline 0.001 -16"><span class='ocrx_word' id='word_1_59' title='bbox 194 695 346 754; x_wconf 90' lang='lat' dir='ltr'>legant</span> <span class='ocrx_word' id='word_1_60' title='bbox 385 696 571 739; x_wconf 91' lang='lat' dir='ltr'>audiant</span> <span class='ocrx_word' id='word_1_61' title='bbox 608 699 654 740; x_wconf 92' lang='lat' dir='ltr'>et</span> <span class='ocrx_word' id='word_1_62' title='bbox 692 696 978 754; x_wconf 79' lang='lat' dir='ltr'>inquisitione</span> <span class='ocrx_word' id='word_1_63' title='bbox 1017 696 1220 754; x_wconf 80' lang='lat' dir='ltr'>diligenti</span> <span class='ocrx_word' id='word_1_64' title='bbox 1270 696 1513 741; x_wconf 85' lang='lat' dir='ltr'>discutiant</span> <span class='ocrx_word' id='word_1_65' title='bbox 1552 698 1660 740; x_wconf 91' lang='lat' dir='ltr'>dum</span> 
     </span>
     <span class='ocr_line' id='line_1_9' title="bbox 194 765 1660 824; baseline 0.001 -15"><span class='ocrx_word' id='word_1_66' title='bbox 194 766 437 810; x_wconf 86' lang='lat' dir='ltr'>imitentur.</span> <span class='ocrx_word' id='word_1_67' title='bbox 512 765 726 823; x_wconf 88' lang='lat' dir='ltr'>Sequitur</span> <span class='ocrx_word' id='word_1_68' title='bbox 754 766 872 808; x_wconf 93' lang='lat' dir='ltr'>enim</span> <span class='ocrx_word' id='word_1_69' title='bbox 907 766 954 808; x_wconf 92' lang='lat' dir='ltr'>in</span> <span class='ocrx_word' id='word_1_70' title='bbox 984 766 1162 809; x_wconf 89' lang='lat' dir='ltr'>eodem:</span> <span class='ocrx_word' id='word_1_71' title='bbox 1202 765 1251 810; x_wconf 89' lang='lat' dir='ltr'>Si</span> <span class='ocrx_word' id='word_1_72' title='bbox 1281 766 1506 809; x_wconf 80' lang='lat' dir='ltr'>audierint</span> <span class='ocrx_word' id='word_1_73' title='bbox 1535 782 1660 824; x_wconf 88' lang='lat' dir='ltr'>reges</span> 
     </span>
     <span class='ocr_line' id='line_1_10' title="bbox 194 835 1804 893; baseline -0.001 -14"><span class='ocrx_word' id='word_1_74' title='bbox 194 838 242 880; x_wconf 91' lang='lat' dir='ltr'>et</span> <span class='ocrx_word' id='word_1_75' title='bbox 271 835 608 879; x_wconf 87' lang='lat' dir='ltr'>obseruauerint</span> <span class='ocrx_word' id='word_1_76' title='bbox 636 849 788 879; x_wconf 92' lang='lat' dir='ltr'>uocem</span> <span class='ocrx_word' id='word_1_77' title='bbox 820 835 1013 887; x_wconf 90' lang='lat' dir='ltr'>Domini,</span> <span class='ocrx_word' id='word_1_78' title='bbox 1044 835 1328 893; x_wconf 90' lang='lat' dir='ltr'>complebunt</span> <span class='ocrx_word' id='word_1_79' title='bbox 1357 836 1452 879; x_wconf 89' lang='lat' dir='ltr'>dies</span> <span class='ocrx_word' id='word_1_80' title='bbox 1480 851 1583 879; x_wconf 91' lang='lat' dir='ltr'>suos</span> <span class='ocrx_word' id='word_1_81' title='bbox 1613 837 1659 880; x_wconf 91' lang='lat' dir='ltr'>in</span> <span class='ocrx_word' id='word_1_82' title='bbox 1676 847 1753 888; x_wconf 82' lang='grc'>554</span> <span class='ocrx_word' id='word_1_83' title='bbox 1772 848 1804 878; x_wconf 86' lang='lat' dir='ltr'>a</span> 
     </span>
     <span class='ocr_line' id='line_1_11' title="bbox 134 904 1660 962; baseline 0 -14"><span class='ocrx_word' id='word_1_84' title='bbox 134 919 178 949; x_wconf 81' lang='grc' dir='ltr'>ιο</span> <span class='ocrx_word' id='word_1_85' title='bbox 195 905 311 949; x_wconf 93' lang='lat' dir='ltr'>bono</span> <span class='ocrx_word' id='word_1_86' title='bbox 350 907 396 948; x_wconf 90' lang='lat' dir='ltr'>et</span> <span class='ocrx_word' id='word_1_87' title='bbox 434 919 572 948; x_wconf 88' lang='lat' dir='ltr'>annos</span> <span class='ocrx_word' id='word_1_88' title='bbox 606 919 709 948; x_wconf 88' lang='lat' dir='ltr'>suos</span> <span class='ocrx_word' id='word_1_89' title='bbox 748 904 796 947; x_wconf 92' lang='lat' dir='ltr'>in</span> <span class='ocrx_word' id='word_1_90' title='bbox 834 904 1003 962; x_wconf 82' lang='lat' dir='ltr'>gloria3</span> <span class='ocrx_word' id='word_1_91' title='bbox 1041 905 1079 948; x_wconf 92' lang='lat' dir='ltr'>si</span> <span class='ocrx_word' id='word_1_92' title='bbox 1111 908 1261 948; x_wconf 87' lang='lat' dir='ltr'>autem</span> <span class='ocrx_word' id='word_1_93' title='bbox 1299 920 1389 949; x_wconf 89' lang='lat' dir='ltr'>non</span> <span class='ocrx_word' id='word_1_94' title='bbox 1423 906 1660 957; x_wconf 85' lang='lat' dir='ltr'>audierint,</span> 
     </span>
     <span class='ocr_line' id='line_1_12' title="bbox 194 974 1661 1032; baseline 0 -14"><span class='ocrx_word' id='word_1_95' title='bbox 194 975 452 1018; x_wconf 88' lang='lat' dir='ltr'>transibunt</span> <span class='ocrx_word' id='word_1_96' title='bbox 477 989 557 1032; x_wconf 91' lang='lat' dir='ltr'>per</span> <span class='ocrx_word' id='word_1_97' title='bbox 581 974 779 1032; x_wconf 77' lang='lat' dir='ltr'>gladium</span> <span class='ocrx_word' id='word_1_98' title='bbox 802 978 847 1018; x_wconf 91' lang='lat' dir='ltr'>et</span> <span class='ocrx_word' id='word_1_99' title='bbox 870 977 1184 1019; x_wconf 82' lang='lat' dir='ltr'>consumentur</span> <span class='ocrx_word' id='word_1_100' title='bbox 1203 975 1409 1019; x_wconf 88' lang='lat' dir='ltr'>stultitia.</span> <span class='ocrx_word' id='word_1_101' title='bbox 1468 975 1661 1018; x_wconf 78' lang='lat' dir='ltr'>Videsne</span> 
     </span>
     <span class='ocr_line' id='line_1_13' title="bbox 193 1043 1660 1102; baseline 0 -15"><span class='ocrx_word' id='word_1_102' title='bbox 193 1043 422 1088; x_wconf 84' lang='lat' dir='ltr'>inutilium</span> <span class='ocrx_word' id='word_1_103' title='bbox 443 1058 596 1101; x_wconf 88' lang='lat' dir='ltr'>regum</span> <span class='ocrx_word' id='word_1_104' title='bbox 617 1043 836 1100; x_wconf 87' lang='lat' dir='ltr'>duplicem</span> <span class='ocrx_word' id='word_1_105' title='bbox 856 1043 1060 1088; x_wconf 67' lang='lat' dir='ltr'>exitum?</span> <span class='ocrx_word' id='word_1_106' title='bbox 1104 1043 1199 1087; x_wconf 89' lang='lat' dir='ltr'>Aut</span> <span class='ocrx_word' id='word_1_107' title='bbox 1218 1044 1336 1087; x_wconf 85' lang='lat' dir='ltr'>enim</span> <span class='ocrx_word' id='word_1_108' title='bbox 1356 1059 1436 1102; x_wconf 91' lang='lat' dir='ltr'>per</span> <span class='ocrx_word' id='word_1_109' title='bbox 1460 1045 1660 1102; x_wconf 78' lang='lat' dir='ltr'>gladium</span> 
     </span>
     <span class='ocr_line' id='line_1_14' title="bbox 194 1112 1662 1166; baseline 0 -9"><span class='ocrx_word' id='word_1_110' title='bbox 194 1116 440 1166; x_wconf 86' lang='lat' dir='ltr'>transeunt,</span> <span class='ocrx_word' id='word_1_111' title='bbox 469 1116 550 1156; x_wconf 91' lang='lat' dir='ltr'>aut</span> <span class='ocrx_word' id='word_1_112' title='bbox 581 1112 776 1156; x_wconf 87' lang='lat' dir='ltr'>stultitia</span> <span class='ocrx_word' id='word_1_113' title='bbox 810 1116 1143 1157; x_wconf 87' lang='lat' dir='ltr'>consumuntur.</span> <span class='ocrx_word' id='word_1_114' title='bbox 1214 1113 1273 1157; x_wconf 91' lang='lat' dir='ltr'>Et</span> <span class='ocrx_word' id='word_1_115' title='bbox 1304 1118 1421 1158; x_wconf 88' lang='lat' dir='ltr'>recte</span> <span class='ocrx_word' id='word_1_116' title='bbox 1451 1115 1662 1158; x_wconf 88' lang='lat' dir='ltr'>dicuntur</span> 
     </span>
     <span class='ocr_line' id='line_1_15' title="bbox 194 1182 1662 1241; baseline 0 -15"><span class='ocrx_word' id='word_1_117' title='bbox 194 1182 385 1226; x_wconf 88' lang='lat' dir='ltr'>transire</span> <span class='ocrx_word' id='word_1_118' title='bbox 424 1197 504 1240; x_wconf 87' lang='lat' dir='ltr'>per</span> <span class='ocrx_word' id='word_1_119' title='bbox 542 1182 751 1240; x_wconf 79' lang='lat' dir='ltr'>gladium,</span> <span class='ocrx_word' id='word_1_120' title='bbox 791 1196 880 1225; x_wconf 90' lang='lat' dir='ltr'>non</span> <span class='ocrx_word' id='word_1_121' title='bbox 919 1182 1051 1233; x_wconf 89' lang='lat' dir='ltr'>finiri,</span> <span class='ocrx_word' id='word_1_122' title='bbox 1082 1197 1133 1226; x_wconf 90' lang='lat' dir='ltr'>eo</span> <span class='ocrx_word' id='word_1_123' title='bbox 1169 1183 1287 1240; x_wconf 93' lang='lat' dir='ltr'>quod</span> <span class='ocrx_word' id='word_1_124' title='bbox 1325 1183 1500 1241; x_wconf 79' lang='lat' dir='ltr'>gladius</span> <span class='ocrx_word' id='word_1_125' title='bbox 1536 1184 1662 1241; x_wconf 86' lang='lat' dir='ltr'>quasi</span> 
     </span>
     <span class='ocr_line' id='line_1_16' title="bbox 138 1251 1662 1309; baseline 0.002 -16"><span class='ocrx_word' id='word_1_126' title='bbox 138 1268 178 1303; x_wconf 87' lang='lat'>¹5</span> <span class='ocrx_word' id='word_1_127' title='bbox 195 1251 376 1309; x_wconf 91' lang='lat' dir='ltr'>quidam</span> <span class='ocrx_word' id='word_1_128' title='bbox 410 1252 626 1296; x_wconf 89' lang='lat' dir='ltr'>transitus</span> <span class='ocrx_word' id='word_1_129' title='bbox 660 1251 723 1295; x_wconf 91' lang='lat' dir='ltr'>eis</span> <span class='ocrx_word' id='word_1_130' title='bbox 758 1255 825 1295; x_wconf 90' lang='lat' dir='ltr'>est</span> <span class='ocrx_word' id='word_1_131' title='bbox 859 1251 916 1294; x_wconf 88' lang='lat' dir='ltr'>ad</span> <span class='ocrx_word' id='word_1_132' title='bbox 950 1252 1094 1295; x_wconf 91' lang='lat' dir='ltr'>locum</span> <span class='ocrx_word' id='word_1_133' title='bbox 1126 1252 1204 1295; x_wconf 92' lang='lat' dir='ltr'>ubi</span> <span class='ocrx_word' id='word_1_134' title='bbox 1234 1253 1475 1296; x_wconf 89' lang='lat' dir='ltr'>secundum</span> <span class='ocrx_word' id='word_1_135' title='bbox 1511 1254 1662 1297; x_wconf 89' lang='lat' dir='ltr'>multi·</span> 
     </span>
     <span class='ocr_line' id='line_1_17' title="bbox 194 1320 1663 1380; baseline 0.001 -15"><span class='ocrx_word' id='word_1_136' title='bbox 194 1321 397 1365; x_wconf 89' lang='lat' dir='ltr'>tudinem</span> <span class='ocrx_word' id='word_1_137' title='bbox 423 1320 712 1378; x_wconf 87' lang='lat' dir='ltr'>iniquitatum</span> <span class='ocrx_word' id='word_1_138' title='bbox 732 1335 912 1364; x_wconf 87' lang='lat' dir='ltr'>suarum</span> <span class='ocrx_word' id='word_1_139' title='bbox 940 1324 1142 1379; x_wconf 90' lang='lat' dir='ltr'>potentes</span> <span class='ocrx_word' id='word_1_140' title='bbox 1162 1324 1366 1378; x_wconf 86' lang='lat' dir='ltr'>potenter</span> <span class='ocrx_word' id='word_1_141' title='bbox 1385 1323 1635 1380; x_wconf 89' lang='lat' dir='ltr'>puniuntur</span> <span class='ocrx_word' id='word_1_142' title='bbox 1652 1337 1663 1375; x_wconf 91' lang='lat'>;</span> 
     </span>
     <span class='ocr_line' id='line_1_18' title="bbox 194 1390 1661 1450; baseline 0.001 -16"><span class='ocrx_word' id='word_1_143' title='bbox 194 1390 273 1434; x_wconf 88' lang='lat' dir='ltr'>sed</span> <span class='ocrx_word' id='word_1_144' title='bbox 293 1392 339 1434; x_wconf 88' lang='lat' dir='ltr'>et</span> <span class='ocrx_word' id='word_1_145' title='bbox 357 1390 552 1434; x_wconf 88' lang='lat' dir='ltr'>stultitia</span> <span class='ocrx_word' id='word_1_146' title='bbox 578 1391 798 1434; x_wconf 85' lang='lat' dir='ltr'>consumit</span> <span class='ocrx_word' id='word_1_147' title='bbox 822 1390 992 1448; x_wconf 89' lang='lat' dir='ltr'>impios,</span> <span class='ocrx_word' id='word_1_148' title='bbox 1013 1390 1117 1448; x_wconf 90' lang='lat' dir='ltr'>quia</span> <span class='ocrx_word' id='word_1_149' title='bbox 1137 1391 1184 1433; x_wconf 92' lang='lat' dir='ltr'>in</span> <span class='ocrx_word' id='word_1_150' title='bbox 1211 1391 1489 1449; x_wconf 88' lang='lat' dir='ltr'>depressione</span> <span class='ocrx_word' id='word_1_151' title='bbox 1509 1393 1661 1450; x_wconf 91' lang='lat' dir='ltr'>populi</span> 
     </span>
     <span class='ocr_line' id='line_1_19' title="bbox 194 1459 1658 1518; baseline 0.003 -16"><span class='ocrx_word' id='word_1_152' title='bbox 194 1459 331 1503; x_wconf 89' lang='lat' dir='ltr'>robur</span> <span class='ocrx_word' id='word_1_153' title='bbox 356 1459 568 1518; x_wconf 88' lang='lat' dir='ltr'>principis</span> <span class='ocrx_word' id='word_1_154' title='bbox 594 1463 860 1512; x_wconf 90' lang='lat' dir='ltr'>eneruatur;</span> <span class='ocrx_word' id='word_1_155' title='bbox 899 1460 1089 1518; x_wconf 90' lang='lat' dir='ltr'>populus</span> <span class='ocrx_word' id='word_1_156' title='bbox 1115 1475 1306 1518; x_wconf 89' lang='lat' dir='ltr'>namque</span> <span class='ocrx_word' id='word_1_157' title='bbox 1330 1462 1549 1506; x_wconf 87' lang='lat' dir='ltr'>contritus</span> <span class='ocrx_word' id='word_1_158' title='bbox 1574 1463 1658 1506; x_wconf 89' lang='lat' dir='ltr'>eri-</span> 
     </span>
     <span class='ocr_line' id='line_1_20' title="bbox 147 1528 1283 1588; baseline 0.002 -16"><span class='ocrx_word' id='word_1_159' title='bbox 147 1528 150 1531; x_wconf 51' lang='lat'><strong>⁴</strong></span> <span class='ocrx_word' id='word_1_160' title='bbox 194 1543 298 1587; x_wconf 87' lang='lat' dir='ltr'>gere</span> <span class='ocrx_word' id='word_1_161' title='bbox 316 1529 435 1572; x_wconf 88' lang='lat' dir='ltr'>uires</span> <span class='ocrx_word' id='word_1_162' title='bbox 454 1529 667 1588; x_wconf 90' lang='lat' dir='ltr'>principis</span> <span class='ocrx_word' id='word_1_163' title='bbox 686 1544 775 1573; x_wconf 91' lang='lat' dir='ltr'>non</span> <span class='ocrx_word' id='word_1_164' title='bbox 795 1532 942 1588; x_wconf 86' lang='lat' dir='ltr'>potest</span> <span class='ocrx_word' id='word_1_165' title='bbox 961 1532 1042 1573; x_wconf 91' lang='lat' dir='ltr'>aut</span> <span class='ocrx_word' id='word_1_166' title='bbox 1061 1544 1150 1573; x_wconf 91' lang='lat' dir='ltr'>non</span> <span class='ocrx_word' id='word_1_167' title='bbox 1171 1530 1283 1574; x_wconf 90' lang='lat' dir='ltr'>uult.</span> 
     </span>
    </p>
   </div>
   <div class='ocr_carea' id='block_1_3' title="bbox 0 0 21 622">
    <p class='ocr_par' dir='ltr' id='par_1_3' title="bbox 0 0 21 622">
     <span class='ocr_line' id='line_1_21' title="bbox 0 0 21 622; baseline 0 2568"><span class='ocrx_word' id='word_1_168' title='bbox 0 0 21 622; x_wconf 95' lang='lat' dir='ltr'> </span> 
     </span>
    </p>
   </div>
   <div class='ocr_carea' id='block_1_4' title="bbox 137 1653 1707 1829">
    <p class='ocr_par' dir='ltr' id='par_1_4' title="bbox 137 1653 1707 1829">
     <span class='ocr_line' id='line_1_22' title="bbox 137 1653 1660 1756; baseline 0.003 -58"><span class='ocrx_word' id='word_1_169' title='bbox 137 1673 181 1698; x_wconf 65' lang='grc' dir='ltr'>ιο</span> <span class='ocrx_word' id='word_1_170' title='bbox 197 1653 305 1713; x_wconf 89' lang='lat' dir='ltr'>Cap.</span> <span class='ocrx_word' id='word_1_171' title='bbox 295 1664 364 1756; x_wconf 59' lang='lat'>..⁶7</span> <span class='ocrx_word' id='word_1_172' title='bbox 412 1655 536 1710; x_wconf 80' lang='lat' dir='ltr'>Quae</span> <span class='ocrx_word' id='word_1_173' title='bbox 554 1655 682 1700; x_wconf 73' lang='lat' dir='ltr'>‘mala</span> <span class='ocrx_word' id='word_1_174' title='bbox 701 1656 774 1700; x_wconf 79' lang='lat' dir='ltr'>uel</span> <span class='ocrx_word' id='word_1_175' title='bbox 794 1654 909 1699; x_wconf 75' lang='lat' dir='ltr'>bona</span> <span class='ocrx_word' id='word_1_176' title='bbox 927 1654 1135 1700; x_wconf 73' lang='lat' dir='ltr'>subiectis</span> <span class='ocrx_word' id='word_1_177' title='bbox 1146 1657 1430 1712; x_wconf 69' lang='lat' dir='ltr'>prmwnia‘nt</span> <span class='ocrx_word' id='word_1_178' title='bbox 1449 1658 1502 1702; x_wconf 81' lang='lat' dir='ltr'>de</span> <span class='ocrx_word' id='word_1_179' title='bbox 1521 1659 1660 1703; x_wconf 69' lang='lat' dir='ltr'><em>mom·-</em></span> 
     </span>
     <span class='ocr_line' id='line_1_23' title="bbox 309 1713 1707 1829; baseline 0.004 -73"><span class='ocrx_word' id='word_1_180' title='bbox 309 1713 863 1829; x_wconf 48' lang='lat' dir='ltr'>wugofflffmfflgsuod</span> <span class='ocrx_word' id='word_1_181' title='bbox 882 1717 920 1758; x_wconf 80' lang='lat' dir='ltr'>et</span> <span class='ocrx_word' id='word_1_182' title='bbox 951 1713 1219 1771; x_wconf 75' lang='lat' dir='ltr'>aliquorum</span> <span class='ocrx_word' id='word_1_183' title='bbox 1249 1717 1660 1773; x_wconf 68' lang='lat' dir='ltr'>strateyemwwtwis</span> <span class='ocrx_word' id='word_1_184' title='bbox 1676 1779 1707 1817; x_wconf 68' lang='lat' dir='ltr'>b</span> 
     </span>
    </p>
   </div>
   <div class='ocr_carea' id='block_1_5' title="bbox 139 1868 1663 2345">
    <p class='ocr_par' dir='ltr' id='par_1_5' title="bbox 254 1868 1660 1928">
     <span class='ocr_line' id='line_1_24' title="bbox 254 1868 1660 1928; baseline 0.002 -16"><span class='ocrx_word' id='word_1_185' title='bbox 254 1868 405 1923; x_wconf 81' lang='lat' dir='ltr'>Quasi,</span> <span class='ocrx_word' id='word_1_186' title='bbox 433 1869 591 1928; x_wconf 91' lang='lat' dir='ltr'>inquit,</span> <span class='ocrx_word' id='word_1_187' title='bbox 620 1870 697 1928; x_wconf 91' lang='lat' dir='ltr'>qui</span> <span class='ocrx_word' id='word_1_188' title='bbox 726 1869 870 1913; x_wconf 89' lang='lat' dir='ltr'>mittit</span> <span class='ocrx_word' id='word_1_189' title='bbox 903 1869 1095 1927; x_wconf 89' lang='lat' dir='ltr'>lapidem</span> <span class='ocrx_word' id='word_1_190' title='bbox 1126 1870 1173 1913; x_wconf 92' lang='lat' dir='ltr'>in</span> <span class='ocrx_word' id='word_1_191' title='bbox 1203 1885 1411 1916; x_wconf 88' lang='lat' dir='ltr'>aceruum</span> <span class='ocrx_word' id='word_1_192' title='bbox 1440 1872 1660 1924; x_wconf 90' lang='lat' dir='ltr'>Mercurii,</span> 
     </span>
    </p>

    <p class='ocr_par' dir='ltr' id='par_1_6' title="bbox 139 1939 1663 2345">
     <span class='ocr_line' id='line_1_25' title="bbox 196 1939 1662 1998; baseline 0.003 -16"><span class='ocrx_word' id='word_1_193' title='bbox 196 1939 258 1983; x_wconf 89' lang='lat' dir='ltr'>sic</span> <span class='ocrx_word' id='word_1_194' title='bbox 289 1939 367 1996; x_wconf 92' lang='lat' dir='ltr'>qui</span> <span class='ocrx_word' id='word_1_195' title='bbox 400 1939 479 1983; x_wconf 89' lang='lat' dir='ltr'>dat</span> <span class='ocrx_word' id='word_1_196' title='bbox 513 1939 740 1998; x_wconf 89' lang='lat' dir='ltr'>insipienti</span> <span class='ocrx_word' id='word_1_197' title='bbox 779 1940 1004 1983; x_wconf 86' lang='lat' dir='ltr'>honorem.</span> <span class='ocrx_word' id='word_1_198' title='bbox 1065 1940 1162 1983; x_wconf 91' lang='lat' dir='ltr'>Hoc</span> <span class='ocrx_word' id='word_1_199' title='bbox 1200 1955 1229 1983; x_wconf 88' lang='lat' dir='ltr'>a</span> <span class='ocrx_word' id='word_1_200' title='bbox 1262 1941 1451 1985; x_wconf 87' lang='lat' dir='ltr'>diuersis</span> <span class='ocrx_word' id='word_1_201' title='bbox 1485 1942 1662 1986; x_wconf 87' lang='lat' dir='ltr'>diuerso</span> 
     </span>
     <span class='ocr_line' id='line_1_26' title="bbox 139 2008 1660 2068; baseline 0.002 -17"><span class='ocrx_word' id='word_1_202' title='bbox 139 2026 179 2061; x_wconf 84' lang='lat'>²5</span> <span class='ocrx_word' id='word_1_203' title='bbox 196 2008 326 2052; x_wconf 91' lang='lat' dir='ltr'>modo</span> <span class='ocrx_word' id='word_1_204' title='bbox 352 2009 600 2066; x_wconf 83' lang='lat' dir='ltr'>exponitur.</span> <span class='ocrx_word' id='word_1_205' title='bbox 659 2009 754 2067; x_wconf 90' lang='lat' dir='ltr'>Ego</span> <span class='ocrx_word' id='word_1_206' title='bbox 773 2009 1092 2066; x_wconf 88' lang='lat' dir='ltr'>sapientiorum</span> <span class='ocrx_word' id='word_1_207' title='bbox 1118 2010 1251 2053; x_wconf 86' lang='lat' dir='ltr'>uenia</span> <span class='ocrx_word' id='word_1_208' title='bbox 1277 2010 1516 2068; x_wconf 87' lang='lat' dir='ltr'>impetrata</span> <span class='ocrx_word' id='word_1_209' title='bbox 1542 2027 1660 2056; x_wconf 88' lang='lat' dir='ltr'>acer-</span> 
     </span>
     <span class='ocr_line' id='line_1_27' title="bbox 195 2078 1663 2139; baseline 0.002 -18"><span class='ocrx_word' id='word_1_210' title='bbox 195 2091 303 2121; x_wconf 90' lang='lat' dir='ltr'>uum</span> <span class='ocrx_word' id='word_1_211' title='bbox 329 2078 459 2122; x_wconf 88' lang='lat' dir='ltr'>credo</span> <span class='ocrx_word' id='word_1_212' title='bbox 485 2078 704 2129; x_wconf 85' lang='lat' dir='ltr'>Mercurii,</span> <span class='ocrx_word' id='word_1_213' title='bbox 724 2078 771 2121; x_wconf 93' lang='lat' dir='ltr'>in</span> <span class='ocrx_word' id='word_1_214' title='bbox 792 2093 879 2136; x_wconf 92' lang='lat' dir='ltr'>quo</span> <span class='ocrx_word' id='word_1_215' title='bbox 902 2079 1106 2122; x_wconf 84' lang='lat' dir='ltr'>consistit</span> <span class='ocrx_word' id='word_1_216' title='bbox 1134 2080 1250 2123; x_wconf 88' lang='lat' dir='ltr'>ratio</span> <span class='ocrx_word' id='word_1_217' title='bbox 1278 2080 1536 2132; x_wconf 87' lang='lat' dir='ltr'>calculandi,</span> <span class='ocrx_word' id='word_1_218' title='bbox 1557 2082 1663 2139; x_wconf 86' lang='lat' dir='ltr'>quia</span> 
     </span>
     <span class='ocr_line' id='line_1_28' title="bbox 196 2148 1663 2207; baseline 0.002 -15"><span class='ocrx_word' id='word_1_219' title='bbox 196 2148 440 2192; x_wconf 78' lang='lat' dir='ltr'>Mercurius</span> <span class='ocrx_word' id='word_1_220' title='bbox 459 2163 623 2191; x_wconf 90' lang='lat' dir='ltr'>numen</span> <span class='ocrx_word' id='word_1_221' title='bbox 643 2163 794 2192; x_wconf 89' lang='lat' dir='ltr'>eorum</span> <span class='ocrx_word' id='word_1_222' title='bbox 815 2151 883 2191; x_wconf 91' lang='lat' dir='ltr'>est</span> <span class='ocrx_word' id='word_1_223' title='bbox 905 2148 982 2205; x_wconf 92' lang='lat' dir='ltr'>qui</span> <span class='ocrx_word' id='word_1_224' title='bbox 1010 2149 1356 2207; x_wconf 88' lang='lat' dir='ltr'>negotiationem</span> <span class='ocrx_word' id='word_1_225' title='bbox 1383 2153 1590 2194; x_wconf 87' lang='lat' dir='ltr'>exercent</span> <span class='ocrx_word' id='word_1_226' title='bbox 1616 2154 1663 2195; x_wconf 89' lang='lat' dir='ltr'>et</span> 
     </span>
     <span class='ocr_line' id='line_1_29' title="bbox 195 2217 1661 2277; baseline 0.002 -17"><span class='ocrx_word' id='word_1_227' title='bbox 195 2217 439 2261; x_wconf 86' lang='lat' dir='ltr'>ratiociniis</span> <span class='ocrx_word' id='word_1_228' title='bbox 458 2217 550 2261; x_wconf 87' lang='lat' dir='ltr'>suis</span> <span class='ocrx_word' id='word_1_229' title='bbox 570 2217 807 2276; x_wconf 86' lang='lat' dir='ltr'>diligenter</span> <span class='ocrx_word' id='word_1_230' title='bbox 826 2218 1078 2275; x_wconf 86' lang='lat' dir='ltr'>inuigilant.</span> <span class='ocrx_word' id='word_1_231' title='bbox 1137 2218 1318 2262; x_wconf 85' lang='lat' dir='ltr'>Mittere</span> <span class='ocrx_word' id='word_1_232' title='bbox 1338 2234 1443 2277; x_wconf 88' lang='lat' dir='ltr'>ergo</span> <span class='ocrx_word' id='word_1_233' title='bbox 1468 2220 1661 2277; x_wconf 90' lang='lat' dir='ltr'>lapidem</span> 
     </span>
     <span class='ocr_line' id='line_1_30' title="bbox 195 2286 1662 2345; baseline 0.002 -16"><span class='ocrx_word' id='word_1_234' title='bbox 195 2286 244 2330; x_wconf 90' lang='lat' dir='ltr'>in</span> <span class='ocrx_word' id='word_1_235' title='bbox 265 2300 472 2331; x_wconf 87' lang='lat' dir='ltr'>aceruum</span> <span class='ocrx_word' id='word_1_236' title='bbox 498 2301 585 2344; x_wconf 92' lang='lat' dir='ltr'>quo</span> <span class='ocrx_word' id='word_1_237' title='bbox 610 2286 786 2345; x_wconf 88' lang='lat' dir='ltr'>regitur·</span> <span class='ocrx_word' id='word_1_238' title='bbox 804 2287 920 2330; x_wconf 88' lang='lat' dir='ltr'>ratio</span> <span class='ocrx_word' id='word_1_239' title='bbox 946 2287 1191 2331; x_wconf 89' lang='lat' dir='ltr'>calculandi</span> <span class='ocrx_word' id='word_1_240' title='bbox 1217 2291 1285 2331; x_wconf 92' lang='lat' dir='ltr'>est</span> <span class='ocrx_word' id='word_1_241' title='bbox 1311 2291 1453 2332; x_wconf 90' lang='lat' dir='ltr'>totam</span> <span class='ocrx_word' id='word_1_242' title='bbox 1480 2290 1662 2332; x_wconf 87' lang='lat' dir='ltr'>turbare</span> 
     </span>
    </p>
   </div>
   <div class='ocr_carea' id='block_1_6' title="bbox 199 2422 1662 2472">
    <p class='ocr_par' dir='ltr' id='par_1_7' title="bbox 199 2422 1662 2472">
     <span class='ocr_line' id='line_1_31' title="bbox 199 2422 1662 2472; baseline 0.002 -12"><span class='ocrx_word' id='word_1_243' title='bbox 199 2433 243 2460; x_wconf 89' lang='lat'>12</span> <span class='ocrx_word' id='word_1_244' title='bbox 267 2422 486 2470; x_wconf 87' lang='lat' dir='ltr'>dupplicem</span> <span class='ocrx_word' id='word_1_245' title='bbox 502 2423 562 2460; x_wconf 87' lang='lat' dir='ltr'>BS</span> <span class='ocrx_word' id='word_1_246' title='bbox 692 2432 733 2470; x_wconf 83' lang='lat'>15</span> <span class='ocrx_word' id='word_1_247' title='bbox 759 2425 816 2461; x_wconf 84' lang='lat' dir='ltr'>est</span> <span class='ocrx_word' id='word_1_248' title='bbox 833 2423 889 2461; x_wconf 79' lang='lat' dir='ltr'>eis</span> <span class='ocrx_word' id='word_1_249' title='bbox 905 2423 944 2460; x_wconf 89' lang='lat' dir='ltr'>M</span> <span class='ocrx_word' id='word_1_250' title='bbox 1078 2425 1121 2462; x_wconf 89' lang='lat'>18</span> <span class='ocrx_word' id='word_1_251' title='bbox 1142 2429 1225 2471; x_wconf 73' lang='lat' dir='ltr'>post</span> <span class='ocrx_word' id='word_1_252' title='bbox 1239 2424 1426 2472; x_wconf 85' lang='lat' dir='ltr'>principis</span> <span class='ocrx_word' id='word_1_253' title='bbox 1442 2427 1528 2463; x_wconf 81' lang='lat' dir='ltr'>add.</span> <span class='ocrx_word' id='word_1_254' title='bbox 1544 2428 1611 2463; x_wconf 86' lang='lat' dir='ltr'>aut</span> <span class='ocrx_word' id='word_1_255' title='bbox 1627 2426 1662 2463; x_wconf 79' lang='lat' dir='ltr'>A</span> 
     </span>
    </p>
   </div>
   <div class='ocr_carea' id='block_1_7' title="bbox 0 2470 1663 2781">
    <p class='ocr_par' dir='ltr' id='par_1_8' title="bbox 0 2470 1663 2780">
     <span class='ocr_line' id='line_1_32' title="bbox 197 2470 448 2508; baseline -0.008 0"><span class='ocrx_word' id='word_1_256' title='bbox 197 2481 239 2508; x_wconf 82' lang='lat'>21</span> <span class='ocrx_word' id='word_1_257' title='bbox 267 2473 307 2508; x_wconf 89' lang='lat' dir='ltr'>et</span> <span class='ocrx_word' id='word_1_258' title='bbox 322 2482 391 2508; x_wconf 88' lang='lat' dir='ltr'>om.</span> <span class='ocrx_word' id='word_1_259' title='bbox 408 2470 448 2506; x_wconf 84' lang='lat' dir='ltr'>M</span> 
     </span>
     <span class='ocr_line' id='line_1_33' title="bbox 245 2585 1662 2632; baseline 0.002 -9"><span class='ocrx_word' id='word_1_260' title='bbox 245 2587 278 2628; x_wconf 90' lang='grc'>8,</span> <span class='ocrx_word' id='word_1_261' title='bbox 296 2595 320 2631; x_wconf 92' lang='grc'><strong>9</strong></span> <span class='ocrx_word' id='word_1_262' title='bbox 343 2586 385 2622; x_wconf 71' lang='lat' dir='ltr'>Si</span> <span class='ocrx_word' id='word_1_263' title='bbox 400 2586 585 2622; x_wconf 73' lang='lat' dir='ltr'>audierint</span> <span class='ocrx_word' id='word_1_264' title='bbox 600 2591 634 2621; x_wconf 76' lang='lat' dir='ltr'>et</span> <span class='ocrx_word' id='word_1_265' title='bbox 648 2587 921 2622; x_wconf 65' lang='grc' dir='ltr'>οὸεενιιααεήηι</span> <span class='ocrx_word' id='word_1_266' title='bbox 937 2587 1032 2623; x_wconf 89' lang='lat' dir='ltr'>etc.:</span> <span class='ocrx_word' id='word_1_267' title='bbox 1060 2585 1127 2623; x_wconf 91' lang='lat' dir='ltr'>Iob</span> <span class='ocrx_word' id='word_1_268' title='bbox 1144 2585 1265 2623; x_wconf 83' lang='lat' dir='ltr'>xxxvi.</span> <span class='ocrx_word' id='word_1_269' title='bbox 1286 2596 1414 2632; x_wconf 83' lang='lat'>11,12.</span> <span class='ocrx_word' id='word_1_270' title='bbox 1619 2589 1662 2626; x_wconf 88' lang='lat'>16</span> 
     </span>
     <span class='ocr_line' id='line_1_34' title="bbox 192 2632 1663 2717; baseline 0.001 -47"><span class='ocrx_word' id='word_1_271' title='bbox 192 2638 354 2681; x_wconf 73' lang='lat' dir='ltr'>potentes</span> <span class='ocrx_word' id='word_1_272' title='bbox 370 2634 442 2669; x_wconf 86' lang='lat' dir='ltr'>etc.</span> <span class='ocrx_word' id='word_1_273' title='bbox 458 2644 468 2668; x_wconf 90' lang='lat'>:</span> <span class='ocrx_word' id='word_1_274' title='bbox 493 2645 526 2670; x_wconf 85' lang='lat' dir='ltr'>v.</span> <span class='ocrx_word' id='word_1_275' title='bbox 544 2633 629 2678; x_wconf 87' lang='lat' dir='ltr'>Sap.</span> <span class='ocrx_word' id='word_1_276' title='bbox 648 2633 694 2669; x_wconf 82' lang='lat' dir='ltr'>vi.</span> <span class='ocrx_word' id='word_1_277' title='bbox 712 2642 755 2678; x_wconf 90' lang='lat'>7;</span> <span class='ocrx_word' id='word_1_278' title='bbox 781 2634 828 2670; x_wconf 86' lang='lat' dir='ltr'>cf.</span> <span class='ocrx_word' id='word_1_279' title='bbox 846 2632 1021 2680; x_wconf 81' lang='lat' dir='ltr'>supraiv.</span> <span class='ocrx_word' id='word_1_280' title='bbox 1039 2635 1062 2671; x_wconf 92' lang='lat'><strong>6</strong></span> <span class='ocrx_word' id='word_1_281' title='bbox 1067 2635 1228 2717; x_wconf 71' lang='lat' dir='ltr'>t(.524‹:)</span> <span class='ocrx_word' id='word_1_282' title='bbox 1397 2645 1444 2680; x_wconf 88' lang='lat'>23</span> <span class='ocrx_word' id='word_1_283' title='bbox 1471 2636 1663 2682; x_wconf 68' lang='lat' dir='ltr'>Quasiqui</span> 
     </span>
     <span class='ocr_line' id='line_1_35' title="bbox 7 2679 1569 2728; baseline 0.001 -11"><span class='ocrx_word' id='word_1_284' title='bbox 7 2705 10 2710; x_wconf 85' lang='lat'><em>-</em></span> <span class='ocrx_word' id='word_1_285' title='bbox 198 2683 311 2717; x_wconf 75' lang='lat' dir='ltr'>mittit</span> <span class='ocrx_word' id='word_1_286' title='bbox 334 2682 431 2717; x_wconf 87' lang='lat' dir='ltr'>etc.:</span> <span class='ocrx_word' id='word_1_287' title='bbox 455 2679 560 2717; x_wconf 86' lang='lat' dir='ltr'>Prov.</span> <span class='ocrx_word' id='word_1_288' title='bbox 575 2679 673 2717; x_wconf 86' lang='lat' dir='ltr'>xxvi.</span> <span class='ocrx_word' id='word_1_289' title='bbox 696 2681 718 2717; x_wconf 87' lang='lat'>8</span> <span class='ocrx_word' id='word_1_290' title='bbox 742 2680 810 2716; x_wconf 85' lang='lat' dir='ltr'>ubi</span> <span class='ocrx_word' id='word_1_291' title='bbox 833 2683 964 2718; x_wconf 87' lang='lat' dir='ltr'>tamen</span> <span class='ocrx_word' id='word_1_292' title='bbox 988 2680 1064 2718; x_wconf 91' lang='lat' dir='ltr'>le</span> <span class='ocrx_word' id='word_1_293' title='bbox 1067 2683 1133 2717; x_wconf 89' lang='lat' dir='ltr'>tur</span> <span class='ocrx_word' id='word_1_294' title='bbox 1155 2683 1198 2718; x_wconf 88' lang='lat' dir='ltr'>S·</span> <span class='ocrx_word' id='word_1_295' title='bbox 1197 2686 1257 2718; x_wconf 79' lang='lat' dir='ltr'>cut</span> <span class='ocrx_word' id='word_1_296' title='bbox 1279 2693 1347 2728; x_wconf 87' lang='lat' dir='ltr'>pro</span> <span class='ocrx_word' id='word_1_297' title='bbox 1374 2683 1498 2727; x_wconf 69' lang='lat' dir='ltr'>Quasi,</span> <span class='ocrx_word' id='word_1_298' title='bbox 1515 2685 1569 2719; x_wconf 79' lang='lat' dir='ltr'>ita</span> 
     </span>
     <span class='ocr_line' id='line_1_36' title="bbox 0 2695 1663 2781; baseline 0.001 -16"><span class='ocrx_word' id='word_1_299' title='bbox 0 2725 10 2780; x_wconf 99' lang='lat'>3</span> <span class='ocrx_word' id='word_1_300' title='bbox 198 2730 260 2770; x_wconf 71' lang='lat' dir='ltr'>sic,</span> <span class='ocrx_word' id='word_1_301' title='bbox 273 2729 385 2764; x_wconf 75' lang='lat' dir='ltr'>tribu</span> <span class='ocrx_word' id='word_1_302' title='bbox 379 2729 401 2762; x_wconf 76' lang='lat' dir='ltr'>t</span> <span class='ocrx_word' id='word_1_303' title='bbox 428 2737 498 2781; x_wconf 85' lang='lat' dir='ltr'>pro</span> <span class='ocrx_word' id='word_1_304' title='bbox 525 2729 600 2765; x_wconf 79' lang='lat' dir='ltr'>dat.</span> <span class='ocrx_word' id='word_1_305' title='bbox 814 2729 891 2774; x_wconf 63' lang='lat' dir='ltr'>Ego</span> <span class='ocrx_word' id='word_1_306' title='bbox 917 2730 1009 2765; x_wconf 74' lang='lat' dir='ltr'>etc.:</span> <span class='ocrx_word' id='word_1_307' title='bbox 1074 2740 1147 2765; x_wconf 85' lang='lat' dir='ltr'>ane</span> <span class='ocrx_word' id='word_1_308' title='bbox 1175 2727 1326 2775; x_wconf 85' lang='lat' dir='ltr'>interpr</span> <span class='ocrx_word' id='word_1_309' title='bbox 1306 2729 1537 2767; x_wconf 87' lang='lat' dir='ltr'>retationem</span> <span class='ocrx_word' id='word_1_310' title='bbox 1568 2695 1663 2766; x_wconf 72' lang='lat' dir='ltr'>aiibi</span> 
     </span>
    </p>
   </div>
   <div class='ocr_carea' id='block_1_8' title="bbox 0 2737 1663 2832">
    <p class='ocr_par' dir='ltr' id='par_1_9' title="bbox 0 2737 1663 2832">
     <span class='ocr_line' id='line_1_37' title="bbox 0 2737 1663 2832; baseline 0 -20"><span class='ocrx_word' id='word_1_311' title='bbox 0 2783 10 2832; x_wconf 51' lang='grc' dir='ltr'>ᾖ</span> <span class='ocrx_word' id='word_1_312' title='bbox 198 2787 277 2812; x_wconf 87' lang='grc' dir='ltr'>ιιοιι</span> <span class='ocrx_word' id='word_1_313' title='bbox 306 2773 467 2831; x_wconf 80' lang='lat' dir='ltr'>repperi.</span> <span class='ocrx_word' id='word_1_314' title='bbox 616 2775 662 2811; x_wconf 88' lang='lat'>28</span> <span class='ocrx_word' id='word_1_315' title='bbox 686 2737 905 2820; x_wconf 65' lang='lat' dir='ltr'>inu2t‘915&#39;210m</span> <span class='ocrx_word' id='word_1_316' title='bbox 945 2775 994 2812; x_wconf 85' lang='lat' dir='ltr'>cf.</span> <span class='ocrx_word' id='word_1_317' title='bbox 1019 2775 1195 2823; x_wconf 79' lang='lat' dir='ltr'>Fulgent.</span> <span class='ocrx_word' id='word_1_318' title='bbox 1218 2778 1368 2822; x_wconf 77' lang='lat' dir='ltr'>Mythol.</span> <span class='ocrx_word' id='word_1_319' title='bbox 1392 2776 1418 2813; x_wconf 88' lang='lat' dir='ltr'>i.</span> <span class='ocrx_word' id='word_1_320' title='bbox 1446 2779 1487 2814; x_wconf 88' lang='lat'>18</span> <span class='ocrx_word' id='word_1_321' title='bbox 1515 2779 1663 2813; x_wconf 82' lang='lat' dir='ltr'>Gallum</span> 
     </span>
    </p>
   </div>
   <div class='ocr_carea' id='block_1_9' title="bbox 197 2787 1667 2917">
    <p class='ocr_par' dir='ltr' id='par_1_10' title="bbox 197 2787 1667 2917">
     <span class='ocr_line' id='line_1_38' title="bbox 197 2787 1667 2871; baseline 0.004 -15"><span class='ocrx_word' id='word_1_322' title='bbox 197 2834 332 2869; x_wconf 73' lang='lat' dir='ltr'>quoque</span> <span class='ocrx_word' id='word_1_323' title='bbox 363 2823 406 2857; x_wconf 79' lang='lat' dir='ltr'>in</span> <span class='ocrx_word' id='word_1_324' title='bbox 430 2823 508 2857; x_wconf 75' lang='lat' dir='ltr'>eius</span> <span class='ocrx_word' id='word_1_325' title='bbox 539 2820 604 2869; x_wconf 86' lang='lat' dir='ltr'>(sc.</span> <span class='ocrx_word' id='word_1_326' title='bbox 629 2787 824 2868; x_wconf 83' lang='lat' dir='ltr'>Mercurii)</span> <span class='ocrx_word' id='word_1_327' title='bbox 850 2828 997 2869; x_wconf 76' lang='lat' dir='ltr'>ponunt</span> <span class='ocrx_word' id='word_1_328' title='bbox 1027 2825 1184 2867; x_wconf 74' lang='lat' dir='ltr'>tutelam,</span> <span class='ocrx_word' id='word_1_329' title='bbox 1210 2825 1305 2871; x_wconf 70' lang='lat' dir='ltr'>quod</span> <span class='ocrx_word' id='word_1_330' title='bbox 1327 2825 1445 2861; x_wconf 70' lang='lat' dir='ltr'>omnis</span> <span class='ocrx_word' id='word_1_331' title='bbox 1467 2826 1667 2870; x_wconf 72' lang='lat' dir='ltr'>neqotiator</span> 
     </span>
     <span class='ocr_line' id='line_1_39' title="bbox 197 2870 526 2917; baseline -0.009 -10"><span class='ocrx_word' id='word_1_332' title='bbox 197 2882 338 2917; x_wconf 79' lang='lat' dir='ltr'>semper</span> <span class='ocrx_word' id='word_1_333' title='bbox 355 2870 526 2915; x_wconf 75' lang='lat' dir='ltr'>inviqilet.</span> 
     </span>
    </p>
   </div>
   <div class='ocr_carea' id='block_1_10' title="bbox 1489 2951 1554 2988">
    <p class='ocr_par' dir='ltr' id='par_1_11' title="bbox 1489 2951 1554 2988">
     <span class='ocr_line' id='line_1_40' title="bbox 1489 2951 1554 2988; baseline 0.062 -4"><span class='ocrx_word' id='word_1_334' title='bbox 1489 2951 1554 2988; x_wconf 77' lang='lat'>307</span> 
     </span>
    </p>
   </div>
  </div>
 </body>
</html>
