<?xml version="1.0" encoding="UTF-8"?>
<!DOCTYPE html PUBLIC "-//W3C//DTD XHTML 1.0 Transitional//EN"
    "http://www.w3.org/TR/xhtml1/DTD/xhtml1-transitional.dtd">
<html xmlns="http://www.w3.org/1999/xhtml" xml:lang="en" lang="en">
 <head>
  <title>
</title>
<meta http-equiv="Content-Type" content="text/html;charset=utf-8" />
  <meta name='ocr-system' content='tesseract 3.04.00' />
  <meta name='ocr-capabilities' content='ocr_page ocr_carea ocr_par ocr_line ocrx_word'/>
</head>
<body>
  <div class='ocr_page' id='page_1' title='image "./policraticisived01john_0027.png"; bbox 0 0 1994 3236; ppageno 0'>
   <div class='ocr_carea' id='block_1_1' title="bbox 695 182 1148 227">
    <p class='ocr_par' dir='ltr' id='par_1_1' title="bbox 695 182 1148 227">
     <span class='ocr_line' id='line_1_1' title="bbox 695 182 1148 227; baseline -0.002 0"><span class='ocrx_word' id='word_1_1' title='bbox 695 182 1105 227; x_wconf 86' lang='lat' dir='ltr'>PROLEGOMEN</span> <span class='ocrx_word' id='word_1_2' title='bbox 1106 183 1148 227; x_wconf 86' lang='lat' dir='ltr'>A</span> 
     </span>
    </p>
   </div>
   <div class='ocr_carea' id='block_1_2' title="bbox 191 295 1717 2907">
    <p class='ocr_par' dir='ltr' id='par_1_2' title="bbox 191 295 1658 630">
     <span class='ocr_line' id='line_1_2' title="bbox 194 295 1657 357; baseline -0.001 -15"><span class='ocrx_word' id='word_1_3' title='bbox 194 298 407 357; x_wconf 78' lang='lat' dir='ltr'><strong>quaedam</strong></span> <span class='ocrx_word' id='word_1_4' title='bbox 427 301 532 341; x_wconf 89' lang='lat' dir='ltr'>sunt</span> <span class='ocrx_word' id='word_1_5' title='bbox 551 297 736 339; x_wconf 86' lang='lat' dir='ltr'>inuenta</span> <span class='ocrx_word' id='word_1_6' title='bbox 750 310 863 353; x_wconf 89' lang='lat' dir='ltr'>quae</span> <span class='ocrx_word' id='word_1_7' title='bbox 876 310 933 338; x_wconf 84' lang='lat' dir='ltr'>ex</span> <span class='ocrx_word' id='word_1_8' title='bbox 948 295 1113 339; x_wconf 86' lang='lat' dir='ltr'>Graeco</span> <span class='ocrx_word' id='word_1_9' title='bbox 1132 296 1256 339; x_wconf 87' lang='lat' dir='ltr'>fonte</span> <span class='ocrx_word' id='word_1_10' title='bbox 1271 297 1506 340; x_wconf 86' lang='lat' dir='ltr'>defluxisse</span> <span class='ocrx_word' id='word_1_11' title='bbox 1521 298 1657 340; x_wconf 85' lang='lat' dir='ltr'>senti-</span> 
     </span>
     <span class='ocr_line' id='line_1_3' title="bbox 193 365 1658 424; baseline -0.001 -12"><span class='ocrx_word' id='word_1_12' title='bbox 193 381 302 418; x_wconf 85' lang='lat' dir='ltr'>mus,</span> <span class='ocrx_word' id='word_1_13' title='bbox 322 381 408 424; x_wconf 91' lang='lat' dir='ltr'>quo</span> <span class='ocrx_word' id='word_1_14' title='bbox 427 369 577 410; x_wconf 88' lang='lat' dir='ltr'>tamen</span> <span class='ocrx_word' id='word_1_15' title='bbox 603 368 753 408; x_wconf 90' lang='lat' dir='ltr'>meatu</span> <span class='ocrx_word' id='word_1_16' title='bbox 780 365 998 408; x_wconf 88' lang='lat' dir='ltr'>incertum</span> <span class='ocrx_word' id='word_1_17' title='bbox 1029 368 1107 414; x_wconf 89' lang='lat' dir='ltr'>est,</span> <span class='ocrx_word' id='word_1_18' title='bbox 1127 380 1216 408; x_wconf 93' lang='lat' dir='ltr'>non</span> <span class='ocrx_word' id='word_1_19' title='bbox 1244 366 1341 410; x_wconf 91' lang='lat' dir='ltr'>ideo</span> <span class='ocrx_word' id='word_1_20' title='bbox 1361 368 1470 410; x_wconf 87' lang='lat' dir='ltr'>talia</span> <span class='ocrx_word' id='word_1_21' title='bbox 1490 368 1658 410; x_wconf 88' lang='lat' dir='ltr'>nullius</span> 
     </span>
     <span class='ocr_line' id='line_1_4' title="bbox 191 434 1656 492; baseline 0 -13"><span class='ocrx_word' id='word_1_22' title='bbox 191 436 448 480; x_wconf 87' lang='lat' dir='ltr'>interuentu</span> <span class='ocrx_word' id='word_1_23' title='bbox 475 434 732 491; x_wconf 74' lang='lat' dir='ltr'><strong>interpretis</strong></span> <span class='ocrx_word' id='word_1_24' title='bbox 753 434 825 476; x_wconf 90' lang='lat' dir='ltr'>uel</span> <span class='ocrx_word' id='word_1_25' title='bbox 851 434 1079 490; x_wconf 87' lang='lat' dir='ltr'>scriptoris</span> <span class='ocrx_word' id='word_1_26' title='bbox 1107 434 1257 477; x_wconf 62' lang='lat' dir='ltr'>Iatini</span> <span class='ocrx_word' id='word_1_27' title='bbox 1285 451 1421 492; x_wconf 90' lang='lat' dir='ltr'>usque</span> <span class='ocrx_word' id='word_1_28' title='bbox 1446 437 1503 479; x_wconf 87' lang='lat' dir='ltr'>ad</span> <span class='ocrx_word' id='word_1_29' title='bbox 1530 437 1656 480; x_wconf 91' lang='lat' dir='ltr'>illum</span> 
     </span>
     <span class='ocr_line' id='line_1_5' title="bbox 191 502 1658 563; baseline 0 -14"><span class='ocrx_word' id='word_1_30' title='bbox 191 505 442 563; x_wconf 86' lang='lat' dir='ltr'>peruenisse</span> <span class='ocrx_word' id='word_1_31' title='bbox 480 504 635 556; x_wconf 88' lang='lat' dir='ltr'>credo;</span> <span class='ocrx_word' id='word_1_32' title='bbox 675 518 728 546; x_wconf 86' lang='lat' dir='ltr'>ea</span> <span class='ocrx_word' id='word_1_33' title='bbox 767 518 879 560; x_wconf 88' lang='lat' dir='ltr'>quae</span> <span class='ocrx_word' id='word_1_34' title='bbox 919 518 989 546; x_wconf 90' lang='lat' dir='ltr'>me</span> <span class='ocrx_word' id='word_1_35' title='bbox 1033 502 1291 548; x_wconf 80' lang='lat' dir='ltr'>fefellerunt</span> <span class='ocrx_word' id='word_1_36' title='bbox 1330 506 1439 548; x_wconf 89' lang='lat' dir='ltr'>alios</span> <span class='ocrx_word' id='word_1_37' title='bbox 1479 506 1658 549; x_wconf 85' lang='lat' dir='ltr'>meliore</span> 
     </span>
     <span class='ocr_line' id='line_1_6' title="bbox 192 573 924 630; baseline -0.003 -13"><span class='ocrx_word' id='word_1_38' title='bbox 192 573 374 618; x_wconf 79' lang='lat' dir='ltr'>fortuna</span> <span class='ocrx_word' id='word_1_39' title='bbox 392 588 494 617; x_wconf 89' lang='lat' dir='ltr'>usos</span> <span class='ocrx_word' id='word_1_40' title='bbox 514 587 642 630; x_wconf 89' lang='lat' dir='ltr'>spero</span> <span class='ocrx_word' id='word_1_41' title='bbox 660 574 924 630; x_wconf 75' lang='lat' dir='ltr'><strong>reperturos.</strong></span> 
     </span>
    </p>

    <p class='ocr_par' dir='ltr' id='par_1_3' title="bbox 191 642 1659 1116">
     <span class='ocr_line' id='line_1_7' title="bbox 249 642 1657 699; baseline 0.001 -13"><span class='ocrx_word' id='word_1_42' title='bbox 249 643 493 687; x_wconf 77' lang='lat' dir='ltr'><strong>HOMERVM</strong></span> <span class='ocrx_word' id='word_1_43' title='bbox 523 657 580 686; x_wconf 85' lang='lat' dir='ltr'>ex</span> <span class='ocrx_word' id='word_1_44' title='bbox 599 642 777 685; x_wconf 88' lang='lat' dir='ltr'>Valerio</span> <span class='ocrx_word' id='word_1_45' title='bbox 804 642 1012 692; x_wconf 86' lang='lat' dir='ltr'>Maximo,</span> <span class='ocrx_word' id='word_1_46' title='bbox 1033 642 1222 699; x_wconf 90' lang='lat' dir='ltr'>Apuleio</span> <span class='ocrx_word' id='word_1_47' title='bbox 1250 642 1305 686; x_wconf 83' lang='lat' dir='ltr'>de</span> <span class='ocrx_word' id='word_1_48' title='bbox 1334 643 1422 686; x_wconf 78' lang='lat' dir='ltr'>Deo</span> <span class='ocrx_word' id='word_1_49' title='bbox 1447 644 1657 697; x_wconf 76' lang='lat' dir='ltr'>Socratis,</span> 
     </span>
     <span class='ocr_line' id='line_1_8' title="bbox 193 710 1656 767; baseline 0 -10"><span class='ocrx_word' id='word_1_50' title='bbox 193 711 450 757; x_wconf 76' lang='lat' dir='ltr'>cassiodoro</span> <span class='ocrx_word' id='word_1_51' title='bbox 475 712 523 755; x_wconf 90' lang='lat' dir='ltr'>in</span> <span class='ocrx_word' id='word_1_52' title='bbox 551 711 761 755; x_wconf 72' lang='lat' dir='ltr'><em>Historia</em></span> <span class='ocrx_word' id='word_1_53' title='bbox 789 710 1056 767; x_wconf 74' lang='lat' dir='ltr'>Tripartita,</span> <span class='ocrx_word' id='word_1_54' title='bbox 1077 712 1300 755; x_wconf 90' lang='lat' dir='ltr'>Macrobio</span> <span class='ocrx_word' id='word_1_55' title='bbox 1323 712 1370 755; x_wconf 92' lang='lat' dir='ltr'>in</span> <span class='ocrx_word' id='word_1_56' title='bbox 1391 714 1656 757; x_wconf 61' lang='lat' dir='ltr'>&amp;itur-nali-</span> 
     </span>
     <span class='ocr_line' id='line_1_9' title="bbox 193 780 1657 835; baseline 0.001 -11"><span class='ocrx_word' id='word_1_57' title='bbox 193 781 273 827; x_wconf 76' lang='lat' dir='ltr'>bus</span> <span class='ocrx_word' id='word_1_58' title='bbox 301 781 422 825; x_wconf 80' lang='lat' dir='ltr'>citat.</span> <span class='ocrx_word' id='word_1_59' title='bbox 479 781 535 824; x_wconf 91' lang='lat' dir='ltr'>In</span> <span class='ocrx_word' id='word_1_60' title='bbox 564 780 730 824; x_wconf 77' lang='lat' dir='ltr'>Polior.</span> <span class='ocrx_word' id='word_1_61' title='bbox 762 781 854 823; x_wconf 89' lang='lat' dir='ltr'>viii.</span> <span class='ocrx_word' id='word_1_62' title='bbox 883 791 951 835; x_wconf 83' lang='lat'>25,</span> <span class='ocrx_word' id='word_1_63' title='bbox 980 781 1058 824; x_wconf 86' lang='lat' dir='ltr'>ubi</span> <span class='ocrx_word' id='word_1_64' title='bbox 1089 781 1178 824; x_wconf 86' lang='lat' dir='ltr'>alia</span> <span class='ocrx_word' id='word_1_65' title='bbox 1208 781 1262 824; x_wconf 89' lang='lat' dir='ltr'>de</span> <span class='ocrx_word' id='word_1_66' title='bbox 1299 782 1505 825; x_wconf 85' lang='lat' dir='ltr'>libertate</span> <span class='ocrx_word' id='word_1_67' title='bbox 1535 783 1657 826; x_wconf 83' lang='lat' dir='ltr'>dicta</span> 
     </span>
     <span class='ocr_line' id='line_1_10' title="bbox 191 850 1656 908; baseline 0.001 -14"><span class='ocrx_word' id='word_1_68' title='bbox 191 853 311 903; x_wconf 86' lang='lat' dir='ltr'>sunt,</span> <span class='ocrx_word' id='word_1_69' title='bbox 331 865 518 908; x_wconf 88' lang='lat' dir='ltr'>quorum</span> <span class='ocrx_word' id='word_1_70' title='bbox 538 853 762 894; x_wconf 89' lang='lat' dir='ltr'>auctorem</span> <span class='ocrx_word' id='word_1_71' title='bbox 783 864 872 893; x_wconf 92' lang='lat' dir='ltr'>non</span> <span class='ocrx_word' id='word_1_72' title='bbox 892 865 1092 907; x_wconf 84' lang='lat' dir='ltr'>agnosco,</span> <span class='ocrx_word' id='word_1_73' title='bbox 1113 850 1391 907; x_wconf 88' lang='lat' dir='ltr'>quorundam</span> <span class='ocrx_word' id='word_1_74' title='bbox 1413 851 1513 895; x_wconf 83' lang='lat' dir='ltr'>fons</span> <span class='ocrx_word' id='word_1_75' title='bbox 1533 852 1656 895; x_wconf 89' lang='lat' dir='ltr'>uide-</span> 
     </span>
     <span class='ocr_line' id='line_1_11' title="bbox 192 919 1659 978; baseline 0 -14"><span class='ocrx_word' id='word_1_76' title='bbox 192 923 269 964; x_wconf 90' lang='lat' dir='ltr'>tur</span> <span class='ocrx_word' id='word_1_77' title='bbox 296 935 389 964; x_wconf 87' lang='lat' dir='ltr'>esse</span> <span class='ocrx_word' id='word_1_78' title='bbox 414 920 534 964; x_wconf 90' lang='lat' dir='ltr'>locus</span> <span class='ocrx_word' id='word_1_79' title='bbox 559 920 831 972; x_wconf 81' lang='lat' dir='ltr'>Homericus,</span> <span class='ocrx_word' id='word_1_80' title='bbox 859 919 1009 976; x_wconf 77' lang='lat' dir='ltr'>Odyss.</span> <span class='ocrx_word' id='word_1_81' title='bbox 1037 920 1145 963; x_wconf 85' lang='lat' dir='ltr'>xvii.</span> <span class='ocrx_word' id='word_1_82' title='bbox 1173 934 1270 976; x_wconf 84' lang='lat'>322,</span> <span class='ocrx_word' id='word_1_83' title='bbox 1297 934 1392 978; x_wconf 84' lang='lat'><strong>323.</strong></span> <span class='ocrx_word' id='word_1_84' title='bbox 1452 921 1576 974; x_wconf 82' lang='lat' dir='ltr'>Quae</span> <span class='ocrx_word' id='word_1_85' title='bbox 1604 922 1659 964; x_wconf 92' lang='lat' dir='ltr'>de</span> 
     </span>
     <span class='ocr_line' id='line_1_12' title="bbox 193 989 1658 1047; baseline 0.001 -15"><span class='ocrx_word' id='word_1_86' title='bbox 193 989 462 1034; x_wconf 76' lang='lat' dir='ltr'><strong>Phaeacibus</strong></span> <span class='ocrx_word' id='word_1_87' title='bbox 487 990 536 1033; x_wconf 92' lang='lat' dir='ltr'>in</span> <span class='ocrx_word' id='word_1_88' title='bbox 559 989 725 1034; x_wconf 75' lang='lat' dir='ltr'>Polior.</span> <span class='ocrx_word' id='word_1_89' title='bbox 749 990 840 1032; x_wconf 89' lang='lat' dir='ltr'>viii.</span> <span class='ocrx_word' id='word_1_90' title='bbox 861 991 888 1031; x_wconf 94' lang='lat'><em>6</em></span> <span class='ocrx_word' id='word_1_91' title='bbox 920 990 1141 1047; x_wconf 88' lang='lat' dir='ltr'>leguntur,</span> <span class='ocrx_word' id='word_1_92' title='bbox 1162 1005 1251 1033; x_wconf 93' lang='lat' dir='ltr'>non</span> <span class='ocrx_word' id='word_1_93' title='bbox 1277 990 1435 1034; x_wconf 85' lang='lat' dir='ltr'>dubito</span> <span class='ocrx_word' id='word_1_94' title='bbox 1465 992 1574 1047; x_wconf 91' lang='lat' dir='ltr'>quin</span> <span class='ocrx_word' id='word_1_95' title='bbox 1602 1006 1658 1034; x_wconf 83' lang='lat' dir='ltr'>ex</span> 
     </span>
     <span class='ocr_line' id='line_1_13' title="bbox 193 1059 1521 1116; baseline 0.001 -14"><span class='ocrx_word' id='word_1_96' title='bbox 193 1059 406 1103; x_wconf 76' lang='lat' dir='ltr'>Macrobii</span> <span class='ocrx_word' id='word_1_97' title='bbox 425 1059 807 1103; x_wconf 70' lang='lat' dir='ltr'>Satummliorum</span> <span class='ocrx_word' id='word_1_98' title='bbox 827 1059 952 1102; x_wconf 88' lang='lat' dir='ltr'>libris</span> <span class='ocrx_word' id='word_1_99' title='bbox 971 1059 1144 1103; x_wconf 87' lang='lat' dir='ltr'>amissis</span> <span class='ocrx_word' id='word_1_100' title='bbox 1163 1059 1398 1116; x_wconf 86' lang='lat' dir='ltr'>desumpta</span> <span class='ocrx_word' id='word_1_101' title='bbox 1417 1060 1521 1104; x_wconf 89' lang='lat' dir='ltr'>sint.</span> 
     </span>
    </p>

    <p class='ocr_par' dir='ltr' id='par_1_4' title="bbox 250 1128 1656 1185">
     <span class='ocr_line' id='line_1_14' title="bbox 250 1128 1656 1185; baseline 0.001 -13"><span class='ocrx_word' id='word_1_102' title='bbox 250 1128 531 1172; x_wconf 69' lang='lat' dir='ltr'>Hmzonorvs</span> <span class='ocrx_word' id='word_1_103' title='bbox 547 1143 604 1172; x_wconf 86' lang='lat' dir='ltr'>ex</span> <span class='ocrx_word' id='word_1_104' title='bbox 620 1129 895 1185; x_wconf 85' lang='lat' dir='ltr'>Hieronymo</span> <span class='ocrx_word' id='word_1_105' title='bbox 910 1130 1134 1173; x_wconf 78' lang='lat' dir='ltr'>aduersus</span> <span class='ocrx_word' id='word_1_106' title='bbox 1148 1129 1464 1174; x_wconf 72' lang='lat' dir='ltr'>Iouinianam</span> <span class='ocrx_word' id='word_1_107' title='bbox 1479 1130 1656 1174; x_wconf 85' lang='lat' dir='ltr'>citatur.</span> 
     </span>
    </p>

    <p class='ocr_par' dir='ltr' id='par_1_5' title="bbox 250 1197 1112 1242">
     <span class='ocr_line' id='line_1_15' title="bbox 250 1197 1112 1242; baseline 0 -2"><span class='ocrx_word' id='word_1_108' title='bbox 250 1197 606 1242; x_wconf 66' lang='lat' dir='ltr'>Ams‘rornmns</span> <span class='ocrx_word' id='word_1_109' title='bbox 626 1213 683 1242; x_wconf 87' lang='lat' dir='ltr'>ex</span> <span class='ocrx_word' id='word_1_110' title='bbox 707 1198 883 1242; x_wconf 75' lang='lat' dir='ltr'>Valerio</span> <span class='ocrx_word' id='word_1_111' title='bbox 904 1198 1112 1241; x_wconf 81' lang='lat' dir='ltr'>Maximo.</span> 
     </span>
    </p>

    <p class='ocr_par' dir='ltr' id='par_1_6' title="bbox 193 1266 1717 2146">
     <span class='ocr_line' id='line_1_16' title="bbox 251 1266 1661 1322; baseline 0.001 -12"><span class='ocrx_word' id='word_1_112' title='bbox 251 1266 484 1311; x_wconf 76' lang='lat' dir='ltr'>PLA&#39;roms</span> <span class='ocrx_word' id='word_1_113' title='bbox 512 1267 754 1312; x_wconf 63' lang='lat' dir='ltr'>thaeum</span> <span class='ocrx_word' id='word_1_114' title='bbox 783 1282 839 1311; x_wconf 85' lang='lat' dir='ltr'>ex</span> <span class='ocrx_word' id='word_1_115' title='bbox 870 1267 1088 1312; x_wconf 86' lang='lat' dir='ltr'>Chalcidii</span> <span class='ocrx_word' id='word_1_116' title='bbox 1118 1267 1334 1320; x_wconf 86' lang='lat' dir='ltr'>uersione,</span> <span class='ocrx_word' id='word_1_117' title='bbox 1361 1267 1661 1322; x_wconf 78' lang='lat' dir='ltr'><strong><em>Phaedonem,</em></strong></span> 
     </span>
     <span class='ocr_line' id='line_1_17' title="bbox 193 1335 1657 1395; baseline 0 -15"><span class='ocrx_word' id='word_1_118' title='bbox 193 1335 472 1390; x_wconf 76' lang='lat' dir='ltr'>Phaedrum,</span> <span class='ocrx_word' id='word_1_119' title='bbox 500 1336 846 1394; x_wconf 78' lang='lat' dir='ltr'>Rempublicam</span> <span class='ocrx_word' id='word_1_120' title='bbox 876 1352 932 1380; x_wconf 81' lang='lat' dir='ltr'>ex</span> <span class='ocrx_word' id='word_1_121' title='bbox 962 1336 1172 1380; x_wconf 84' lang='lat' dir='ltr'>Cicerone</span> <span class='ocrx_word' id='word_1_122' title='bbox 1201 1337 1255 1380; x_wconf 80' lang='lat' dir='ltr'>cle</span> <span class='ocrx_word' id='word_1_123' title='bbox 1285 1336 1465 1394; x_wconf 73' lang='lat' dir='ltr'>Officiis,</span> <span class='ocrx_word' id='word_1_124' title='bbox 1500 1338 1657 1395; x_wconf 86' lang='lat' dir='ltr'>Augu-</span> 
     </span>
     <span class='ocr_line' id='line_1_18' title="bbox 193 1405 1717 1463; baseline 0.001 -15"><span class='ocrx_word' id='word_1_125' title='bbox 193 1405 310 1450; x_wconf 88' lang='lat' dir='ltr'>stino</span> <span class='ocrx_word' id='word_1_126' title='bbox 324 1405 378 1450; x_wconf 82' lang='lat' dir='ltr'>de</span> <span class='ocrx_word' id='word_1_127' title='bbox 395 1405 589 1450; x_wconf 71' lang='lat' dir='ltr'>Ciuitate</span> <span class='ocrx_word' id='word_1_128' title='bbox 607 1406 704 1457; x_wconf 75' lang='lat' dir='ltr'>Dei,</span> <span class='ocrx_word' id='word_1_129' title='bbox 720 1406 907 1450; x_wconf 76' lang='lat' dir='ltr'>Boethio</span> <span class='ocrx_word' id='word_1_130' title='bbox 926 1407 979 1449; x_wconf 83' lang='lat' dir='ltr'>de</span> <span class='ocrx_word' id='word_1_131' title='bbox 1003 1406 1311 1450; x_wconf 70' lang='lat' dir='ltr'>Consolatione</span> <span class='ocrx_word' id='word_1_132' title='bbox 1332 1406 1661 1463; x_wconf 69' lang='lat' dir='ltr'>Philosophiae,</span> <span class='ocrx_word' id='word_1_133' title='bbox 1714 1460 1717 1463; x_wconf 21' lang='grc' dir='ltr'>ι</span> 
     </span>
     <span class='ocr_line' id='line_1_19' title="bbox 194 1475 1660 1534; baseline 0.001 -15"><span class='ocrx_word' id='word_1_134' title='bbox 194 1475 416 1519; x_wconf 76' lang='lat' dir='ltr'>Macrobio</span> <span class='ocrx_word' id='word_1_135' title='bbox 454 1475 501 1519; x_wconf 89' lang='lat' dir='ltr'>in</span> <span class='ocrx_word' id='word_1_136' title='bbox 540 1476 870 1520; x_wconf 74' lang='lat' dir='ltr'>Saturnalibus</span> <span class='ocrx_word' id='word_1_137' title='bbox 910 1476 1031 1519; x_wconf 86' lang='lat' dir='ltr'>citat.</span> <span class='ocrx_word' id='word_1_138' title='bbox 1090 1476 1194 1519; x_wconf 86' lang='lat' dir='ltr'>Alia</span> <span class='ocrx_word' id='word_1_139' title='bbox 1232 1476 1287 1519; x_wconf 92' lang='lat' dir='ltr'>de</span> <span class='ocrx_word' id='word_1_140' title='bbox 1319 1476 1502 1520; x_wconf 72' lang='lat' dir='ltr'>Platone</span> <span class='ocrx_word' id='word_1_141' title='bbox 1541 1477 1660 1534; x_wconf 88' lang='lat' dir='ltr'>apud</span> 
     </span>
     <span class='ocr_line' id='line_1_20' title="bbox 194 1544 1661 1602; baseline 0.001 -14"><span class='ocrx_word' id='word_1_142' title='bbox 194 1544 419 1589; x_wconf 85' lang='lat' dir='ltr'>Valerium</span> <span class='ocrx_word' id='word_1_143' title='bbox 470 1545 730 1596; x_wconf 84' lang='lat' dir='ltr'>Maximum,</span> <span class='ocrx_word' id='word_1_144' title='bbox 781 1546 1021 1602; x_wconf 89' lang='lat' dir='ltr'>Apuleium</span> <span class='ocrx_word' id='word_1_145' title='bbox 1071 1545 1125 1589; x_wconf 76' lang='lat' dir='ltr'>de</span> <span class='ocrx_word' id='word_1_146' title='bbox 1173 1546 1388 1602; x_wconf 77' lang='lat' dir='ltr'>D09‘mate</span> <span class='ocrx_word' id='word_1_147' title='bbox 1439 1546 1661 1598; x_wconf 75' lang='lat' dir='ltr'>Platonis,</span> 
     </span>
     <span class='ocr_line' id='line_1_21' title="bbox 194 1614 1661 1672; baseline 0 -14"><span class='ocrx_word' id='word_1_148' title='bbox 194 1614 360 1659; x_wconf 82' lang='lat' dir='ltr'>Aulum</span> <span class='ocrx_word' id='word_1_149' title='bbox 386 1615 591 1668; x_wconf 84' lang='lat' dir='ltr'>Gellium,</span> <span class='ocrx_word' id='word_1_150' title='bbox 619 1615 944 1672; x_wconf 88' lang='lat' dir='ltr'>Hieronymum</span> <span class='ocrx_word' id='word_1_151' title='bbox 973 1615 1083 1658; x_wconf 80' lang='lat' dir='ltr'><em>adu.</em></span> <span class='ocrx_word' id='word_1_152' title='bbox 1111 1615 1283 1668; x_wconf 65' lang='lat' dir='ltr'>Imm,</span> <span class='ocrx_word' id='word_1_153' title='bbox 1307 1615 1584 1659; x_wconf 80' lang='lat' dir='ltr'>Chalcidium</span> <span class='ocrx_word' id='word_1_154' title='bbox 1614 1616 1661 1659; x_wconf 93' lang='lat' dir='ltr'>in</span> 
     </span>
     <span class='ocr_line' id='line_1_22' title="bbox 196 1684 1660 1741; baseline -0.001 -13"><span class='ocrx_word' id='word_1_155' title='bbox 196 1685 361 1729; x_wconf 81' lang='lat' dir='ltr'>Oomm.</span> <span class='ocrx_word' id='word_1_156' title='bbox 390 1685 447 1729; x_wconf 79' lang='lat' dir='ltr'>in</span> <span class='ocrx_word' id='word_1_157' title='bbox 483 1684 736 1737; x_wconf 76' lang='lat' dir='ltr'>Timaeum,</span> <span class='ocrx_word' id='word_1_158' title='bbox 762 1685 1027 1728; x_wconf 91' lang='lat' dir='ltr'>Flauianum</span> <span class='ocrx_word' id='word_1_159' title='bbox 1062 1684 1110 1727; x_wconf 92' lang='lat' dir='ltr'>in</span> <span class='ocrx_word' id='word_1_160' title='bbox 1145 1685 1259 1728; x_wconf 93' lang='lat' dir='ltr'>libro</span> <span class='ocrx_word' id='word_1_161' title='bbox 1290 1685 1344 1729; x_wconf 80' lang='lat' dir='ltr'>de</span> <span class='ocrx_word' id='word_1_162' title='bbox 1380 1684 1592 1741; x_wconf 71' lang='lat' dir='ltr'>Vestiylis</span> <span class='ocrx_word' id='word_1_163' title='bbox 1621 1689 1660 1728; x_wconf 81' lang='lat' dir='ltr'>et</span> 
     </span>
     <span class='ocr_line' id='line_1_23' title="bbox 194 1754 1659 1813; baseline 0 -15"><span class='ocrx_word' id='word_1_164' title='bbox 194 1754 487 1812; x_wconf 73' lang='lat' dir='ltr'>Doymatibus</span> <span class='ocrx_word' id='word_1_165' title='bbox 509 1754 885 1811; x_wconf 75' lang='lat' dir='ltr'>Philosophorum</span> <span class='ocrx_word' id='word_1_166' title='bbox 906 1770 1023 1799; x_wconf 92' lang='lat' dir='ltr'>nunc</span> <span class='ocrx_word' id='word_1_167' title='bbox 1043 1755 1206 1799; x_wconf 87' lang='lat' dir='ltr'>amisso</span> <span class='ocrx_word' id='word_1_168' title='bbox 1226 1756 1346 1813; x_wconf 85' lang='lat' dir='ltr'>legit.</span> <span class='ocrx_word' id='word_1_169' title='bbox 1406 1755 1539 1799; x_wconf 85' lang='lat' dir='ltr'>Dicta</span> <span class='ocrx_word' id='word_1_170' title='bbox 1568 1770 1659 1799; x_wconf 91' lang='lat' dir='ltr'>non</span> 
     </span>
     <span class='ocr_line' id='line_1_24' title="bbox 195 1823 1660 1881; baseline 0 -14"><span class='ocrx_word' id='word_1_171' title='bbox 195 1824 318 1868; x_wconf 88' lang='lat' dir='ltr'>nulla</span> <span class='ocrx_word' id='word_1_172' title='bbox 332 1823 530 1868; x_wconf 74' lang='lat' dir='ltr'>Platonis</span> <span class='ocrx_word' id='word_1_173' title='bbox 549 1824 596 1867; x_wconf 90' lang='lat' dir='ltr'>in</span> <span class='ocrx_word' id='word_1_174' title='bbox 617 1824 948 1868; x_wconf 74' lang='lat' dir='ltr'>collectionibus</span> <span class='ocrx_word' id='word_1_175' title='bbox 967 1826 1289 1868; x_wconf 84' lang='lat' dir='ltr'>sententiarum</span> <span class='ocrx_word' id='word_1_176' title='bbox 1306 1825 1490 1876; x_wconf 90' lang='lat' dir='ltr'>inuenit,</span> <span class='ocrx_word' id='word_1_177' title='bbox 1507 1825 1660 1881; x_wconf 86' lang='lat' dir='ltr'>quales</span> 
     </span>
     <span class='ocr_line' id='line_1_25' title="bbox 195 1892 1662 1951; baseline 0.001 -15"><span class='ocrx_word' id='word_1_178' title='bbox 195 1892 243 1936; x_wconf 89' lang='lat' dir='ltr'>in</span> <span class='ocrx_word' id='word_1_179' title='bbox 271 1893 384 1937; x_wconf 86' lang='lat' dir='ltr'>libro</span> <span class='ocrx_word' id='word_1_180' title='bbox 411 1894 488 1951; x_wconf 92' lang='lat' dir='ltr'>qui</span> <span class='ocrx_word' id='word_1_181' title='bbox 518 1894 740 1938; x_wconf 68' lang='lat' dir='ltr'>Caecilius</span> <span class='ocrx_word' id='word_1_182' title='bbox 763 1894 933 1938; x_wconf 77' lang='lat' dir='ltr'>Balbus</span> <span class='ocrx_word' id='word_1_183' title='bbox 960 1898 1147 1938; x_wconf 84' lang='lat' dir='ltr'>uocatur</span> <span class='ocrx_word' id='word_1_184' title='bbox 1174 1895 1396 1951; x_wconf 74' lang='lat' dir='ltr'>congessit</span> <span class='ocrx_word' id='word_1_185' title='bbox 1427 1894 1662 1937; x_wconf 88' lang='lat' dir='ltr'>Eduardus</span> 
     </span>
     <span class='ocr_line' id='line_1_26' title="bbox 197 1961 1664 2015; baseline 0 -9"><span class='ocrx_word' id='word_1_186' title='bbox 197 1961 492 2015; x_wconf 84' lang='lat' dir='ltr'>Woelfflinus;</span> <span class='ocrx_word' id='word_1_187' title='bbox 523 1963 626 2006; x_wconf 89' lang='lat' dir='ltr'>uide</span> <span class='ocrx_word' id='word_1_188' title='bbox 652 1978 806 2007; x_wconf 87' lang='lat' dir='ltr'>comm.</span> <span class='ocrx_word' id='word_1_189' title='bbox 835 1968 1035 2007; x_wconf 80' lang='lat' dir='ltr'>nostrum</span> <span class='ocrx_word' id='word_1_190' title='bbox 1063 1964 1121 2006; x_wconf 88' lang='lat' dir='ltr'>ad</span> <span class='ocrx_word' id='word_1_191' title='bbox 1142 1964 1305 2007; x_wconf 74' lang='lat' dir='ltr'>Polior.</span> <span class='ocrx_word' id='word_1_192' title='bbox 1327 1964 1387 2006; x_wconf 91' lang='lat' dir='ltr'>iii.</span> <span class='ocrx_word' id='word_1_193' title='bbox 1413 1977 1477 2015; x_wconf 87' lang='lat'>14.</span> <span class='ocrx_word' id='word_1_194' title='bbox 1538 1964 1664 2007; x_wconf 89' lang='lat' dir='ltr'>Inter</span> 
     </span>
     <span class='ocr_line' id='line_1_27' title="bbox 197 2031 1661 2090; baseline 0.001 -15"><span class='ocrx_word' id='word_1_195' title='bbox 197 2031 315 2076; x_wconf 84' lang='lat' dir='ltr'>dicta</span> <span class='ocrx_word' id='word_1_196' title='bbox 343 2031 596 2076; x_wconf 88' lang='lat' dir='ltr'>huiusmodi</span> <span class='ocrx_word' id='word_1_197' title='bbox 625 2032 673 2075; x_wconf 91' lang='lat' dir='ltr'>in</span> <span class='ocrx_word' id='word_1_198' title='bbox 703 2032 867 2076; x_wconf 73' lang='lat' dir='ltr'>Pol‘e&#39;aer.</span> <span class='ocrx_word' id='word_1_199' title='bbox 889 2048 930 2076; x_wconf 78' lang='lat' dir='ltr'>v,</span> <span class='ocrx_word' id='word_1_200' title='bbox 954 2046 976 2088; x_wconf 96' lang='lat'><strong><em>7</em></strong></span> <span class='ocrx_word' id='word_1_201' title='bbox 1003 2033 1287 2090; x_wconf 89' lang='lat' dir='ltr'>reperiuntur</span> <span class='ocrx_word' id='word_1_202' title='bbox 1315 2033 1507 2090; x_wconf 79' lang='lat' dir='ltr'>uestigia</span> <span class='ocrx_word' id='word_1_203' title='bbox 1536 2033 1661 2090; x_wconf 82' lang='lat' dir='ltr'>Le99.</span> 
     </span>
     <span class='ocr_line' id='line_1_28' title="bbox 197 2100 425 2146; baseline 0.004 -2"><span class='ocrx_word' id='word_1_204' title='bbox 197 2100 255 2145; x_wconf 87' lang='lat' dir='ltr'>ix.</span> <span class='ocrx_word' id='word_1_205' title='bbox 280 2101 362 2146; x_wconf 88' lang='lat'>862</span> <span class='ocrx_word' id='word_1_206' title='bbox 377 2101 425 2145; x_wconf 86' lang='lat' dir='ltr'>E.</span> 
     </span>
    </p>

    <p class='ocr_par' dir='ltr' id='par_1_7' title="bbox 198 2170 1664 2851">
     <span class='ocr_line' id='line_1_29' title="bbox 255 2170 1664 2228; baseline 0.001 -14"><span class='ocrx_word' id='word_1_207' title='bbox 255 2170 564 2216; x_wconf 70' lang='lat' dir='ltr'>Ams&#39;rorsms</span> <span class='ocrx_word' id='word_1_208' title='bbox 594 2172 941 2227; x_wconf 69' lang='lat' dir='ltr'>Oateyoriarum</span> <span class='ocrx_word' id='word_1_209' title='bbox 981 2175 1026 2215; x_wconf 87' lang='lat' dir='ltr'>et</span> <span class='ocrx_word' id='word_1_210' title='bbox 1060 2172 1163 2215; x_wconf 89' lang='lat' dir='ltr'>libri</span> <span class='ocrx_word' id='word_1_211' title='bbox 1193 2172 1246 2216; x_wconf 76' lang='lat' dir='ltr'>de</span> <span class='ocrx_word' id='word_1_212' title='bbox 1277 2171 1664 2228; x_wconf 71' lang='lat' dir='ltr'>Imm-pretatione</span> 
     </span>
     <span class='ocr_line' id='line_1_30' title="bbox 198 2240 1661 2293; baseline 0.001 -10"><span class='ocrx_word' id='word_1_213' title='bbox 198 2240 442 2284; x_wconf 73' lang='lat' dir='ltr'>uei-sionem</span> <span class='ocrx_word' id='word_1_214' title='bbox 482 2255 509 2284; x_wconf 90' lang='lat' dir='ltr'>a</span> <span class='ocrx_word' id='word_1_215' title='bbox 547 2241 734 2284; x_wconf 86' lang='lat' dir='ltr'>Boethio</span> <span class='ocrx_word' id='word_1_216' title='bbox 772 2240 938 2284; x_wconf 72' lang='lat' dir='ltr'>factam</span> <span class='ocrx_word' id='word_1_217' title='bbox 977 2241 1024 2284; x_wconf 94' lang='lat' dir='ltr'>in</span> <span class='ocrx_word' id='word_1_218' title='bbox 1060 2242 1266 2284; x_wconf 88' lang='lat' dir='ltr'>manibus</span> <span class='ocrx_word' id='word_1_219' title='bbox 1300 2241 1482 2293; x_wconf 84' lang='lat' dir='ltr'>habuit3</span> <span class='ocrx_word' id='word_1_220' title='bbox 1525 2242 1661 2285; x_wconf 88' lang='lat' dir='ltr'>etiam</span> 
     </span>
     <span class='ocr_line' id='line_1_31' title="bbox 201 2308 1663 2368; baseline 0.001 -16"><span class='ocrx_word' id='word_1_221' title='bbox 201 2308 551 2366; x_wconf 72' lang='lat' dir='ltr'>Analyticorum</span> <span class='ocrx_word' id='word_1_222' title='bbox 574 2313 620 2353; x_wconf 91' lang='lat' dir='ltr'>et</span> <span class='ocrx_word' id='word_1_223' title='bbox 645 2310 916 2367; x_wconf 78' lang='lat' dir='ltr'>Topicorum</span> <span class='ocrx_word' id='word_1_224' title='bbox 941 2310 1354 2368; x_wconf 74' lang='lat' dir='ltr'>interpretationem</span> <span class='ocrx_word' id='word_1_225' title='bbox 1379 2325 1492 2367; x_wconf 83' lang='lat' dir='ltr'>quae</span> <span class='ocrx_word' id='word_1_226' title='bbox 1523 2325 1663 2367; x_wconf 88' lang='lat' dir='ltr'>usque</span> 
     </span>
     <span class='ocr_line' id='line_1_32' title="bbox 199 2371 1662 2436; baseline 0.001 -15"><span class='ocrx_word' id='word_1_227' title='bbox 199 2377 255 2421; x_wconf 74' lang='lat' dir='ltr'>ad</span> <span class='ocrx_word' id='word_1_228' title='bbox 275 2382 425 2422; x_wconf 90' lang='lat' dir='ltr'>nostra</span> <span class='ocrx_word' id='word_1_229' title='bbox 447 2382 644 2436; x_wconf 87' lang='lat' dir='ltr'>tempora</span> <span class='ocrx_word' id='word_1_230' title='bbox 664 2379 747 2422; x_wconf 91' lang='lat' dir='ltr'>sub</span> <span class='ocrx_word' id='word_1_231' title='bbox 768 2371 943 2422; x_wconf 90' lang='lat' dir='ltr'>Boethii</span> <span class='ocrx_word' id='word_1_232' title='bbox 965 2380 1142 2423; x_wconf 90' lang='lat' dir='ltr'>nomine</span> <span class='ocrx_word' id='word_1_233' title='bbox 1163 2380 1481 2424; x_wconf 86' lang='lat' dir='ltr'>circumfertur.</span> <span class='ocrx_word' id='word_1_234' title='bbox 1538 2380 1662 2433; x_wconf 84' lang='lat' dir='ltr'>Quae</span> 
     </span>
     <span class='ocr_line' id='line_1_33' title="bbox 200 2448 1663 2500; baseline 0.001 -10"><span class='ocrx_word' id='word_1_235' title='bbox 200 2461 258 2490; x_wconf 86' lang='lat' dir='ltr'>an</span> <span class='ocrx_word' id='word_1_236' title='bbox 296 2462 398 2491; x_wconf 92' lang='lat' dir='ltr'>uere</span> <span class='ocrx_word' id='word_1_237' title='bbox 436 2448 613 2491; x_wconf 88' lang='lat' dir='ltr'>Boethii</span> <span class='ocrx_word' id='word_1_238' title='bbox 654 2449 726 2500; x_wconf 89' lang='lat' dir='ltr'>sit,</span> <span class='ocrx_word' id='word_1_239' title='bbox 761 2449 1083 2492; x_wconf 86' lang='lat' dir='ltr'>dubitauerunt</span> <span class='ocrx_word' id='word_1_240' title='bbox 1118 2450 1206 2492; x_wconf 89' lang='lat' dir='ltr'>uiri</span> <span class='ocrx_word' id='word_1_241' title='bbox 1247 2450 1364 2493; x_wconf 90' lang='lat' dir='ltr'>docti</span> <span class='ocrx_word' id='word_1_242' title='bbox 1395 2449 1444 2493; x_wconf 84' lang='lat' dir='ltr'>C.</span> <span class='ocrx_word' id='word_1_243' title='bbox 1475 2449 1663 2492; x_wconf 87' lang='lat' dir='ltr'>Schaar-</span> 
     </span>
     <span class='ocr_line' id='line_1_34' title="bbox 199 2516 1661 2576; baseline 0.001 -17"><span class='ocrx_word' id='word_1_244' title='bbox 199 2516 458 2561; x_wconf 76' lang='lat' dir='ltr'>schmidtius</span> <span class='ocrx_word' id='word_1_245' title='bbox 486 2517 596 2574; x_wconf 90' lang='lat' dir='ltr'>(Ioh.</span> <span class='ocrx_word' id='word_1_246' title='bbox 615 2518 718 2561; x_wconf 77' lang='lat' dir='ltr'>Sar.</span> <span class='ocrx_word' id='word_1_247' title='bbox 738 2532 781 2574; x_wconf 90' lang='lat' dir='ltr'>p.</span> <span class='ocrx_word' id='word_1_248' title='bbox 807 2520 908 2574; x_wconf 89' lang='lat'><em>120)</em></span> <span class='ocrx_word' id='word_1_249' title='bbox 939 2522 985 2562; x_wconf 88' lang='lat' dir='ltr'>et</span> <span class='ocrx_word' id='word_1_250' title='bbox 1010 2519 1060 2561; x_wconf 94' lang='lat' dir='ltr'>V.</span> <span class='ocrx_word' id='word_1_251' title='bbox 1082 2519 1196 2562; x_wconf 88' lang='lat' dir='ltr'>Rose</span> <span class='ocrx_word' id='word_1_252' title='bbox 1226 2520 1401 2575; x_wconf 58' lang='lat' dir='ltr'>(Herm.</span> <span class='ocrx_word' id='word_1_253' title='bbox 1431 2519 1458 2569; x_wconf 91' lang='lat' dir='ltr'>i,</span> <span class='ocrx_word' id='word_1_254' title='bbox 1479 2533 1522 2575; x_wconf 92' lang='lat' dir='ltr'>p.</span> <span class='ocrx_word' id='word_1_255' title='bbox 1547 2520 1661 2576; x_wconf 83' lang='lat'><strong>382).</strong></span> 
     </span>
     <span class='ocr_line' id='line_1_35' title="bbox 201 2583 1663 2645; baseline 0.002 -18"><span class='ocrx_word' id='word_1_256' title='bbox 201 2583 298 2629; x_wconf 86' lang='lat' dir='ltr'>Hac</span> <span class='ocrx_word' id='word_1_257' title='bbox 335 2590 452 2630; x_wconf 89' lang='lat' dir='ltr'>certe</span> <span class='ocrx_word' id='word_1_258' title='bbox 490 2601 597 2630; x_wconf 88' lang='lat' dir='ltr'>usus</span> <span class='ocrx_word' id='word_1_259' title='bbox 636 2590 703 2630; x_wconf 88' lang='lat' dir='ltr'>est</span> <span class='ocrx_word' id='word_1_260' title='bbox 738 2587 938 2638; x_wconf 88' lang='lat' dir='ltr'>Ioannes,</span> <span class='ocrx_word' id='word_1_261' title='bbox 973 2589 1063 2645; x_wconf 91' lang='lat' dir='ltr'>qui,</span> <span class='ocrx_word' id='word_1_262' title='bbox 1095 2592 1148 2631; x_wconf 89' lang='lat' dir='ltr'>ut</span> <span class='ocrx_word' id='word_1_263' title='bbox 1186 2589 1320 2631; x_wconf 90' lang='lat' dir='ltr'>unius</span> <span class='ocrx_word' id='word_1_264' title='bbox 1360 2591 1539 2632; x_wconf 89' lang='lat' dir='ltr'>tantum</span> <span class='ocrx_word' id='word_1_265' title='bbox 1580 2589 1663 2631; x_wconf 88' lang='lat' dir='ltr'>loci</span> 
     </span>
     <span class='ocr_line' id='line_1_36' title="bbox 200 2654 1662 2713; baseline 0.002 -16"><span class='ocrx_word' id='word_1_266' title='bbox 200 2654 500 2698; x_wconf 70' lang='lat' dir='ltr'>testimonium</span> <span class='ocrx_word' id='word_1_267' title='bbox 538 2655 750 2706; x_wconf 81' lang='lat' dir='ltr'>adferam,</span> <span class='ocrx_word' id='word_1_268' title='bbox 782 2671 871 2699; x_wconf 93' lang='lat' dir='ltr'>non</span> <span class='ocrx_word' id='word_1_269' title='bbox 903 2658 991 2700; x_wconf 88' lang='lat' dir='ltr'>nisi</span> <span class='ocrx_word' id='word_1_270' title='bbox 1030 2672 1086 2700; x_wconf 80' lang='lat' dir='ltr'>ex</span> <span class='ocrx_word' id='word_1_271' title='bbox 1122 2672 1175 2700; x_wconf 91' lang='lat' dir='ltr'>ea</span> <span class='ocrx_word' id='word_1_272' title='bbox 1208 2658 1424 2701; x_wconf 91' lang='lat' dir='ltr'>uocabula</span> <span class='ocrx_word' id='word_1_273' title='bbox 1462 2661 1662 2713; x_wconf 73' lang='lat' dir='ltr'>aeyrota-</span> 
     </span>
     <span class='ocr_line' id='line_1_37' title="bbox 203 2721 1663 2784; baseline 0.003 -20"><span class='ocrx_word' id='word_1_274' title='bbox 203 2721 346 2775; x_wconf 71' lang='lat' dir='ltr'>tinus,</span> <span class='ocrx_word' id='word_1_275' title='bbox 368 2724 613 2768; x_wconf 75' lang='lat' dir='ltr'>sanatiuus</span> <span class='ocrx_word' id='word_1_276' title='bbox 635 2723 823 2782; x_wconf 80' lang='lat' dir='ltr'>(Polior.</span> <span class='ocrx_word' id='word_1_277' title='bbox 845 2725 920 2768; x_wconf 89' lang='lat' dir='ltr'>vii.</span> <span class='ocrx_word' id='word_1_278' title='bbox 947 2726 1030 2784; x_wconf 92' lang='lat'><em>10),</em></span> <span class='ocrx_word' id='word_1_279' title='bbox 1044 2727 1302 2782; x_wconf 61' lang='lat' dir='ltr'>proteo-‘aire</span> <span class='ocrx_word' id='word_1_280' title='bbox 1325 2728 1422 2783; x_wconf 93' lang='lat' dir='ltr'>(pro</span> <span class='ocrx_word' id='word_1_281' title='bbox 1447 2728 1663 2769; x_wconf 82' lang='grc' dir='ltr'>δυσκολαί-</span> 
     </span>
     <span class='ocr_line' id='line_1_38' title="bbox 204 2791 1664 2851; baseline 0.002 -17"><span class='ocrx_word' id='word_1_282' title='bbox 204 2808 299 2843; x_wconf 77' lang='grc' dir='ltr'><strong><em>νειν,</em></strong></span> <span class='ocrx_word' id='word_1_283' title='bbox 318 2791 483 2836; x_wconf 73' lang='lat' dir='ltr'>Polior.</span> <span class='ocrx_word' id='word_1_284' title='bbox 497 2793 571 2836; x_wconf 89' lang='lat' dir='ltr'>vii.</span> <span class='ocrx_word' id='word_1_285' title='bbox 590 2794 634 2850; x_wconf 90' lang='lat'>7)</span> <span class='ocrx_word' id='word_1_286' title='bbox 654 2793 820 2837; x_wconf 87' lang='lat' dir='ltr'>discere</span> <span class='ocrx_word' id='word_1_287' title='bbox 839 2795 998 2851; x_wconf 88' lang='lat' dir='ltr'>potuit.</span> <span class='ocrx_word' id='word_1_288' title='bbox 1048 2795 1178 2840; x_wconf 86' lang='lat' dir='ltr'>Hanc</span> <span class='ocrx_word' id='word_1_289' title='bbox 1194 2799 1344 2839; x_wconf 87' lang='lat' dir='ltr'>autem</span> <span class='ocrx_word' id='word_1_290' title='bbox 1365 2810 1455 2838; x_wconf 92' lang='lat' dir='ltr'>non</span> <span class='ocrx_word' id='word_1_291' title='bbox 1474 2794 1664 2838; x_wconf 85' lang='lat' dir='ltr'>absurde</span> 
     </span>
    </p>

    <p class='ocr_par' dir='ltr' id='par_1_8' title="bbox 1434 2879 1548 2907">
     <span class='ocr_line' id='line_1_39' title="bbox 1434 2879 1548 2907; baseline -0.009 0"><span class='ocrx_word' id='word_1_292' title='bbox 1434 2879 1548 2907; x_wconf 80' lang='lat' dir='ltr'>xxm</span> 
     </span>
    </p>
   </div>
  </div>
 </body>
</html>
