<?xml version="1.0" encoding="UTF-8"?>
<!DOCTYPE html PUBLIC "-//W3C//DTD XHTML 1.0 Transitional//EN"
    "http://www.w3.org/TR/xhtml1/DTD/xhtml1-transitional.dtd">
<html xmlns="http://www.w3.org/1999/xhtml" xml:lang="en" lang="en">
 <head>
  <title>
</title>
<meta http-equiv="Content-Type" content="text/html;charset=utf-8" />
  <meta name='ocr-system' content='tesseract 3.04.00' />
  <meta name='ocr-capabilities' content='ocr_page ocr_carea ocr_par ocr_line ocrx_word'/>
</head>
<body>
  <div class='ocr_page' id='page_1' title='image "./policraticisived01john_0109.png"; bbox 0 0 1994 3190; ppageno 0'>
   <div class='ocr_carea' id='block_1_1' title="bbox 179 191 1802 255">
    <p class='ocr_par' dir='ltr' id='par_1_1' title="bbox 179 191 1802 255">
     <span class='ocr_line' id='line_1_1' title="bbox 179 191 1802 255; baseline -0.003 -16"><span class='ocrx_word' id='word_1_1' title='bbox 179 206 280 240; x_wconf 72' lang='lat' dir='ltr'><strong>oAP.</strong></span> <span class='ocrx_word' id='word_1_2' title='bbox 297 192 410 255; x_wconf 77' lang='lat'>1111]</span> <span class='ocrx_word' id='word_1_3' title='bbox 704 191 1142 238; x_wconf 85' lang='lat' dir='ltr'>POLICRATIOVS</span> <span class='ocrx_word' id='word_1_4' title='bbox 1666 204 1756 245; x_wconf 80' lang='lat'><strong>409</strong></span> <span class='ocrx_word' id='word_1_5' title='bbox 1777 205 1802 234; x_wconf 88' lang='lat' dir='ltr'><strong>e</strong></span> 
     </span>
    </p>
   </div>
   <div class='ocr_carea' id='block_1_2' title="bbox 119 311 1795 1965">
    <p class='ocr_par' dir='ltr' id='par_1_2' title="bbox 153 311 1696 576">
     <span class='ocr_line' id='line_1_2' title="bbox 153 311 1696 369; baseline 0 -13"><span class='ocrx_word' id='word_1_6' title='bbox 153 337 156 342; x_wconf 88' lang='lat'><strong>.</strong></span> <span class='ocrx_word' id='word_1_7' title='bbox 178 313 360 357; x_wconf 90' lang='lat' dir='ltr'><strong>consilio</strong></span> <span class='ocrx_word' id='word_1_8' title='bbox 389 311 641 369; x_wconf 79' lang='lat' dir='ltr'><strong>aruspicum</strong></span> <span class='ocrx_word' id='word_1_9' title='bbox 671 312 712 355; x_wconf 92' lang='lat' dir='ltr'><strong>ei</strong></span> <span class='ocrx_word' id='word_1_10' title='bbox 735 326 921 369; x_wconf 88' lang='lat' dir='ltr'><strong>regnum</strong></span> <span class='ocrx_word' id='word_1_11' title='bbox 946 312 1151 368; x_wconf 90' lang='lat' dir='ltr'><strong>portendi</strong></span> <span class='ocrx_word' id='word_1_12' title='bbox 1179 311 1446 363; x_wconf 91' lang='lat' dir='ltr'><strong>canentium,</strong></span> <span class='ocrx_word' id='word_1_13' title='bbox 1465 326 1493 354; x_wconf 88' lang='lat' dir='ltr'><strong>a</strong></span> <span class='ocrx_word' id='word_1_14' title='bbox 1522 314 1650 369; x_wconf 85' lang='lat' dir='ltr'><strong>patre</strong></span> <span class='ocrx_word' id='word_1_15' title='bbox 1667 317 1696 358; x_wconf 91' lang='lat' dir='ltr'><strong>d</strong></span> 
     </span>
     <span class='ocr_line' id='line_1_3' title="bbox 178 365 1649 439; baseline -0.001 -14"><span class='ocrx_word' id='word_1_16' title='bbox 178 383 359 439; x_wconf 83' lang='lat' dir='ltr'><strong>agnitus</strong></span> <span class='ocrx_word' id='word_1_17' title='bbox 402 381 658 424; x_wconf 89' lang='lat' dir='ltr'><strong>recollectus</strong></span> <span class='ocrx_word' id='word_1_18' title='bbox 694 383 739 423; x_wconf 88' lang='lat' dir='ltr'><strong>et</strong></span> <span class='ocrx_word' id='word_1_19' title='bbox 773 380 1012 437; x_wconf 74' lang='lat' dir='ltr'>diligenter</span> <span class='ocrx_word' id='word_1_20' title='bbox 1042 381 1279 423; x_wconf 87' lang='lat' dir='ltr'><strong>institutus</strong></span> <span class='ocrx_word' id='word_1_21' title='bbox 1315 365 1400 424; x_wconf 66' lang='lat' dir='ltr'><strong>est?</strong></span> <span class='ocrx_word' id='word_1_22' title='bbox 1466 381 1649 424; x_wconf 87' lang='lat' dir='ltr'><strong>Paruuli</strong></span> 
     </span>
     <span class='ocr_line' id='line_1_4' title="bbox 178 449 1649 507; baseline -0.001 -13"><span class='ocrx_word' id='word_1_23' title='bbox 178 451 326 494; x_wconf 87' lang='lat' dir='ltr'><strong>Midae</strong></span> <span class='ocrx_word' id='word_1_24' title='bbox 345 449 576 493; x_wconf 78' lang='lat' dir='ltr'><strong>cunabulis</strong></span> <span class='ocrx_word' id='word_1_25' title='bbox 596 449 805 492; x_wconf 77' lang='lat' dir='ltr'><strong>formicae</strong></span> <span class='ocrx_word' id='word_1_26' title='bbox 825 463 966 506; x_wconf 87' lang='lat' dir='ltr'><strong>grana</strong></span> <span class='ocrx_word' id='word_1_27' title='bbox 985 449 1124 492; x_wconf 89' lang='lat' dir='ltr'><strong>tritici</strong></span> <span class='ocrx_word' id='word_1_28' title='bbox 1154 450 1462 506; x_wconf 89' lang='lat' dir='ltr'><strong>congerebant,</strong></span> <span class='ocrx_word' id='word_1_29' title='bbox 1482 450 1649 507; x_wconf 87' lang='lat' dir='ltr'><strong>signifi-</strong></span> 
     </span>
     <span class='ocr_line' id='line_1_5' title="bbox 177 518 1650 576; baseline -0.001 -13"><span class='ocrx_word' id='word_1_30' title='bbox 177 522 328 564; x_wconf 87' lang='lat' dir='ltr'><strong>cantes</strong></span> <span class='ocrx_word' id='word_1_31' title='bbox 349 533 449 562; x_wconf 92' lang='lat' dir='ltr'><strong>eum</strong></span> <span class='ocrx_word' id='word_1_32' title='bbox 470 518 674 561; x_wconf 82' lang='lat' dir='ltr'><strong>futurum</strong></span> <span class='ocrx_word' id='word_1_33' title='bbox 691 518 971 561; x_wconf 87' lang='lat' dir='ltr'><strong>ditissimum.</strong></span> <span class='ocrx_word' id='word_1_34' title='bbox 1030 518 1158 560; x_wconf 92' lang='lat' dir='ltr'><strong>Vnde</strong></span> <span class='ocrx_word' id='word_1_35' title='bbox 1180 522 1225 561; x_wconf 89' lang='lat' dir='ltr'><strong>et</strong></span> <span class='ocrx_word' id='word_1_36' title='bbox 1245 533 1314 561; x_wconf 88' lang='lat' dir='ltr'><strong>res</strong></span> <span class='ocrx_word' id='word_1_37' title='bbox 1335 533 1491 562; x_wconf 88' lang='lat' dir='ltr'><strong>aureas</strong></span> <span class='ocrx_word' id='word_1_38' title='bbox 1510 519 1650 576; x_wconf 89' lang='lat' dir='ltr'><strong>ipsius</strong></span> 
     </span>
    </p>

    <p class='ocr_par' dir='ltr' id='par_1_3' title="bbox 138 587 1651 923">
     <span class='ocr_line' id='line_1_6' title="bbox 138 587 1649 645; baseline -0.001 -13"><span class='ocrx_word' id='word_1_39' title='bbox 138 611 157 644; x_wconf 85' lang='lat'><strong>5</strong></span> <span class='ocrx_word' id='word_1_40' title='bbox 177 591 351 632; x_wconf 85' lang='lat' dir='ltr'><strong>attactu</strong></span> <span class='ocrx_word' id='word_1_41' title='bbox 389 588 486 631; x_wconf 89' lang='lat' dir='ltr'><strong>fieri</strong></span> <span class='ocrx_word' id='word_1_42' title='bbox 520 590 676 645; x_wconf 87' lang='lat' dir='ltr'><strong>poetae</strong></span> <span class='ocrx_word' id='word_1_43' title='bbox 708 588 947 630; x_wconf 87' lang='lat' dir='ltr'><strong>finxerunt.</strong></span> <span class='ocrx_word' id='word_1_44' title='bbox 1019 587 1214 644; x_wconf 89' lang='lat' dir='ltr'><strong>Sulpitio</strong></span> <span class='ocrx_word' id='word_1_45' title='bbox 1249 587 1466 631; x_wconf 86' lang='lat' dir='ltr'><strong>sacerdoti</strong></span> <span class='ocrx_word' id='word_1_46' title='bbox 1498 588 1649 645; x_wconf 87' lang='lat' dir='ltr'><strong>lapsus</strong></span> 
     </span>
     <span class='ocr_line' id='line_1_7' title="bbox 177 657 1647 716; baseline -0.001 -15"><span class='ocrx_word' id='word_1_47' title='bbox 177 673 293 716; x_wconf 82' lang='lat' dir='ltr'><strong>apex</strong></span> <span class='ocrx_word' id='word_1_48' title='bbox 333 658 388 701; x_wconf 88' lang='lat' dir='ltr'><strong>de</strong></span> <span class='ocrx_word' id='word_1_49' title='bbox 427 658 572 714; x_wconf 88' lang='lat' dir='ltr'><strong>capite</strong></span> <span class='ocrx_word' id='word_1_50' title='bbox 612 657 907 700; x_wconf 74' lang='lat' dir='ltr'><strong>sacerdotium</strong></span> <span class='ocrx_word' id='word_1_51' title='bbox 954 657 1151 700; x_wconf 89' lang='lat' dir='ltr'><strong>abstulit.</strong></span> <span class='ocrx_word' id='word_1_52' title='bbox 1232 657 1452 700; x_wconf 86' lang='lat' dir='ltr'><strong>Occentus</strong></span> <span class='ocrx_word' id='word_1_53' title='bbox 1495 658 1647 700; x_wconf 88' lang='lat' dir='ltr'><strong>soricis</strong></span> 
     </span>
     <span class='ocr_line' id='line_1_8' title="bbox 178 725 1651 783; baseline -0.001 -13"><span class='ocrx_word' id='word_1_54' title='bbox 178 727 359 770; x_wconf 87' lang='lat' dir='ltr'><strong>auditus</strong></span> <span class='ocrx_word' id='word_1_55' title='bbox 391 729 540 771; x_wconf 84' lang='lat' dir='ltr'><strong>Marco</strong></span> <span class='ocrx_word' id='word_1_56' title='bbox 565 726 703 770; x_wconf 86' lang='lat' dir='ltr'><strong>Fabio</strong></span> <span class='ocrx_word' id='word_1_57' title='bbox 730 725 1067 783; x_wconf 75' lang='lat' dir='ltr'><strong>praefecturam.</strong></span> <span class='ocrx_word' id='word_1_58' title='bbox 1128 726 1177 769; x_wconf 87' lang='lat' dir='ltr'><strong>Si</strong></span> <span class='ocrx_word' id='word_1_59' title='bbox 1203 726 1336 783; x_wconf 88' lang='lat' dir='ltr'><strong>nugis</strong></span> <span class='ocrx_word' id='word_1_60' title='bbox 1362 726 1543 768; x_wconf 90' lang='lat' dir='ltr'><strong>Hiberis</strong></span> <span class='ocrx_word' id='word_1_61' title='bbox 1572 741 1651 783; x_wconf 90' lang='lat' dir='ltr'><strong>per</strong></span> 
     </span>
     <span class='ocr_line' id='line_1_9' title="bbox 178 795 1650 853; baseline -0.003 -12"><span class='ocrx_word' id='word_1_62' title='bbox 178 797 328 841; x_wconf 86' lang='lat' dir='ltr'><strong>omnia</strong></span> <span class='ocrx_word' id='word_1_63' title='bbox 354 797 506 847; x_wconf 89' lang='lat' dir='ltr'><strong>credis,</strong></span> <span class='ocrx_word' id='word_1_64' title='bbox 529 797 566 840; x_wconf 89' lang='lat' dir='ltr'><strong>si</strong></span> <span class='ocrx_word' id='word_1_65' title='bbox 589 799 758 839; x_wconf 89' lang='lat' dir='ltr'><strong>uestem</strong></span> <span class='ocrx_word' id='word_1_66' title='bbox 780 796 827 838; x_wconf 93' lang='lat' dir='ltr'><strong>in</strong></span> <span class='ocrx_word' id='word_1_67' title='bbox 847 796 993 853; x_wconf 88' lang='lat' dir='ltr'><strong>operis</strong></span> <span class='ocrx_word' id='word_1_68' title='bbox 1017 796 1085 838; x_wconf 92' lang='lat' dir='ltr'><strong>tui</strong></span> <span class='ocrx_word' id='word_1_69' title='bbox 1111 796 1240 838; x_wconf 90' lang='lat' dir='ltr'><strong>initio</strong></span> <span class='ocrx_word' id='word_1_70' title='bbox 1271 810 1298 838; x_wconf 88' lang='lat' dir='ltr'><strong>a</strong></span> <span class='ocrx_word' id='word_1_71' title='bbox 1322 795 1535 838; x_wconf 78' lang='lat' dir='ltr'><strong>soricibus</strong></span> <span class='ocrx_word' id='word_1_72' title='bbox 1558 810 1650 838; x_wconf 89' lang='lat' dir='ltr'><strong>cor-</strong></span> 
     </span>
     <span class='ocr_line' id='line_1_10' title="bbox 179 865 1651 923; baseline -0.003 -13"><span class='ocrx_word' id='word_1_73' title='bbox 179 881 324 910; x_wconf 89' lang='lat' dir='ltr'><strong>rosam</strong></span> <span class='ocrx_word' id='word_1_74' title='bbox 359 867 557 917; x_wconf 83' lang='lat' dir='ltr'><strong>senseris,</strong></span> <span class='ocrx_word' id='word_1_75' title='bbox 589 869 787 923; x_wconf 86' lang='lat' dir='ltr'><strong>tempera</strong></span> <span class='ocrx_word' id='word_1_76' title='bbox 822 866 879 909; x_wconf 90' lang='lat' dir='ltr'><strong>ab</strong></span> <span class='ocrx_word' id='word_1_77' title='bbox 910 866 1110 923; x_wconf 77' lang='lat' dir='ltr'><strong>inceptis,</strong></span> <span class='ocrx_word' id='word_1_78' title='bbox 1170 865 1220 908; x_wconf 88' lang='lat' dir='ltr'><strong>Si</strong></span> <span class='ocrx_word' id='word_1_79' title='bbox 1252 865 1482 922; x_wconf 86' lang='lat' dir='ltr'><strong>egrediens</strong></span> <span class='ocrx_word' id='word_1_80' title='bbox 1517 865 1651 907; x_wconf 90' lang='lat' dir='ltr'><strong>limen</strong></span> 
     </span>
    </p>

    <p class='ocr_par' dir='ltr' id='par_1_4' title="bbox 119 934 1653 1270">
     <span class='ocr_line' id='line_1_11' title="bbox 119 934 1651 992; baseline -0.002 -13"><span class='ocrx_word' id='word_1_81' title='bbox 119 954 162 980; x_wconf 81' lang='lat' dir='ltr'><strong>xo</strong></span> <span class='ocrx_word' id='word_1_82' title='bbox 179 936 429 986; x_wconf 86' lang='lat' dir='ltr'><strong>calcaueris,</strong></span> <span class='ocrx_word' id='word_1_83' title='bbox 461 939 541 979; x_wconf 87' lang='lat' dir='ltr'><strong>aut</strong></span> <span class='ocrx_word' id='word_1_84' title='bbox 579 936 627 978; x_wconf 91' lang='lat' dir='ltr'><strong>in</strong></span> <span class='ocrx_word' id='word_1_85' title='bbox 666 936 741 978; x_wconf 83' lang='lat' dir='ltr'><strong>uia</strong></span> <span class='ocrx_word' id='word_1_86' title='bbox 781 935 1025 985; x_wconf 87' lang='lat' dir='ltr'><strong>offenderis,</strong></span> <span class='ocrx_word' id='word_1_87' title='bbox 1059 935 1212 992; x_wconf 90' lang='lat' dir='ltr'><strong>pedem</strong></span> <span class='ocrx_word' id='word_1_88' title='bbox 1255 935 1444 978; x_wconf 90' lang='lat' dir='ltr'><strong>contine.</strong></span> <span class='ocrx_word' id='word_1_89' title='bbox 1520 934 1568 976; x_wconf 89' lang='lat' dir='ltr'><strong>Si</strong></span> <span class='ocrx_word' id='word_1_90' title='bbox 1605 935 1651 976; x_wconf 91' lang='lat' dir='ltr'><strong>in</strong></span> 
     </span>
     <span class='ocr_line' id='line_1_12' title="bbox 180 1003 1652 1062; baseline -0.001 -14"><span class='ocrx_word' id='word_1_91' title='bbox 180 1005 409 1062; x_wconf 91' lang='lat' dir='ltr'><strong>procinctu</strong></span> <span class='ocrx_word' id='word_1_92' title='bbox 448 1005 719 1062; x_wconf 85' lang='lat' dir='ltr'><strong>agendorum</strong></span> <span class='ocrx_word' id='word_1_93' title='bbox 759 1005 929 1062; x_wconf 89' lang='lat' dir='ltr'><strong>aliquid</strong></span> <span class='ocrx_word' id='word_1_94' title='bbox 969 1004 1151 1061; x_wconf 89' lang='lat' dir='ltr'><strong>dampni</strong></span> <span class='ocrx_word' id='word_1_95' title='bbox 1193 1004 1440 1061; x_wconf 86' lang='lat' dir='ltr'><strong>pertuleris,</strong></span> <span class='ocrx_word' id='word_1_96' title='bbox 1476 1003 1652 1046; x_wconf 84' lang='lat' dir='ltr'><strong>differes</strong></span> 
     </span>
     <span class='ocr_line' id='line_1_13' title="bbox 179 1073 1653 1132; baseline -0.001 -15"><span class='ocrx_word' id='word_1_97' title='bbox 179 1074 398 1125; x_wconf 85' lang='lat' dir='ltr'><strong>inchoata,</strong></span> <span class='ocrx_word' id='word_1_98' title='bbox 433 1089 488 1132; x_wconf 84' lang='lat' dir='ltr'><strong>ne</strong></span> <span class='ocrx_word' id='word_1_99' title='bbox 524 1074 596 1117; x_wconf 92' lang='lat' dir='ltr'><strong>uel</strong></span> <span class='ocrx_word' id='word_1_100' title='bbox 632 1077 729 1117; x_wconf 83' lang='lat' dir='ltr'><strong>tota</strong></span> <span class='ocrx_word' id='word_1_101' title='bbox 764 1074 1011 1117; x_wconf 88' lang='lat' dir='ltr'><strong>intentione</strong></span> <span class='ocrx_word' id='word_1_102' title='bbox 1045 1073 1286 1124; x_wconf 89' lang='lat' dir='ltr'><strong>frustreris,</strong></span> <span class='ocrx_word' id='word_1_103' title='bbox 1319 1077 1399 1116; x_wconf 88' lang='lat' dir='ltr'><strong>aut</strong></span> <span class='ocrx_word' id='word_1_104' title='bbox 1430 1073 1653 1116; x_wconf 89' lang='lat' dir='ltr'><strong>inutiliter</strong></span> 
     </span>
     <span class='ocr_line' id='line_1_14' title="bbox 180 1142 1652 1201; baseline -0.001 -15"><span class='ocrx_word' id='word_1_105' title='bbox 180 1143 430 1201; x_wconf 87' lang='lat' dir='ltr'><strong>impleatur.</strong></span> <span class='ocrx_word' id='word_1_106' title='bbox 492 1144 702 1201; x_wconf 88' lang='lat' dir='ltr'><strong>Expecta,</strong></span> <span class='ocrx_word' id='word_1_107' title='bbox 727 1143 833 1186; x_wconf 90' lang='lat' dir='ltr'><strong>dum</strong></span> <span class='ocrx_word' id='word_1_108' title='bbox 864 1145 1010 1186; x_wconf 87' lang='lat' dir='ltr'><strong>omine</strong></span> <span class='ocrx_word' id='word_1_109' title='bbox 1041 1143 1212 1186; x_wconf 88' lang='lat' dir='ltr'><strong>meliori</strong></span> <span class='ocrx_word' id='word_1_110' title='bbox 1241 1142 1436 1186; x_wconf 85' lang='lat' dir='ltr'><strong>faustam</strong></span> <span class='ocrx_word' id='word_1_111' title='bbox 1467 1142 1652 1200; x_wconf 87' lang='lat' dir='ltr'><strong>agendis</strong></span> 
     </span>
     <span class='ocr_line' id='line_1_15' title="bbox 180 1211 1651 1270; baseline -0.001 -14"><span class='ocrx_word' id='word_1_112' title='bbox 180 1213 335 1256; x_wconf 87' lang='lat' dir='ltr'><strong>horam</strong></span> <span class='ocrx_word' id='word_1_113' title='bbox 362 1213 561 1270; x_wconf 87' lang='lat' dir='ltr'><strong>arripias.</strong></span> <span class='ocrx_word' id='word_1_114' title='bbox 622 1213 784 1256; x_wconf 85' lang='lat' dir='ltr'><strong>Omnia</strong></span> <span class='ocrx_word' id='word_1_115' title='bbox 810 1228 1001 1270; x_wconf 89' lang='lat' dir='ltr'><strong>namque</strong></span> <span class='ocrx_word' id='word_1_116' title='bbox 1032 1216 1138 1255; x_wconf 86' lang='lat' dir='ltr'><strong>sunt</strong></span> <span class='ocrx_word' id='word_1_117' title='bbox 1163 1212 1343 1269; x_wconf 88' lang='lat' dir='ltr'><strong>aliquid.</strong></span> <span class='ocrx_word' id='word_1_118' title='bbox 1405 1211 1519 1257; x_wconf 88' lang='lat' dir='ltr'><strong>Cum</strong></span> <span class='ocrx_word' id='word_1_119' title='bbox 1551 1227 1651 1270; x_wconf 92' lang='lat' dir='ltr'><strong>pro-</strong></span> 
     </span>
    </p>

    <p class='ocr_par' dir='ltr' id='par_1_5' title="bbox 121 1282 1795 1618">
     <span class='ocr_line' id='line_1_16' title="bbox 121 1282 1795 1339; baseline -0.003 -10"><span class='ocrx_word' id='word_1_120' title='bbox 121 1304 161 1339; x_wconf 81' lang='lat'><strong>¹5</strong></span> <span class='ocrx_word' id='word_1_121' title='bbox 180 1283 372 1336; x_wconf 86' lang='lat' dir='ltr'><strong>cesseris,</strong></span> <span class='ocrx_word' id='word_1_122' title='bbox 392 1282 649 1326; x_wconf 84' lang='lat' dir='ltr'><strong>abscondita</strong></span> <span class='ocrx_word' id='word_1_123' title='bbox 674 1282 930 1326; x_wconf 82' lang='lat' dir='ltr'><strong>futurorum</strong></span> <span class='ocrx_word' id='word_1_124' title='bbox 957 1297 1074 1334; x_wconf 89' lang='lat' dir='ltr'><strong>aues,</strong></span> <span class='ocrx_word' id='word_1_125' title='bbox 1096 1297 1206 1339; x_wconf 88' lang='lat' dir='ltr'><strong>quas</strong></span> <span class='ocrx_word' id='word_1_126' title='bbox 1233 1282 1447 1325; x_wconf 88' lang='lat' dir='ltr'><strong>ominales</strong></span> <span class='ocrx_word' id='word_1_127' title='bbox 1477 1286 1651 1331; x_wconf 86' lang='lat' dir='ltr'><strong>uocant,</strong></span> <span class='ocrx_word' id='word_1_128' title='bbox 1667 1295 1745 1334; x_wconf 85' lang='lat'><strong>410</strong></span> <span class='ocrx_word' id='word_1_129' title='bbox 1765 1296 1795 1324; x_wconf 88' lang='lat' dir='ltr'><strong>a</strong></span> 
     </span>
     <span class='ocr_line' id='line_1_17' title="bbox 180 1351 1652 1409; baseline -0.001 -14"><span class='ocrx_word' id='word_1_130' title='bbox 180 1352 264 1396; x_wconf 89' lang='lat' dir='ltr'><strong>tibi</strong></span> <span class='ocrx_word' id='word_1_131' title='bbox 284 1352 675 1409; x_wconf 86' lang='lat' dir='ltr'><strong>praenuntiabunt.</strong></span> <span class='ocrx_word' id='word_1_132' title='bbox 737 1351 965 1405; x_wconf 84' lang='lat' dir='ltr'><strong>Quaenam</strong></span> <span class='ocrx_word' id='word_1_133' title='bbox 979 1352 1078 1394; x_wconf 85' lang='lat' dir='ltr'><strong>&#39;sint</strong></span> <span class='ocrx_word' id='word_1_134' title='bbox 1098 1352 1222 1402; x_wconf 88' lang='lat' dir='ltr'><strong>istae,</strong></span> <span class='ocrx_word' id='word_1_135' title='bbox 1243 1352 1360 1394; x_wconf 80' lang='lat' dir='ltr'><strong>forte</strong></span> <span class='ocrx_word' id='word_1_136' title='bbox 1381 1352 1652 1408; x_wconf 85' lang='lat' dir='ltr'><strong>interrogas;</strong></span> 
     </span>
     <span class='ocr_line' id='line_1_18' title="bbox 181 1420 1652 1480; baseline -0.001 -15"><span class='ocrx_word' id='word_1_137' title='bbox 181 1436 291 1480; x_wconf 85' lang='lat' dir='ltr'><strong>quas</strong></span> <span class='ocrx_word' id='word_1_138' title='bbox 311 1422 477 1465; x_wconf 88' lang='lat' dir='ltr'><strong>scilicet</strong></span> <span class='ocrx_word' id='word_1_139' title='bbox 496 1421 551 1465; x_wconf 91' lang='lat' dir='ltr'><strong>de</strong></span> <span class='ocrx_word' id='word_1_140' title='bbox 570 1426 734 1465; x_wconf 89' lang='lat' dir='ltr'><strong>natura</strong></span> <span class='ocrx_word' id='word_1_141' title='bbox 764 1422 993 1464; x_wconf 90' lang='lat' dir='ltr'><strong>hominum</strong></span> <span class='ocrx_word' id='word_1_142' title='bbox 1022 1422 1068 1464; x_wconf 89' lang='lat' dir='ltr'><strong>in</strong></span> <span class='ocrx_word' id='word_1_143' title='bbox 1101 1420 1290 1464; x_wconf 83' lang='lat' dir='ltr'><strong>formam</strong></span> <span class='ocrx_word' id='word_1_144' title='bbox 1315 1422 1468 1464; x_wconf 90' lang='lat' dir='ltr'><strong>auium</strong></span> <span class='ocrx_word' id='word_1_145' title='bbox 1497 1425 1652 1478; x_wconf 84' lang='lat' dir='ltr'><strong>poetae</strong></span> 
     </span>
     <span class='ocr_line' id='line_1_19' title="bbox 181 1491 1654 1548; baseline -0.001 -14"><span class='ocrx_word' id='word_1_146' title='bbox 181 1495 384 1534; x_wconf 86' lang='lat' dir='ltr'><strong>asserunt</strong></span> <span class='ocrx_word' id='word_1_147' title='bbox 408 1506 501 1534; x_wconf 87' lang='lat' dir='ltr'><strong>esse</strong></span> <span class='ocrx_word' id='word_1_148' title='bbox 531 1505 778 1534; x_wconf 88' lang='lat' dir='ltr'><strong>conuersas.</strong></span> <span class='ocrx_word' id='word_1_149' title='bbox 839 1491 958 1544; x_wconf 85' lang='lat' dir='ltr'><strong>Quid</strong></span> <span class='ocrx_word' id='word_1_150' title='bbox 987 1491 1143 1534; x_wconf 80' lang='lat' dir='ltr'><strong>cornix</strong></span> <span class='ocrx_word' id='word_1_151' title='bbox 1173 1491 1383 1548; x_wconf 87' lang='lat' dir='ltr'><strong>loquatur</strong></span> <span class='ocrx_word' id='word_1_152' title='bbox 1416 1491 1654 1548; x_wconf 87' lang='lat' dir='ltr'><strong>diligenter</strong></span> 
     </span>
     <span class='ocr_line' id='line_1_20' title="bbox 181 1560 1654 1618; baseline -0.001 -14"><span class='ocrx_word' id='word_1_153' title='bbox 181 1561 394 1614; x_wconf 83' lang='lat' dir='ltr'><strong>ausculta,</strong></span> <span class='ocrx_word' id='word_1_154' title='bbox 423 1561 646 1618; x_wconf 89' lang='lat' dir='ltr'><strong>situmque</strong></span> <span class='ocrx_word' id='word_1_155' title='bbox 681 1561 776 1604; x_wconf 88' lang='lat' dir='ltr'><strong>eius</strong></span> <span class='ocrx_word' id='word_1_156' title='bbox 811 1561 1005 1603; x_wconf 88' lang='lat' dir='ltr'><strong>sedentis</strong></span> <span class='ocrx_word' id='word_1_157' title='bbox 1032 1564 1112 1603; x_wconf 88' lang='lat' dir='ltr'><strong>aut</strong></span> <span class='ocrx_word' id='word_1_158' title='bbox 1144 1560 1338 1603; x_wconf 85' lang='lat' dir='ltr'><strong>uolantis</strong></span> <span class='ocrx_word' id='word_1_159' title='bbox 1370 1560 1493 1602; x_wconf 91' lang='lat' dir='ltr'><strong>nullo</strong></span> <span class='ocrx_word' id='word_1_160' title='bbox 1523 1561 1654 1603; x_wconf 89' lang='lat' dir='ltr'><strong>modo</strong></span> 
     </span>
    </p>

    <p class='ocr_par' dir='ltr' id='par_1_6' title="bbox 123 1629 1654 1965">
     <span class='ocr_line' id='line_1_21' title="bbox 123 1629 1654 1688; baseline -0.003 -12"><span class='ocrx_word' id='word_1_161' title='bbox 123 1652 165 1676; x_wconf 67' lang='grc' dir='ltr'><strong>πο</strong></span> <span class='ocrx_word' id='word_1_162' title='bbox 182 1633 477 1688; x_wconf 87' lang='lat' dir='ltr'><strong>contempnas.</strong></span> <span class='ocrx_word' id='word_1_163' title='bbox 538 1630 694 1673; x_wconf 85' lang='lat' dir='ltr'><strong>Refert</strong></span> <span class='ocrx_word' id='word_1_164' title='bbox 721 1631 884 1674; x_wconf 87' lang='lat' dir='ltr'><strong>etenim</strong></span> <span class='ocrx_word' id='word_1_165' title='bbox 912 1630 1167 1687; x_wconf 89' lang='lat' dir='ltr'><strong>plurimum,</strong></span> <span class='ocrx_word' id='word_1_166' title='bbox 1195 1644 1222 1672; x_wconf 91' lang='lat' dir='ltr'><strong>a</strong></span> <span class='ocrx_word' id='word_1_167' title='bbox 1251 1629 1424 1672; x_wconf 80' lang='lat' dir='ltr'><strong>dextris</strong></span> <span class='ocrx_word' id='word_1_168' title='bbox 1450 1630 1510 1672; x_wconf 89' lang='lat' dir='ltr'><strong>sit</strong></span> <span class='ocrx_word' id='word_1_169' title='bbox 1540 1645 1598 1672; x_wconf 90' lang='lat' dir='ltr'><strong>an</strong></span> <span class='ocrx_word' id='word_1_170' title='bbox 1626 1646 1654 1672; x_wconf 92' lang='lat' dir='ltr'><strong>a</strong></span> 
     </span>
     <span class='ocr_line' id='line_1_22' title="bbox 182 1699 1653 1757; baseline -0.001 -14"><span class='ocrx_word' id='word_1_171' title='bbox 182 1699 386 1750; x_wconf 86' lang='lat' dir='ltr'><strong>sinistris,</strong></span> <span class='ocrx_word' id='word_1_172' title='bbox 407 1715 495 1757; x_wconf 91' lang='lat' dir='ltr'><strong>qua</strong></span> <span class='ocrx_word' id='word_1_173' title='bbox 518 1700 736 1757; x_wconf 89' lang='lat' dir='ltr'><strong>positione</strong></span> <span class='ocrx_word' id='word_1_174' title='bbox 761 1700 968 1757; x_wconf 88' lang='lat' dir='ltr'><strong>respiciat</strong></span> <span class='ocrx_word' id='word_1_175' title='bbox 988 1700 1187 1743; x_wconf 84' lang='lat' dir='ltr'><strong>cubitum</strong></span> <span class='ocrx_word' id='word_1_176' title='bbox 1208 1699 1467 1756; x_wconf 89' lang='lat' dir='ltr'><strong>gradientis,</strong></span> <span class='ocrx_word' id='word_1_177' title='bbox 1488 1699 1653 1756; x_wconf 83' lang='lat' dir='ltr'><strong>loquax</strong></span> 
     </span>
     <span class='ocr_line' id='line_1_23' title="bbox 183 1768 1653 1826; baseline -0.001 -14"><span class='ocrx_word' id='word_1_178' title='bbox 183 1769 244 1812; x_wconf 89' lang='lat' dir='ltr'><strong>sit</strong></span> <span class='ocrx_word' id='word_1_179' title='bbox 281 1784 340 1812; x_wconf 90' lang='lat' dir='ltr'><strong>an</strong></span> <span class='ocrx_word' id='word_1_180' title='bbox 378 1769 569 1812; x_wconf 87' lang='lat' dir='ltr'><strong>clamosa</strong></span> <span class='ocrx_word' id='word_1_181' title='bbox 598 1785 656 1812; x_wconf 90' lang='lat' dir='ltr'><strong>an</strong></span> <span class='ocrx_word' id='word_1_182' title='bbox 687 1769 821 1812; x_wconf 90' lang='lat' dir='ltr'><strong>silens</strong></span> <span class='ocrx_word' id='word_1_183' title='bbox 851 1770 1043 1820; x_wconf 88' lang='lat' dir='ltr'><strong>omnino,</strong></span> <span class='ocrx_word' id='word_1_184' title='bbox 1075 1768 1311 1826; x_wconf 87' lang='lat' dir='ltr'><strong>praecedat</strong></span> <span class='ocrx_word' id='word_1_185' title='bbox 1340 1784 1398 1811; x_wconf 88' lang='lat' dir='ltr'><strong>an</strong></span> <span class='ocrx_word' id='word_1_186' title='bbox 1429 1773 1653 1825; x_wconf 88' lang='lat' dir='ltr'><strong>sequatur,</strong></span> 
     </span>
     <span class='ocr_line' id='line_1_24' title="bbox 183 1838 1654 1896; baseline 0.001 -15"><span class='ocrx_word' id='word_1_187' title='bbox 183 1839 456 1882; x_wconf 88' lang='lat' dir='ltr'><strong>transeuntis</strong></span> <span class='ocrx_word' id='word_1_188' title='bbox 483 1842 686 1896; x_wconf 89' lang='lat' dir='ltr'><strong>expectet</strong></span> <span class='ocrx_word' id='word_1_189' title='bbox 710 1839 954 1882; x_wconf 82' lang='lat' dir='ltr'><strong>aduentum</strong></span> <span class='ocrx_word' id='word_1_190' title='bbox 987 1853 1044 1881; x_wconf 90' lang='lat' dir='ltr'><strong>an</strong></span> <span class='ocrx_word' id='word_1_191' title='bbox 1072 1838 1231 1895; x_wconf 86' lang='lat' dir='ltr'><strong>fugiat,</strong></span> <span class='ocrx_word' id='word_1_192' title='bbox 1259 1853 1402 1895; x_wconf 91' lang='lat' dir='ltr'><strong>quoue</strong></span> <span class='ocrx_word' id='word_1_193' title='bbox 1433 1838 1654 1891; x_wconf 84' lang='lat' dir='ltr'><strong>discedat3</strong></span> 
     </span>
     <span class='ocr_line' id='line_1_25' title="bbox 185 1908 1394 1965; baseline -0.001 -14"><span class='ocrx_word' id='word_1_194' title='bbox 185 1922 274 1952; x_wconf 91' lang='lat' dir='ltr'><strong>non</strong></span> <span class='ocrx_word' id='word_1_195' title='bbox 293 1908 570 1965; x_wconf 88' lang='lat' dir='ltr'><strong>negligenter</strong></span> <span class='ocrx_word' id='word_1_196' title='bbox 589 1908 781 1951; x_wconf 89' lang='lat' dir='ltr'><strong>attende.</strong></span> <span class='ocrx_word' id='word_1_197' title='bbox 841 1909 922 1951; x_wconf 91' lang='lat' dir='ltr'><strong>Ait</strong></span> <span class='ocrx_word' id='word_1_198' title='bbox 941 1923 1132 1964; x_wconf 84' lang='lat' dir='ltr'><strong>namque</strong></span> <span class='ocrx_word' id='word_1_199' title='bbox 1154 1908 1394 1965; x_wconf 85' lang='lat' dir='ltr'><strong>Virgilius:</strong></span> 
     </span>
    </p>
   </div>
   <div class='ocr_carea' id='block_1_3' title="bbox 126 1982 1700 2156">
    <p class='ocr_par' dir='ltr' id='par_1_7' title="bbox 126 1982 1700 2156">
     <span class='ocr_line' id='line_1_26' title="bbox 126 1982 1476 2040; baseline -0.001 -13"><span class='ocrx_word' id='word_1_200' title='bbox 126 2002 183 2038; x_wconf 84' lang='lat'><strong>²5.</strong></span> <span class='ocrx_word' id='word_1_201' title='bbox 301 1982 429 2036; x_wconf 80' lang='lat' dir='ltr'><strong>Quod</strong></span> <span class='ocrx_word' id='word_1_202' title='bbox 460 1983 546 2025; x_wconf 89' lang='lat' dir='ltr'><strong>nisi</strong></span> <span class='ocrx_word' id='word_1_203' title='bbox 576 1998 646 2026; x_wconf 93' lang='lat' dir='ltr'><strong>me</strong></span> <span class='ocrx_word' id='word_1_204' title='bbox 677 1998 952 2040; x_wconf 90' lang='lat' dir='ltr'><strong>quacumque</strong></span> <span class='ocrx_word' id='word_1_205' title='bbox 982 1998 1121 2026; x_wconf 90' lang='lat' dir='ltr'><strong>nouas</strong></span> <span class='ocrx_word' id='word_1_206' title='bbox 1151 1983 1343 2026; x_wconf 90' lang='lat' dir='ltr'><strong>incidere</strong></span> <span class='ocrx_word' id='word_1_207' title='bbox 1373 1983 1476 2026; x_wconf 86' lang='lat' dir='ltr'><strong>lites</strong></span> 
     </span>
     <span class='ocr_line' id='line_1_27' title="bbox 300 2041 1435 2091; baseline -0.001 -7"><span class='ocrx_word' id='word_1_208' title='bbox 300 2044 403 2084; x_wconf 87' lang='lat' dir='ltr'><strong>ante</strong></span> <span class='ocrx_word' id='word_1_209' title='bbox 433 2041 613 2084; x_wconf 86' lang='lat' dir='ltr'><strong>sinistra</strong></span> <span class='ocrx_word' id='word_1_210' title='bbox 642 2056 751 2084; x_wconf 88' lang='lat' dir='ltr'><strong>caua</strong></span> <span class='ocrx_word' id='word_1_211' title='bbox 780 2042 1023 2084; x_wconf 89' lang='lat' dir='ltr'><strong>monuisset</strong></span> <span class='ocrx_word' id='word_1_212' title='bbox 1052 2042 1109 2084; x_wconf 88' lang='lat' dir='ltr'><strong>ab</strong></span> <span class='ocrx_word' id='word_1_213' title='bbox 1139 2041 1238 2084; x_wconf 89' lang='lat' dir='ltr'><strong>ilice</strong></span> <span class='ocrx_word' id='word_1_214' title='bbox 1268 2042 1435 2091; x_wconf 53' lang='lat' dir='ltr'><strong>comm,</strong></span> 
     </span>
     <span class='ocr_line' id='line_1_28' title="bbox 299 2100 1700 2156; baseline 0.001 -14"><span class='ocrx_word' id='word_1_215' title='bbox 299 2114 379 2142; x_wconf 90' lang='lat' dir='ltr'><strong>nec</strong></span> <span class='ocrx_word' id='word_1_216' title='bbox 408 2102 512 2142; x_wconf 91' lang='lat' dir='ltr'><strong>tuus</strong></span> <span class='ocrx_word' id='word_1_217' title='bbox 542 2100 613 2142; x_wconf 91' lang='lat' dir='ltr'><strong>hic</strong></span> <span class='ocrx_word' id='word_1_218' title='bbox 644 2100 778 2143; x_wconf 88' lang='lat' dir='ltr'><strong>Meris</strong></span> <span class='ocrx_word' id='word_1_219' title='bbox 808 2115 888 2143; x_wconf 90' lang='lat' dir='ltr'><strong>nec</strong></span> <span class='ocrx_word' id='word_1_220' title='bbox 918 2100 1091 2143; x_wconf 90' lang='lat' dir='ltr'><strong>uiueret</strong></span> <span class='ocrx_word' id='word_1_221' title='bbox 1122 2100 1214 2156; x_wconf 88' lang='lat' dir='ltr'><strong>ipse</strong></span> <span class='ocrx_word' id='word_1_222' title='bbox 1246 2100 1479 2143; x_wconf 87' lang='lat' dir='ltr'><strong>Menalcas.</strong></span> <span class='ocrx_word' id='word_1_223' title='bbox 1672 2110 1700 2148; x_wconf 83' lang='lat' dir='ltr'>b</span> 
     </span>
    </p>
   </div>
   <div class='ocr_carea' id='block_1_4' title="bbox 188 2196 1209 2243">
    <p class='ocr_par' dir='ltr' id='par_1_8' title="bbox 188 2196 1209 2243">
     <span class='ocr_line' id='line_1_29' title="bbox 188 2196 1209 2243; baseline -0.001 -10"><span class='ocrx_word' id='word_1_224' title='bbox 188 2206 227 2234; x_wconf 81' lang='grc' dir='ltr'><strong>ιι</strong></span> <span class='ocrx_word' id='word_1_225' title='bbox 248 2196 378 2234; x_wconf 85' lang='lat' dir='ltr'><strong>damni</strong></span> <span class='ocrx_word' id='word_1_226' title='bbox 396 2196 420 2233; x_wconf 90' lang='lat' dir='ltr'>S</span> <span class='ocrx_word' id='word_1_227' title='bbox 514 2208 556 2243; x_wconf 88' lang='lat'><strong>14</strong></span> <span class='ocrx_word' id='word_1_228' title='bbox 576 2197 714 2234; x_wconf 86' lang='lat' dir='ltr'><strong>Omina.</strong></span> <span class='ocrx_word' id='word_1_229' title='bbox 729 2197 791 2234; x_wconf 85' lang='lat' dir='ltr'><strong>CB</strong></span> <span class='ocrx_word' id='word_1_230' title='bbox 883 2209 929 2234; x_wconf 88' lang='lat'><strong>20</strong></span> <span class='ocrx_word' id='word_1_231' title='bbox 945 2199 1167 2234; x_wconf 80' lang='lat' dir='ltr'><strong>contemnas</strong></span> <span class='ocrx_word' id='word_1_232' title='bbox 1185 2196 1209 2232; x_wconf 88' lang='lat' dir='ltr'>S</span> 
     </span>
    </p>
   </div>
   <div class='ocr_carea' id='block_1_5' title="bbox 185 2278 1656 2891">
    <p class='ocr_par' dir='ltr' id='par_1_9' title="bbox 185 2278 1656 2891">
     <span class='ocr_line' id='line_1_30' title="bbox 234 2278 1652 2325; baseline -0.001 -11"><span class='ocrx_word' id='word_1_233' title='bbox 234 2289 254 2314; x_wconf 90' lang='lat'>2</span> <span class='ocrx_word' id='word_1_234' title='bbox 279 2280 436 2315; x_wconf 73' lang='lat' dir='ltr'><strong>Paruuzi</strong></span> <span class='ocrx_word' id='word_1_235' title='bbox 452 2281 547 2316; x_wconf 85' lang='lat' dir='ltr'><strong>etc.:</strong></span> <span class='ocrx_word' id='word_1_236' title='bbox 573 2279 656 2316; x_wconf 87' lang='lat' dir='ltr'><strong>Val.</strong></span> <span class='ocrx_word' id='word_1_237' title='bbox 676 2280 775 2316; x_wconf 86' lang='lat' dir='ltr'><strong>Max.</strong></span> <span class='ocrx_word' id='word_1_238' title='bbox 795 2279 819 2315; x_wconf 86' lang='lat' dir='ltr'><strong>i.</strong></span> <span class='ocrx_word' id='word_1_239' title='bbox 838 2280 907 2325; x_wconf 79' lang='lat'><strong>623</strong></span> <span class='ocrx_word' id='word_1_240' title='bbox 934 2279 981 2316; x_wconf 83' lang='lat' dir='ltr'><strong>cf.</strong></span> <span class='ocrx_word' id='word_1_241' title='bbox 1000 2278 1076 2315; x_wconf 87' lang='lat' dir='ltr'><strong>Cic.</strong></span> <span class='ocrx_word' id='word_1_242' title='bbox 1095 2280 1138 2314; x_wconf 79' lang='lat' dir='ltr'><strong>de</strong></span> <span class='ocrx_word' id='word_1_243' title='bbox 1157 2280 1237 2315; x_wconf 79' lang='lat' dir='ltr'><strong>De‘v.</strong></span> <span class='ocrx_word' id='word_1_244' title='bbox 1258 2278 1282 2313; x_wconf 88' lang='lat' dir='ltr'><strong>i.</strong></span> <span class='ocrx_word' id='word_1_245' title='bbox 1302 2279 1358 2323; x_wconf 87' lang='lat'><strong>36,</strong></span> <span class='ocrx_word' id='word_1_246' title='bbox 1378 2278 1416 2314; x_wconf 89' lang='lat' dir='ltr'><strong>ii.</strong></span> <span class='ocrx_word' id='word_1_247' title='bbox 1438 2288 1494 2324; x_wconf 90' lang='lat'><strong>31.</strong></span> <span class='ocrx_word' id='word_1_248' title='bbox 1635 2287 1652 2323; x_wconf 83' lang='lat'>5</span> 
     </span>
     <span class='ocr_line' id='line_1_31' title="bbox 185 2325 1653 2373; baseline 0 -13"><span class='ocrx_word' id='word_1_249' title='bbox 185 2326 342 2372; x_wconf 69' lang='lat' dir='ltr'><strong>Sulpitn‘o</strong></span> <span class='ocrx_word' id='word_1_250' title='bbox 358 2328 429 2362; x_wconf 86' lang='lat' dir='ltr'><strong>etc.</strong></span> <span class='ocrx_word' id='word_1_251' title='bbox 445 2339 453 2363; x_wconf 90' lang='lat'><strong>:</strong></span> <span class='ocrx_word' id='word_1_252' title='bbox 478 2327 560 2363; x_wconf 86' lang='lat' dir='ltr'><strong>Val.</strong></span> <span class='ocrx_word' id='word_1_253' title='bbox 575 2327 675 2363; x_wconf 75' lang='lat' dir='ltr'><strong>Max.</strong></span> <span class='ocrx_word' id='word_1_254' title='bbox 694 2327 718 2363; x_wconf 91' lang='lat' dir='ltr'><strong>i.</strong></span> <span class='ocrx_word' id='word_1_255' title='bbox 739 2338 767 2364; x_wconf 93' lang='lat'><strong>1.</strong></span> <span class='ocrx_word' id='word_1_256' title='bbox 782 2336 842 2373; x_wconf 78' lang='grc'><strong>45.</strong></span> <span class='ocrx_word' id='word_1_257' title='bbox 941 2336 960 2370; x_wconf 93' lang='grc'><em>7</em></span> <span class='ocrx_word' id='word_1_258' title='bbox 987 2329 1111 2362; x_wconf 70' lang='lat' dir='ltr'><strong>Marco</strong></span> <span class='ocrx_word' id='word_1_259' title='bbox 1128 2328 1244 2362; x_wconf 79' lang='lat' dir='ltr'><strong>Fabio</strong></span> <span class='ocrx_word' id='word_1_260' title='bbox 1255 2328 1544 2372; x_wconf 80' lang='lat' dir='ltr'><strong>praefecturam:</strong></span> <span class='ocrx_word' id='word_1_261' title='bbox 1571 2325 1653 2361; x_wconf 88' lang='lat' dir='ltr'><strong>Val.</strong></span> 
     </span>
     <span class='ocr_line' id='line_1_32' title="bbox 186 2371 1652 2418; baseline -0.001 -10"><span class='ocrx_word' id='word_1_262' title='bbox 186 2371 285 2408; x_wconf 82' lang='lat' dir='ltr'><strong>Max.</strong></span> <span class='ocrx_word' id='word_1_263' title='bbox 303 2372 373 2410; x_wconf 89' lang='lat' dir='ltr'><strong>loc.</strong></span> <span class='ocrx_word' id='word_1_264' title='bbox 392 2373 456 2410; x_wconf 85' lang='lat' dir='ltr'><strong>cit.</strong></span> <span class='ocrx_word' id='word_1_265' title='bbox 473 2374 589 2411; x_wconf 88' lang='lat' dir='ltr'><strong>habet</strong></span> <span class='ocrx_word' id='word_1_266' title='bbox 604 2375 717 2410; x_wconf 80' lang='lat' dir='ltr'><strong>Fabio</strong></span> <span class='ocrx_word' id='word_1_267' title='bbox 740 2376 904 2410; x_wconf 76' lang='lat' dir='ltr'><strong>Maximo</strong></span> <span class='ocrx_word' id='word_1_268' title='bbox 920 2376 1149 2411; x_wconf 79' lang='lat' dir='ltr'><strong>dictaturam.</strong></span> <span class='ocrx_word' id='word_1_269' title='bbox 1292 2376 1400 2418; x_wconf 80' lang='lat' dir='ltr'><strong>nuqis</strong></span> <span class='ocrx_word' id='word_1_270' title='bbox 1424 2375 1593 2409; x_wconf 63' lang='lat' dir='ltr'><strong>Hiber-fs:</strong></span> <span class='ocrx_word' id='word_1_271' title='bbox 1621 2385 1652 2408; x_wconf 87' lang='lat' dir='ltr'><strong>v.</strong></span> 
     </span>
     <span class='ocr_line' id='line_1_33' title="bbox 187 2419 1652 2468; baseline 0 -13"><span class='ocrx_word' id='word_1_272' title='bbox 187 2419 339 2456; x_wconf 87' lang='lat' dir='ltr'><strong>Hieron.</strong></span> <span class='ocrx_word' id='word_1_273' title='bbox 354 2422 448 2456; x_wconf 80' lang='lat' dir='ltr'><strong>sz.</strong></span> <span class='ocrx_word' id='word_1_274' title='bbox 461 2424 499 2456; x_wconf 77' lang='lat' dir='ltr'><strong>in</strong></span> <span class='ocrx_word' id='word_1_275' title='bbox 517 2423 654 2457; x_wconf 78' lang='lat' dir='ltr'><strong>Pentat.</strong></span> <span class='ocrx_word' id='word_1_276' title='bbox 672 2435 680 2466; x_wconf 88' lang='lat'>;</span> <span class='ocrx_word' id='word_1_277' title='bbox 707 2428 830 2458; x_wconf 74' lang='lat' dir='ltr'><strong>contra</strong></span> <span class='ocrx_word' id='word_1_278' title='bbox 848 2423 953 2467; x_wconf 72' lang='lat' dir='ltr'><strong>Viyil.</strong></span> <span class='ocrx_word' id='word_1_279' title='bbox 974 2422 991 2468; x_wconf 73' lang='grc' dir='ltr'>ξ</span> <span class='ocrx_word' id='word_1_280' title='bbox 1011 2422 1034 2457; x_wconf 90' lang='grc'>6</span> <span class='ocrx_word' id='word_1_281' title='bbox 1051 2435 1060 2465; x_wconf 88' lang='grc'><strong>;</strong></span> <span class='ocrx_word' id='word_1_282' title='bbox 1082 2422 1252 2468; x_wconf 44' lang='lat' dir='ltr'><strong>infimos</strong></span> <span class='ocrx_word' id='word_1_283' title='bbox 1268 2423 1323 2456; x_wconf 74' lang='lat' dir='ltr'><strong>iii.</strong></span> <span class='ocrx_word' id='word_1_284' title='bbox 1344 2431 1377 2466; x_wconf 89' lang='lat'><strong>9,</strong></span> <span class='ocrx_word' id='word_1_285' title='bbox 1396 2431 1459 2462; x_wconf 87' lang='lat'><strong>10;</strong></span> <span class='ocrx_word' id='word_1_286' title='bbox 1484 2422 1556 2466; x_wconf 85' lang='lat' dir='ltr'><strong>Ep.</strong></span> <span class='ocrx_word' id='word_1_287' title='bbox 1570 2432 1652 2456; x_wconf 85' lang='lat' dir='ltr'><strong>cxx.</strong></span> 
     </span>
     <span class='ocr_line' id='line_1_34' title="bbox 188 2467 1653 2523; baseline 0 -21"><span class='ocrx_word' id='word_1_288' title='bbox 188 2469 236 2503; x_wconf 85' lang='lat' dir='ltr'><strong>ad</strong></span> <span class='ocrx_word' id='word_1_289' title='bbox 255 2468 446 2503; x_wconf 78' lang='lat' dir='ltr'><strong>Hedibiam</strong></span> <span class='ocrx_word' id='word_1_290' title='bbox 464 2468 482 2515; x_wconf 68' lang='grc' dir='ltr'><strong>ξ</strong></span> <span class='ocrx_word' id='word_1_291' title='bbox 506 2479 549 2504; x_wconf 91' lang='lat'><strong>10</strong></span> <span class='ocrx_word' id='word_1_292' title='bbox 567 2468 711 2523; x_wconf 74' lang='lat' dir='ltr'><strong>(Migne</strong></span> <span class='ocrx_word' id='word_1_293' title='bbox 728 2471 769 2505; x_wconf 94' lang='lat' dir='ltr'><strong>P.</strong></span> <span class='ocrx_word' id='word_1_294' title='bbox 782 2471 827 2507; x_wconf 89' lang='lat' dir='ltr'><strong>L.</strong></span> <span class='ocrx_word' id='word_1_295' title='bbox 851 2468 979 2505; x_wconf 87' lang='lat' dir='ltr'><strong>xxviii.</strong></span> <span class='ocrx_word' id='word_1_296' title='bbox 1004 2478 1081 2515; x_wconf 84' lang='lat'><strong>150,</strong></span> <span class='ocrx_word' id='word_1_297' title='bbox 1106 2468 1209 2504; x_wconf 85' lang='lat' dir='ltr'><strong>xxiii.</strong></span> <span class='ocrx_word' id='word_1_298' title='bbox 1234 2478 1315 2514; x_wconf 83' lang='lat'><strong>345,</strong></span> <span class='ocrx_word' id='word_1_299' title='bbox 1334 2480 1416 2503; x_wconf 84' lang='lat' dir='ltr'><strong>xxv.</strong></span> <span class='ocrx_word' id='word_1_300' title='bbox 1440 2470 1540 2508; x_wconf 82' lang='lat'><strong>1018,</strong></span> <span class='ocrx_word' id='word_1_301' title='bbox 1559 2467 1653 2502; x_wconf 86' lang='lat' dir='ltr'><strong>xxii.</strong></span> 
     </span>
     <span class='ocr_line' id='line_1_35' title="bbox 188 2514 1653 2563; baseline 0.001 -14"><span class='ocrx_word' id='word_1_302' title='bbox 188 2515 285 2559; x_wconf 88' lang='lat'><strong>998).</strong></span> <span class='ocrx_word' id='word_1_303' title='bbox 335 2514 454 2550; x_wconf 90' lang='lat' dir='ltr'><strong>Omen</strong></span> <span class='ocrx_word' id='word_1_304' title='bbox 482 2516 580 2551; x_wconf 84' lang='lat' dir='ltr'><strong>haud</strong></span> <span class='ocrx_word' id='word_1_305' title='bbox 615 2516 794 2552; x_wconf 75' lang='lat' dir='ltr'><strong>dissimile</strong></span> <span class='ocrx_word' id='word_1_306' title='bbox 825 2528 886 2563; x_wconf 86' lang='lat' dir='ltr'><strong>ap.</strong></span> <span class='ocrx_word' id='word_1_307' title='bbox 915 2515 1136 2552; x_wconf 87' lang='lat' dir='ltr'><strong>Ciceronem</strong></span> <span class='ocrx_word' id='word_1_308' title='bbox 1163 2518 1206 2551; x_wconf 86' lang='lat' dir='ltr'><strong>de</strong></span> <span class='ocrx_word' id='word_1_309' title='bbox 1239 2518 1320 2551; x_wconf 78' lang='lat' dir='ltr'><strong>De‘v.</strong></span> <span class='ocrx_word' id='word_1_310' title='bbox 1355 2515 1379 2551; x_wconf 90' lang='lat' dir='ltr'><strong>i.</strong></span> <span class='ocrx_word' id='word_1_311' title='bbox 1409 2526 1455 2560; x_wconf 87' lang='lat'><strong>44</strong></span> <span class='ocrx_word' id='word_1_312' title='bbox 1495 2515 1653 2560; x_wconf 90' lang='lat' dir='ltr'><strong>reperiri</strong></span> 
     </span>
     <span class='ocr_line' id='line_1_36' title="bbox 188 2562 1653 2642; baseline 0.001 -46"><span class='ocrx_word' id='word_1_313' title='bbox 188 2562 334 2642; x_wconf 42' lang='lat' dir='ltr'><strong>potes&amp;</strong></span> <span class='ocrx_word' id='word_1_314' title='bbox 360 2562 407 2598; x_wconf 87' lang='lat' dir='ltr'><strong>cf.</strong></span> <span class='ocrx_word' id='word_1_315' title='bbox 427 2562 470 2598; x_wconf 93' lang='lat' dir='ltr'><strong>B.</strong></span> <span class='ocrx_word' id='word_1_316' title='bbox 487 2563 639 2607; x_wconf 84' lang='lat' dir='ltr'><strong>Jonson,</strong></span> <span class='ocrx_word' id='word_1_317' title='bbox 660 2565 732 2599; x_wconf 80' lang='lat' dir='ltr'><strong>The</strong></span> <span class='ocrx_word' id='word_1_318' title='bbox 749 2565 840 2608; x_wconf 78' lang='lat' dir='ltr'><strong>Fox,</strong></span> <span class='ocrx_word' id='word_1_319' title='bbox 858 2566 920 2600; x_wconf 88' lang='lat' dir='ltr'><strong>act</strong></span> <span class='ocrx_word' id='word_1_320' title='bbox 936 2563 982 2599; x_wconf 90' lang='lat' dir='ltr'><strong>iv.</strong></span> <span class='ocrx_word' id='word_1_321' title='bbox 1001 2576 1050 2600; x_wconf 86' lang='lat' dir='ltr'><strong>sc.</strong></span> <span class='ocrx_word' id='word_1_322' title='bbox 1076 2575 1087 2599; x_wconf 93' lang='lat'><em>1</em></span> <span class='ocrx_word' id='word_1_323' title='bbox 1113 2563 1184 2604; x_wconf 73' lang='lat' dir='ltr'><strong>(ed.</strong></span> <span class='ocrx_word' id='word_1_324' title='bbox 1205 2562 1351 2599; x_wconf 85' lang='lat' dir='ltr'><strong>Gifford</strong></span> <span class='ocrx_word' id='word_1_325' title='bbox 1368 2563 1444 2598; x_wconf 85' lang='lat' dir='ltr'><strong>and</strong></span> <span class='ocrx_word' id='word_1_326' title='bbox 1458 2562 1653 2608; x_wconf 86' lang='lat' dir='ltr'><strong>Cunning-</strong></span> 
     </span>
     <span class='ocr_line' id='line_1_37' title="bbox 193 2608 1654 2661; baseline 0.001 -19"><span class='ocrx_word' id='word_1_327' title='bbox 193 2653 201 2661; x_wconf 48' lang='lat'><strong>·</strong></span> <span class='ocrx_word' id='word_1_328' title='bbox 217 2618 291 2652; x_wconf 88' lang='lat' dir='ltr'><strong>am,</strong></span> <span class='ocrx_word' id='word_1_329' title='bbox 316 2608 370 2644; x_wconf 87' lang='lat' dir='ltr'><strong>iii.</strong></span> <span class='ocrx_word' id='word_1_330' title='bbox 397 2621 434 2655; x_wconf 87' lang='lat' dir='ltr'><strong>p.</strong></span> <span class='ocrx_word' id='word_1_331' title='bbox 464 2611 559 2654; x_wconf 90' lang='lat'><strong>266).</strong></span> <span class='ocrx_word' id='word_1_332' title='bbox 685 2619 722 2656; x_wconf 82' lang='lat'><strong>15</strong></span> <span class='ocrx_word' id='word_1_333' title='bbox 751 2613 946 2646; x_wconf 79' lang='lat' dir='ltr'><strong>ominales:</strong></span> <span class='ocrx_word' id='word_1_334' title='bbox 975 2611 1046 2647; x_wconf 90' lang='lat' dir='ltr'><strong>hoc</strong></span> <span class='ocrx_word' id='word_1_335' title='bbox 1071 2610 1306 2653; x_wconf 83' lang='lat' dir='ltr'><strong>vocabulum,</strong></span> <span class='ocrx_word' id='word_1_336' title='bbox 1332 2610 1434 2655; x_wconf 91' lang='lat' dir='ltr'><strong>quod</strong></span> <span class='ocrx_word' id='word_1_337' title='bbox 1458 2609 1553 2645; x_wconf 86' lang='lat' dir='ltr'><strong>alibi</strong></span> <span class='ocrx_word' id='word_1_338' title='bbox 1578 2622 1654 2645; x_wconf 91' lang='lat' dir='ltr'><strong>non</strong></span> 
     </span>
     <span class='ocr_line' id='line_1_38' title="bbox 189 2654 1653 2703; baseline 0.002 -15"><span class='ocrx_word' id='word_1_339' title='bbox 189 2654 366 2699; x_wconf 75' lang='lat' dir='ltr'><strong>invenies,</strong></span> <span class='ocrx_word' id='word_1_340' title='bbox 384 2654 425 2691; x_wconf 91' lang='lat' dir='ltr'><strong>in</strong></span> <span class='ocrx_word' id='word_1_341' title='bbox 438 2655 530 2692; x_wconf 85' lang='lat' dir='ltr'><strong>Gell.</strong></span> <span class='ocrx_word' id='word_1_342' title='bbox 543 2659 589 2692; x_wconf 91' lang='lat' dir='ltr'><strong>N.</strong></span> <span class='ocrx_word' id='word_1_343' title='bbox 605 2659 651 2693; x_wconf 76' lang='lat' dir='ltr'><strong>A.</strong></span> <span class='ocrx_word' id='word_1_344' title='bbox 664 2670 695 2693; x_wconf 88' lang='lat' dir='ltr'><strong>v.</strong></span> <span class='ocrx_word' id='word_1_345' title='bbox 712 2667 765 2703; x_wconf 84' lang='lat'><strong>17,</strong></span> <span class='ocrx_word' id='word_1_346' title='bbox 778 2658 843 2694; x_wconf 89' lang='lat' dir='ltr'><strong>ubi</strong></span> <span class='ocrx_word' id='word_1_347' title='bbox 860 2658 1007 2694; x_wconf 85' lang='lat' dir='ltr'><strong>codices</strong></span> <span class='ocrx_word' id='word_1_348' title='bbox 1025 2660 1257 2694; x_wconf 76' lang='lat' dir='ltr'><strong>inominalem</strong></span> <span class='ocrx_word' id='word_1_349' title='bbox 1276 2658 1428 2696; x_wconf 87' lang='lat' dir='ltr'><strong>habent,</strong></span> <span class='ocrx_word' id='word_1_350' title='bbox 1447 2657 1653 2702; x_wconf 87' lang='lat' dir='ltr'><strong>legendum</strong></span> 
     </span>
     <span class='ocr_line' id='line_1_39' title="bbox 193 2701 1655 2751; baseline 0.002 -15"><span class='ocrx_word' id='word_1_351' title='bbox 193 2712 269 2737; x_wconf 85' lang='lat' dir='ltr'><strong>esse</strong></span> <span class='ocrx_word' id='word_1_352' title='bbox 292 2701 452 2739; x_wconf 87' lang='lat' dir='ltr'><strong>coniecit</strong></span> <span class='ocrx_word' id='word_1_353' title='bbox 475 2703 674 2740; x_wconf 87' lang='lat' dir='ltr'><strong>Salmasius</strong></span> <span class='ocrx_word' id='word_1_354' title='bbox 698 2707 740 2740; x_wconf 84' lang='lat' dir='ltr'><strong>de</strong></span> <span class='ocrx_word' id='word_1_355' title='bbox 762 2708 873 2740; x_wconf 81' lang='lat' dir='ltr'><strong>annis</strong></span> <span class='ocrx_word' id='word_1_356' title='bbox 896 2707 1150 2747; x_wconf 70' lang='lat' dir='ltr'><strong>climactern&#39;cr&#39;s,</strong></span> <span class='ocrx_word' id='word_1_357' title='bbox 1173 2717 1209 2751; x_wconf 92' lang='lat' dir='ltr'><strong>p.</strong></span> <span class='ocrx_word' id='word_1_358' title='bbox 1234 2707 1314 2748; x_wconf 82' lang='lat'><strong>824.</strong></span> <span class='ocrx_word' id='word_1_359' title='bbox 1362 2703 1575 2740; x_wconf 85' lang='lat' dir='ltr'><strong>Verisimile</strong></span> <span class='ocrx_word' id='word_1_360' title='bbox 1599 2707 1655 2740; x_wconf 82' lang='lat' dir='ltr'><strong>est</strong></span> 
     </span>
     <span class='ocr_line' id='line_1_40' title="bbox 191 2747 1656 2803; baseline 0.002 -20"><span class='ocrx_word' id='word_1_361' title='bbox 191 2747 372 2803; x_wconf 76' lang='lat' dir='ltr'><strong>Ioannem</strong></span> <span class='ocrx_word' id='word_1_362' title='bbox 404 2752 574 2786; x_wconf 83' lang='lat' dir='ltr'><strong>nostrum</strong></span> <span class='ocrx_word' id='word_1_363' title='bbox 604 2751 695 2787; x_wconf 83' lang='lat' dir='ltr'><strong>haec</strong></span> <span class='ocrx_word' id='word_1_364' title='bbox 729 2764 775 2789; x_wconf 83' lang='lat' dir='ltr'><strong>ex</strong></span> <span class='ocrx_word' id='word_1_365' title='bbox 807 2751 951 2788; x_wconf 78' lang='lat' dir='ltr'><strong>amissis</strong></span> <span class='ocrx_word' id='word_1_366' title='bbox 982 2752 1164 2788; x_wconf 90' lang='lat' dir='ltr'><strong>Macrobii</strong></span> <span class='ocrx_word' id='word_1_367' title='bbox 1196 2751 1372 2798; x_wconf 86' lang='lat' dir='ltr'><strong>capitulis</strong></span> <span class='ocrx_word' id='word_1_368' title='bbox 1404 2752 1450 2788; x_wconf 89' lang='lat' dir='ltr'><strong>de</strong></span> <span class='ocrx_word' id='word_1_369' title='bbox 1483 2751 1656 2787; x_wconf 87' lang='lat' dir='ltr'><strong>doctrina</strong></span> 
     </span>
     <span class='ocr_line' id='line_1_41' title="bbox 190 2795 1652 2846; baseline 0.003 -16"><span class='ocrx_word' id='word_1_370' title='bbox 190 2795 355 2840; x_wconf 87' lang='lat' dir='ltr'><strong>Verg1h1</strong></span> <span class='ocrx_word' id='word_1_371' title='bbox 376 2797 547 2841; x_wconf 84' lang='lat' dir='ltr'><strong>augurali</strong></span> <span class='ocrx_word' id='word_1_372' title='bbox 566 2798 793 2843; x_wconf 76' lang='lat' dir='ltr'><strong>traduxisse;</strong></span> <span class='ocrx_word' id='word_1_373' title='bbox 828 2799 910 2836; x_wconf 87' lang='lat' dir='ltr'><strong>vide</strong></span> <span class='ocrx_word' id='word_1_374' title='bbox 928 2811 1024 2845; x_wconf 85' lang='lat' dir='ltr'><strong>quae</strong></span> <span class='ocrx_word' id='word_1_375' title='bbox 1041 2799 1122 2835; x_wconf 81' lang='lat' dir='ltr'><strong>dixi</strong></span> <span class='ocrx_word' id='word_1_376' title='bbox 1138 2811 1252 2846; x_wconf 85' lang='lat' dir='ltr'><strong>supra</strong></span> <span class='ocrx_word' id='word_1_377' title='bbox 1268 2799 1316 2835; x_wconf 83' lang='lat' dir='ltr'><strong>ad</strong></span> <span class='ocrx_word' id='word_1_378' title='bbox 1334 2811 1416 2845; x_wconf 85' lang='lat' dir='ltr'><strong>cap.</strong></span> <span class='ocrx_word' id='word_1_379' title='bbox 1438 2809 1490 2835; x_wconf 89' lang='lat'><strong>12.</strong></span> <span class='ocrx_word' id='word_1_380' title='bbox 1610 2809 1629 2834; x_wconf 90' lang='lat'>2</span> <span class='ocrx_word' id='word_1_381' title='bbox 1635 2807 1652 2844; x_wconf 86' lang='lat'>5</span> 
     </span>
     <span class='ocr_line' id='line_1_42' title="bbox 193 2843 917 2891; baseline 0.007 -14"><span class='ocrx_word' id='word_1_382' title='bbox 193 2843 294 2886; x_wconf 78' lang='lat' dir='ltr'><strong>Quod</strong></span> <span class='ocrx_word' id='word_1_383' title='bbox 311 2844 384 2878; x_wconf 74' lang='lat' dir='ltr'><strong>nisi</strong></span> <span class='ocrx_word' id='word_1_384' title='bbox 401 2846 496 2880; x_wconf 86' lang='lat' dir='ltr'><strong>etc.:</strong></span> <span class='ocrx_word' id='word_1_385' title='bbox 521 2844 632 2891; x_wconf 86' lang='lat' dir='ltr'><strong>Verg.</strong></span> <span class='ocrx_word' id='word_1_386' title='bbox 650 2847 728 2882; x_wconf 83' lang='lat' dir='ltr'><strong>Ecl.</strong></span> <span class='ocrx_word' id='word_1_387' title='bbox 743 2846 794 2882; x_wconf 84' lang='lat' dir='ltr'><strong>ix.</strong></span> <span class='ocrx_word' id='word_1_388' title='bbox 816 2848 917 2891; x_wconf 86' lang='lat'><strong>14—6.</strong></span> 
     </span>
    </p>
   </div>
   <div class='ocr_carea' id='block_1_6' title="bbox 1501 2926 1542 2958">
    <p class='ocr_par' dir='ltr' id='par_1_10' title="bbox 1501 2926 1542 2958">
     <span class='ocr_line' id='line_1_43' title="bbox 1501 2926 1542 2958; baseline 0 0"><span class='ocrx_word' id='word_1_389' title='bbox 1501 2926 1542 2958; x_wconf 84' lang='lat'><strong>55</strong></span> 
     </span>
    </p>
   </div>
  </div>
 </body>
</html>
