1994 3190
159 226 258 260 cAP.
271 213 323 274 v]
664 211 1102 257 POLICRATICVS
1640 222 1712 263 521
1732 214 1760 252 b

157 334 411 378 conciliaret
443 331 734 390 imperatoris,
768 331 955 388 petitam
990 331 1045 374 de
1084 346 1221 375 manu
1260 331 1435 376 Cesaris
1473 332 1623 376 fialam

157 403 334 460 recepit,
374 416 556 459 eamque
595 400 788 444 ualidius
831 400 1016 457 proiecit
1059 400 1106 443 in
1150 402 1456 458 pauimentum
1497 405 1624 446 tanto

156 472 327 529 impetu
362 474 415 514 ut
443 485 523 515 nec
557 469 822 513 solidissima
856 471 902 512 et
933 470 1292 512 constantissima
1321 471 1407 514 eris
1437 472 1625 515 materia

156 543 356 583 maneret
385 539 521 584 illesa.
585 537 722 582 Cesar
750 540 901 580 autem
935 538 992 580 ad
1024 538 1132 581 haec
1162 553 1252 581 non
1281 540 1422 596 magis
1450 541 1624 598 stupuit
1643 550 1669 580 c

118 625 139 662 5
156 623 288 666 quam
309 609 504 666 expauit.
543 607 607 651 At
626 607 700 651 ille
720 607 775 650 de
794 609 915 650 terra
934 607 1118 650 sustulit
1137 608 1298 659 fialam,
1314 623 1425 664 quae
1447 610 1625 665 quidem

154 693 245 722 non
289 678 433 722 fracta
471 680 568 721 erat
606 676 683 720 sed
724 676 887 728 collisa,
926 691 976 720 ac
1017 677 1054 720 si
1094 677 1181 720 eris
1221 678 1473 720 substantia
1515 679 1624 722 uitri

154 747 343 805 speciem
382 747 610 792 induisset.
669 746 840 790 Deinde
879 746 1134 789 martiolum
1170 746 1225 789 de
1259 746 1360 789 sinu
1395 746 1625 804 proferens

154 817 317 860 uitium
338 817 531 860 correxit
551 816 789 874 aptissime,
809 818 855 859 et
882 820 1110 872 tamquam
1136 815 1337 859 collisum
1365 831 1445 858 uas
1466 831 1624 859 eneum

154 886 319 930 crebris
338 886 500 930 ictibus
524 886 761 944 reparauit.
821 886 920 939 Quo
940 885 1060 929 facto
1087 900 1132 928 se
1159 886 1302 929 celum
1328 885 1450 928 Iouis
1474 888 1625 928 tenere

97 968 139 1009 ιο
155 956 398 1000 arbitratus
428 959 506 1007 est,
536 971 587 999 eo
618 955 736 1013 quod
766 955 1119 998 familiaritatem
1150 954 1325 999 Cesaris
1357 958 1403 998 et
1433 955 1624 998 admira-

153 1026 319 1069 tionem
340 1026 537 1068 omnium
556 1040 603 1069 se
623 1026 914 1083 promeruisse
935 1025 1153 1069 credebat.
1203 1024 1292 1068 Sed
1307 1039 1430 1068 secus
1451 1026 1624 1068 accidit.

156 1094 388 1148 Quaesiuit
427 1095 545 1138 enim
585 1094 721 1139 Cesar
759 1110 817 1138 an
857 1095 971 1138 alius
1010 1095 1143 1138 sciret
1182 1094 1297 1138 hanc
1343 1095 1624 1138 condituram

153 1164 410 1209 uitreorum.
475 1164 603 1218 Quod
642 1179 742 1208 cum
786 1167 982 1222 negaret,
1017 1179 1118 1207 eum
1153 1164 1359 1208 decollari
1399 1166 1624 1222 praecepit

154 1233 396 1291 imperator
414 1234 562 1278 dicens
583 1234 698 1291 quia,
719 1234 757 1277 si
778 1234 859 1278 hoc
879 1234 1117 1277 artificium
1139 1234 1443 1285 innotesceret,
1463 1249 1623 1278 aurum

95 1315 136 1354 1'5
155 1306 201 1348 et
226 1306 461 1362 argentum
487 1304 749 1348 uilescerent
775 1304 901 1361 quasi
929 1303 1087 1348 lutum.
1146 1303 1218 1346 An
1245 1318 1354 1347 uera
1376 1305 1436 1347 sit
1465 1304 1623 1348 relatio

156 1375 202 1418 et
225 1373 368 1417 fidelis
394 1374 610 1418 incertum
636 1376 714 1425 est,
735 1377 782 1417 et
811 1374 866 1416 de
897 1373 1016 1417 facto
1049 1372 1224 1418 Cesaris
1254 1374 1419 1417 diuersi
1447 1374 1625 1418 diuersa
1640 1377 1668 1417 d

153 1443 364 1488 sentiunt.
426 1443 520 1501 Ego
549 1458 655 1487 uero
685 1443 1003 1500 sapientiorum
1034 1458 1122 1486 non
1153 1443 1461 1500 praeiudicans
1493 1444 1621 1487 intel-

151 1511 286 1556 lectui
335 1512 615 1557 deuotionem
660 1513 855 1571 potentis
904 1512 1087 1556 artificis
1136 1513 1250 1556 male
1295 1517 1622 1557 remuneratam

154 1581 357 1632 arbitror,
378 1584 424 1624 et
452 1582 674 1625 inutiliter
702 1582 896 1625 humano
925 1582 1076 1639 generi
1107 1585 1399 1639 prospectum,
1423 1597 1523 1626 cum
1550 1598 1623 1627 ars

93 1662 139 1693 20
155 1650 332 1708 egregia
369 1651 515 1695 deleta
553 1652 626 1703 sit,
666 1654 719 1694 ut
758 1651 898 1695 fomes
937 1650 1167 1704 auaritiae,
1200 1651 1414 1708 pabulum
1454 1652 1623 1704 mortis,

153 1720 486 1764 contentionum
530 1722 884 1779 praeliorumque
926 1736 1058 1764 causa
1099 1722 1285 1778 pecunia
1324 1722 1622 1778 pecuniaeque

151 1791 339 1834 materia
364 1794 618 1835 seruaretur
646 1791 693 1834 in
723 1792 878 1848 pretio,
899 1790 1016 1848 quod
1046 1791 1141 1834 sine
1170 1790 1404 1847 diligentia
1430 1791 1622 1836 hominis

152 1857 301 1902 fuerat
329 1859 550 1911 habitura,
579 1875 680 1904 cum
709 1861 804 1903 sine
833 1875 879 1903 se
910 1875 1003 1903 esse
1031 1874 1120 1903 non
1155 1860 1296 1917 possit
1331 1875 1443 1917 quae
1473 1875 1621 1904 rerum

152 1929 345 1987 pretium
365 1932 442 1973 est.
502 1930 693 1987 Vtique:

94 2033 137 2070 ²5
270 2021 326 2064 In
354 2021 497 2078 pretio
527 2021 720 2079 pretium
750 2036 867 2065 nunc
898 2024 989 2074 est;
1024 2022 1103 2064 dat
1133 2037 1288 2065 census
1318 2022 1519 2073 honores,

325 2093 480 2123 census
508 2080 728 2123 amicitias
741 2094 750 2132 ;
779 2095 948 2138 pauper
977 2080 1140 2137 ubique
1171 2080 1297 2124 iacet.

152 2171 301 2231 Longe
316 2174 472 2217 utilius
488 2175 667 2231 quidam
681 2190 854 2218 omnem
871 2176 1102 2218 materiam
1118 2176 1364 2233 iurgiorum
1382 2179 1427 2219 et
1441 2191 1619 2220 causam

152 2242 242 2285 odii
268 2257 296 2285 a
321 2243 412 2286 suis
432 2244 564 2286 rebus
583 2244 773 2302 publicis
793 2246 1089 2288 exterminare
1109 2246 1390 2297 studuerunt,
1409 2248 1462 2288 ut
1486 2261 1619 2289 causa
1636 2255 1715 2296 522
1735 2258 1764 2286 a

152 2310 380 2355 deficiente
400 2312 579 2356 effectus
599 2314 796 2357 malitiae
817 2317 1120 2367 euanesceret3
1151 2315 1280 2372 quale
1305 2317 1373 2358 est
1393 2316 1618 2358 decretum

93 2396 136 2431 30
154 2378 337 2437 Ligurgi
357 2381 476 2438 apud
496 2381 845 2434 Lacedemonios‚
866 2387 911 2427 et
926 2384 972 2426 in
988 2384 1175 2441 antiqua
1192 2384 1359 2437 Grecia,
1373 2400 1485 2441 quae
1501 2400 1619 2429 nunc

153 2462 255 2505 pars
268 2448 425 2492 Italiae
441 2453 518 2501 est,
532 2451 669 2494 Samii
683 2452 885 2496 doctrina
902 2453 1146 2511 Pitagorae,
1160 2454 1236 2511 qui
1249 2454 1619 2497 constitutionum

153 2531 334 2560 suarum
362 2518 516 2562 robore
540 2522 586 2563 et
608 2521 778 2565 uirtute
805 2522 1001 2566 traditur
1027 2526 1170 2566 totam
1200 2538 1398 2566 seruasse
1427 2524 1619 2568 Italiam.

157 2631 198 2667 13
224 2596 467 2657 {iitrdrum'n
610 2634 651 2670 31
679 2625 874 2673 pictagore
887 2625 968 2663 S¹M
1106 2636 1150 2672 32
1175 2628 1299 2664 totam
1315 2627 1480 2664 traditur
1497 2626 1570 2662 ΒΜ

202 2718 246 2752 23
272 2720 353 2743 cum
368 2710 447 2744 sine
462 2721 498 2745 ee
515 2711 608 2747 etc.:
633 2710 657 2747 i.
665 2722 696 2748 e.
715 2724 796 2747 cum
811 2714 890 2748 sine
906 2714 1025 2758 pretio
1042 2725 1113 2749 esse
1129 2725 1202 2749 non
1212 2715 1329 2767 possit
1340 2715 1509 2759 pecunia,
1528 2726 1620 2760 quae

153 2755 235 2800 ipsa
251 2757 411 2800 pretium
427 2761 485 2792 est.
628 2767 670 2812 25
697 2760 746 2794 In
756 2762 874 2805 pretio
891 2761 962 2796 etc.
978 2772 986 2796 :
1013 2760 1078 2797 Ον.
1096 2762 1197 2797 fast.
1213 2773 1239 2796 1.
1258 2770 1338 2804 217,
1359 2762 1437 2796 218.
1573 2771 1620 2805 30

153 2803 309 2847 Liyuryi
327 2804 423 2839 etc.:
447 2815 479 2840 v.
498 2803 628 2840 Iustin.
653 2805 693 2842 1i.
718 2817 733 2842 1
764 2806 782 2860 ᾗ
814 2817 867 2843 12.
984 2809 1026 2843 in
1051 2809 1203 2853 antiqua
1228 2810 1325 2845 etc.:
1352 2820 1382 2844 v.
1409 2806 1485 2845 Cic.
1514 2809 1616 2845 Tusc.

155 2851 260 2894 Disp.
279 2861 312 2886 v.
330 2860 353 2895 4
371 2849 389 2897 ξ
413 2861 478 2896 10;
503 2850 586 2888 val.
606 2851 706 2889 Max.
723 2852 801 2890 vi1i.
822 2862 853 2898 7,
873 2855 949 2890 ext.
967 2864 1010 2899 23
1038 2853 1133 2892 Gell.
1151 2854 1176 2891 i.
1195 2866 1217 2902 9
1236 2854 1254 2902 ξ
1278 2865 1332 2892 12.

209 2920 290 2940 WEBB

832 2914 864 2941 K
891 2901 921 2940 k
1443 2919 1508 2953 2⁴9
