1994 3190
204 199 292 250 560
311 209 343 239 a

314 529 344 568 b

314 1534 342 1564 c

687 198 950 244 IOANNIS
989 198 1505 244 SARESBERIENSIS
1593 198 1597 227 ·’
1667 196 1779 259 [Lm.
1794 209 1825 243 v

359 319 536 363 iustitia
563 319 734 373 aliena;
773 320 885 363 bene
909 322 1069 378 agetur
1094 334 1195 364 cum
1221 334 1466 364 successore
1488 322 1579 371 tuo,
1599 318 1637 363 si
1666 319 1824 363 libera-

359 388 479 431 uerit
511 403 558 431 se
592 389 750 446 ipsum.
828 389 914 432 His
947 389 1096 432 uerbis
1134 391 1282 433 motus
1319 389 1562 446 imperator
1598 388 1826 432 descendit

358 457 414 501 de
441 472 554 514 equo
580 461 627 501 et
651 472 829 501 causam
854 458 1207 515 praesentialiter
1232 458 1508 502 examinauit
1533 461 1580 502 et
1604 458 1826 515 condigna

359 526 663 571 satisfactione
682 527 864 570 uiduam
883 527 1134 571 consolatus
1159 530 1238 571 est.
1299 528 1460 571 Fertur
1485 530 1635 571 autem
1661 527 1823 571 beatis-

357 596 497 640 simus
525 611 642 654 papa
670 600 764 640 tam
793 597 871 640 diu
898 611 980 654 pro
1014 611 1066 640 eo
1099 596 1267 640 fudisse
1296 597 1510 647 lacrimas,
1539 597 1676 640 donec
1705 596 1746 639 ei
1775 596 1823 639 in
1841 614 1862 650 5

357 666 628 710 reuelatione
649 666 906 709 nuntiatum
926 666 986 709 sit
1006 665 1247 709 Traianum
1267 680 1295 708 a
1320 666 1446 723 penis
1473 665 1638 709 inferni
1665 666 1823 709 libera·

358 738 468 786 tum,
488 735 572 779 sub
590 750 644 778 ea
662 738 813 779 tamen
832 735 1083 779 conditione
1103 750 1159 779 ne
1178 735 1367 778 ulterius
1386 749 1467 792 pro
1486 735 1636 793 aliquo
1654 733 1824 778 infideli

358 803 503 847 Deum
542 804 779 848 sollicitare
817 806 1127 861 praesumeret.
1201 803 1329 847 Vnde
1374 804 1533 847 merito
1571 803 1826 861 praefertur

358 873 458 917 aliis
482 874 608 918 cuius
635 874 780 917 uirtus
805 888 911 931 prae
937 873 1094 917 ceteris
1117 874 1183 916 ita
1209 873 1373 916 sanctis
1398 873 1568 930 placuit
1592 876 1646 916 ut
1671 887 1824 917 eorum

358 943 531 986 meritis
557 943 676 986 solus
702 943 762 986 sit
788 943 1012 986 liberatus.
1072 942 1131 986 Et
1157 943 1264 986 haec
1292 942 1471 999 quidem
1500 942 1555 986 de
1584 942 1729 1000 capite
1758 942 1822 986 rei
1842 961 1884 986 10

356 1011 558 1069 publicae
576 1012 696 1056 dicta
713 1015 831 1055 sunt.

358 1142 464 1201 Cap.
486 1155 523 1198 9.
572 1143 637 1186 De
665 1142 737 1187 his
765 1142 850 1199 qui
877 1142 936 1186 in
965 1156 1013 1186 ‘re
1035 1141 1226 1199 publica
1253 1141 1458 1186 obtinent
1486 1141 1636 1186 locum
1664 1141 1823 1196 cordis,

473 1216 515 1255 et
542 1211 663 1269 quod
690 1211 854 1268 iniqui
882 1212 1072 1256 arcendi
1100 1215 1211 1255 mut
1238 1226 1271 1255 a
1305 1211 1511 1256 consiliis
1534 1215 1822 1268 potestatum,

473 1285 513 1325 et
543 1281 598 1325 de
626 1280 787 1325 timore
816 1281 913 1332 Dei,
941 1284 982 1325 et
1010 1280 1253 1338 sapientia,
1280 1284 1322 1325 et
1344 1280 1647 1338 philosophia.

415 1381 573 1426 Cordis
591 1381 748 1432 locum,
763 1383 943 1425 auctore
964 1381 1180 1432 Plutarco‚
1196 1384 1376 1425 senatus
1395 1382 1579 1439 optinet.
1630 1382 1823 1426 Senatus
1841 1393 1881 1428 τε

356 1465 475 1502 uero,
509 1450 624 1494 sicut
658 1450 899 1493 maioribus
933 1450 1112 1507 placuit,
1145 1450 1275 1494 officii
1314 1465 1474 1494 nomen
1509 1454 1577 1494 est
1607 1454 1654 1495 et
1687 1451 1824 1494 habet

358 1521 490 1564 etatis
516 1523 692 1573 notam;
719 1519 936 1576 siquidem
964 1522 1144 1563 senatus
1171 1519 1335 1563 dicitur
1356 1534 1385 1563 a
1410 1523 1646 1564 senectute.
1706 1520 1822 1563 Eum

357 1605 463 1634 uero
503 1589 796 1632 Athenienses
834 1588 1108 1647 Ariopagum
1147 1589 1365 1641 dicebant,
1398 1604 1450 1633 eo
1489 1589 1606 1647 quod
1644 1589 1692 1632 in
1731 1589 1822 1636 illis

355 1660 496 1703 totius
526 1658 678 1716 populi
713 1658 859 1701 uirtus
892 1657 1151 1702 consisteret
1181 1661 1238 1711 et,
1271 1673 1371 1703 cum
1406 1659 1464 1702 ab
1498 1658 1562 1702 eis
1595 1658 1822 1716 praeclara

355 1729 548 1787 plurima
575 1728 760 1771 inuenta
787 1727 890 1779 sint,
909 1727 1046 1770 nichil
1072 1727 1304 1779 salubrius,
1323 1727 1460 1772 nichil
1489 1727 1723 1786 gloriosius
1752 1727 1819 1771 in-
1838 1743 1883 1770 ao

353 1798 565 1841 stitutum
594 1800 663 1841 est
691 1811 824 1853 quam
852 1799 1042 1839 senatus.
1102 1796 1220 1849 Quid
1254 1796 1372 1840 enim
1401 1797 1593 1841 nobilius
1622 1799 1690 1841 est
1718 1800 1821 1842 cetu

354 1881 510 1910 senum
550 1866 626 1924 qui
666 1865 838 1909 emeriti
876 1879 905 1908 a
944 1864 1203 1923 uulgaribus
1251 1865 1404 1909 officiis
1448 1866 1506 1909 ad
1554 1866 1725 1910 consilii
1774 1870 1822 1912 et

356 1935 584 1993 regiminis
602 1934 792 1978 officium
812 1936 1047 1978 transeunt
1073 1937 1119 1978 et
1144 1934 1192 1977 in
1211 1935 1406 1979 marcido
1424 1950 1604 1993 corpore
1630 1939 1822 1981 exerunt

355 2004 517 2048 mentis
546 2004 696 2047 uires?
756 2003 820 2046 Eo
848 2003 1090 2060 sapientiae
1119 2004 1261 2062 magis
1289 2004 1384 2063 apti
1424 2005 1625 2063 negotiis,
1654 2020 1742 2063 quo
1771 2005 1820 2050 in

358 2129 399 2167 15
425 2118 627 2167 plutarcho
643 2117 716 2154 AM
812 2117 990 2165 Senatus]
1006 2116 1058 2156 sic
1076 2117 1142 2155 SM

406 2243 423 2281 5
447 2245 517 2280 pm
542 2245 581 2271 eo
596 2234 742 2280 sudem
769 2234 960 2270 eaor-im:
987 2245 1019 2270 v.
1048 2233 1181 2271 Ioanu.
1211 2233 1315 2271 Diae.
1344 2234 1413 2272 loc.
1443 2234 1530 2272 cit.:
1566 2237 1637 2273 Sed
1667 2249 1749 2274 eum
1776 2238 1820 2274 do

354 2283 602 2329 superioribus
628 2282 816 2318 miraculis
843 2282 1090 2318 Romanorum
1117 2284 1164 2318 eit
1189 2294 1291 2319 nemo
1316 2284 1379 2329 qut·
1401 2284 1544 2326 dubitet.
1571 2285 1614 2320 de
1641 2285 1705 2321 hoc

355 2331 457 2376 apud
488 2330 655 2365 Samum
685 2330 828 2374 legitur,
858 2329 967 2365 huius
1001 2331 1168 2376 precibus
1203 2331 1359 2366 Traiani
1397 2333 1559 2367 animam
1596 2332 1641 2368 ab
1681 2333 1696 2367 ι’
1740 2333 1823 2369 ems*

355 2377 575 2414 mmm,
602 2377 799 2419 liberatam,
829 2376 870 2413 ob
895 2378 934 2412 ἑά
961 2378 1013 2412 vd
1036 2379 1192 2413 mxime
1215 2378 1380 2414 dubitare
1404 2380 1552 2421 videtur,
1577 2381 1671 2426 quod
1694 2384 1822 2416 tantus

354 2426 479 2461 «ledor
503 2435 726 2471 nequaquam
749 2429 990 2470 praesument
1041 2436 1081 2461 ro
1101 2436 1247 2470 paqano
1266 2437 1418 2471 prorem
1444 2438 1571 2470 amm
1601 2428 1666 2473 qui
1692 2432 1822 2474 quarto

356 2473 593 2517 Dialoqomm
607 2482 756 2508 cuorum
772 2471 945 2507 libror-um
962 2472 974 2516 (
1019 2482 1105 2518 igne
1122 2473 1163 2509 Ρ.
1179 2473 1221 2508 L.
1240 2471 1367 2509 lxxvii.
1384 2474 1469 2518 404)
1486 2475 1645 2510 domet-it
1660 2476 1821 2511 eamdem

353 2531 500 2556 caueam
516 2530 588 2555 ecoe
603 2531 670 2555 eur
683 2530 757 2555 non
771 2524 895 2555 oretur
913 2531 937 2555 a
960 2521 1097 2555 nanctis
1119 2521 1159 2555 in
1173 2521 1308 2565 fiatur-o
1331 2522 1466 2557 iudicio
1486 2533 1555 2568 pm
1575 2523 1823 2567 peccatoribus

353 2571 499 2603 admo
527 2568 607 2611 {qne
635 2567 828 2609 damnatis,
861 2578 952 2613 quae
983 2578 1081 2603 nunc
1112 2568 1219 2603 etiam
1251 2579 1361 2604 causa
1385 2573 1435 2604 est
1463 2573 1504 2604 ut
1527 2580 1602 2605 non
1625 2574 1728 2606 orent
1748 2581 1820 2616 pro

354 2614 561 2651 hominibus
598 2613 805 2658 infidelibus
835 2615 1025 2660 impiisque
1055 2615 1246 2659 defundit,
1271 2626 1345 2651 non
1376 2617 1476 2651 adom
1485 2621 1596 2652 tentes
1626 2618 1713 2663 quia
1745 2628 1820 2654 non

353 2662 487 2707 mitur
523 2672 561 2697 ro
578 2661 737 2697 Tmt'auo
752 2662 963 2714 Groporium
974 2673 1147 2706 avorauo,
1159 2663 1221 2698 sed
1233 2667 1376 2699 tantum
1384 2665 1544 2708 Μῶα.
1578 2663 1632 2700 De
1643 2663 1819 2711 precibu·

355 2710 484 2746 tamen
568 2707 606 2743 ui
625 2719 699 2745 non
718 2710 827 2744 venti
845 2710 934 2745 sunt
950 2708 1181 2745 Abaelatdus
1198 2711 1238 2746 et
1256 2708 1291 2746 S.
1307 2709 1469 2747 Thomas
1482 2710 1650 2757 Aquinas
1665 2710 1707 2748 in
1724 2710 1818 2749 locis

354 2766 471 2802 supra
494 2754 631 2792 citatis.
687 2756 729 2792 16
752 2756 844 2792 nicea
860 2757 1058 2793 maior-ibus
1070 2758 1230 2802 placuit:
1256 2769 1288 2793 v.
1308 2757 1385 2795 Cic.
1400 2760 1443 2794 de
1467 2760 1647 2796 Senectute
1670 2760 1694 2796 6
1719 2758 1738 2807 ξ
1761 2769 1775 2797 1
1805 2785 1815 2796 .

358 2813 403 2849 ¹9
426 2814 507 2839 eun·
533 2804 579 2839 ab
594 2804 646 2839 eiu
669 2806 763 2841 eta:
796 2802 845 2840 cs.
861 2802 1015 2840 Ari-tid.
1046 2802 1086 2840 in
1109 2805 1378 2842 Panathenaico
1403 2817 1439 2852 p.
1463 2814 1524 2850 171
1546 2805 1657 2843 Diud.
1682 2807 1723 2843 οὐ

351 2850 452 2887 ἄστυ
476 2850 560 2895 n'm'p
583 2852 644 2887 rou
660 2849 802 2895 'Apum
824 2851 936 2898 πάγον
960 2851 1060 2888 abdiu
1083 2851 1193 2897 σὺρσῖν
1212 2851 1243 2887 εἴ
1264 2866 1315 2889 τις
1339 2853 1535 2900 ὑπιρβολὴν
1560 2854 1682 2900 ζητοίη,
1701 2864 1814 2900 quem

348 2896 382 2934 oi
400 2896 539 2934 citaret
555 2898 801 2935 Institutione
820 2898 976 2935 rrasmu
990 2900 1123 2935 auctor
1139 2900 1242 2937 certe
1259 2898 1463 2939 Plutarcho
1479 2900 1666 2948 posterior
1681 2900 1764 2939 fuit.

459 2968 525 3012 318
