1994 3190
221 188 297 226 414
315 174 346 215 «ι
693 175 954 220 10ANN1s
995 163 1511 221 SARESBERIE'NSIS
1690 175 1801 236 [mn.
1816 189 1836 222 1

314 315 343 355 d
420 312 556 354 Terra
587 326 760 368 quoque
791 312 888 370 ipsa
917 313 1233 370 mysteriorum
1262 314 1436 357 conscia
1462 316 1542 366 est,
1572 313 1649 357 sed
1678 314 1838 372 grauia

361 382 510 424 omnia
546 381 825 438 frequentius
859 385 1023 439 portat,
1054 397 1105 426 eo
1137 383 1254 439 quod
1285 382 1477 426 fundata
1503 397 1636 441 super
1665 384 1835 427 stabili-

359 454 500 493 tatem
535 465 662 493 suam
693 451 867 494 mauult
902 451 1124 508 quiescere
1160 466 1293 509 quam
1323 452 1505 496 moueri.
1578 452 1692 497 Cum
1730 468 1836 512 ergo

361 520 561 578 mugitus
596 520 691 563 eius
725 520 920 576 auditur,
957 522 1120 564 amaris
1152 521 1388 564 euentibus
1422 522 1637 574 condolet,
1667 525 1714 566 et
1747 538 1836 580 quo

361 591 522 634 affectu
547 591 639 633 suis
665 591 963 648 compatiatur
990 591 1224 648 alumpnis‚
1245 591 1367 634 uocis
1395 606 1500 634 suae
1524 591 1711 635 tristitia
1734 607 1834 650 pro-
1855 605 1874 638 5

360 663 585 712 testatur3
645 675 808 718 magna
848 660 1066 717 siquidem
1107 663 1153 703 et
1195 660 1270 717 pia
1312 675 1472 718 parens
1517 662 1715 704 omnium
1757 665 1835 706 est.

362 729 608 772 Studuerat
628 730 735 773 haec
762 729 820 772 ab
846 729 1056 786 amplexu
1083 729 1272 787 hospitis
1299 745 1447 773 arcere
1468 730 1738 782 Phenissam,
1758 731 1836 775 sed

362 799 468 854 quia
501 798 781 841 conciliatrix
816 798 999 855 hospitii
1035 798 1186 842 Venus
1226 799 1315 841 iam
1351 799 1675 856 praeualuerat‚
1714 803 1836 844 tacta

362 867 510 910 dolore
541 867 685 911 cordis
714 867 981 911 intrinsecus
1011 868 1186 925 mugiit,
1215 868 1424 925 quoniam
1455 868 1495 911 ei
1526 869 1725 926 mugitus
1755 884 1836 926 pro

361 938 532 994 gemitu
552 941 630 979 est.
692 937 815 980 Haec
845 937 998 980 eadem
1029 937 1233 994 quotiens
1263 938 1430 990 tremit,
1453 937 1558 981 filiis
1588 938 1679 981 suis
1709 953 1834 996 prae·
1855 955 1897 978 10

360 1006 486 1049 uidet
520 1005 688 1063 aliquid
724 1006 1023 1057 metuendum,
1053 1006 1139 1049 nisi
1177 1006 1293 1049 forte
1327 1007 1616 1064 parturiendo
1651 1007 1835 1052 laboret.

361 1075 484 1118 Tunc
514 1090 622 1118 uero
653 1075 725 1118 uel
754 1076 934 1118 omnino
955 1075 1066 1118 facit
1096 1076 1315 1126 abortum,
1345 1079 1426 1118 aut
1455 1075 1660 1120 inutilem
1691 1077 1834 1121 fetum

360 1145 491 1202 parit,
513 1144 618 1201 quia
637 1147 689 1187 ut
708 1145 913 1197 multum,
935 1159 1065 1202 saepe
1086 1160 1186 1188 cum

221 1237 295 1277 415
314 1239 344 1268 a
534 1230 793 1287 parturiunt
823 1234 1006 1282 montes,
1036 1231 1235 1288 procedit
1264 1231 1476 1274 ridiculus
1506 1246 1617 1275 mus.

363 1317 484 1360 Haec
513 1320 619 1359 sunt
649 1317 810 1373 quibus
839 1319 982 1359 totam
1011 1317 1293 1375 uigilantiam
1324 1332 1449 1360 suam
1480 1317 1633 1361 uideas
1664 1332 1830 1362 accom-
1852 1335 1893 1370 15

363 1387 542 1429 modare
563 1400 695 1443 quam
716 1386 943 1443 plurimos,

217 1476 296 1525 416
317 1486 347 1515 a
481 1466 640 1510 Cetera
670 1466 724 1508 de
754 1481 914 1523 genere
944 1466 1025 1510 hoc
1055 1466 1165 1510 adeo
1193 1470 1299 1510 sunt
1328 1467 1482 1519 multa,
1512 1467 1739 1525 loquacem

479 1528 531 1567 ut
561 1525 724 1567 lassare
754 1529 919 1581 queant
949 1525 1148 1576 Fabium,

358 1605 519 1663 quibus
540 1619 840 1662 quaecumque
859 1605 1016 1649 domus
1034 1606 1264 1659 institerit,
1279 1620 1375 1648 eam
1396 1621 1475 1650 nec
1495 1606 1552 1650 ab
1571 1607 1669 1664 ipsa
1687 1607 1831 1651 salute

358 1675 553 1719 arbitror
571 1689 698 1732 posse
718 1675 894 1718 saluari.
1849 1695 1893 1719 ao

794 1802 1006 1834 EXPLICIT
1037 1802 1178 1833 LIBER
1210 1802 1394 1833 PRIMVS.

361 1922 375 1948 1
405 1909 660 1947 misteriorum
678 1909 738 1946 AS
883 1920 904 1946 2
931 1909 1059 1947 omina
1077 1909 1142 1946 SM
1305 1918 1322 1956 5
1350 1908 1516 1946 alumnis
1534 1908 1622 1946 CBS
1786 1920 1828 1947 12

357 1958 531 1995 oborsum
550 1957 616 1994 SM
764 1967 806 2002 14
833 1957 1138 2004 comparturiunt
1156 1956 1180 1994 S
1316 1956 1506 2004 procedit]
1524 1959 1703 1994 nascetur
1720 1957 1751 1994 P

408 2077 428 2112 7
453 2069 649 2103 studuerat
667 2070 762 2104 etc.:
790 2080 821 2103 v.
842 2067 953 2113 Verg.
977 2068 1065 2103 Aen.
1083 2067 1130 2103 iv.
1154 2068 1230 2104 166.
1423 2077 1465 2112 14
1491 2069 1713 2104 parturiunt
1730 2069 1828 2104 etc.:

359 2115 450 2151 Hor.
468 2117 514 2151 A.
531 2117 571 2152 P.
594 2125 668 2161 139.
805 2124 845 2159 17
875 2117 998 2151 Cetera
1016 2117 1110 2152 etc.:
1136 2114 1223 2151 Hor.
1241 2115 1316 2151 Sat.
1333 2113 1358 2150 i.
1379 2124 1408 2151 1.
1431 2125 1485 2161 13,
1504 2125 1558 2160 14.
1682 2125 1724 2162 19
1748 2127 1827 2152 eam

359 2164 431 2200 etc.
449 2174 457 2198 :
483 2175 514 2199 v.
532 2162 616 2200 Ter.
635 2164 705 2199 Ad.
725 2161 771 2198 iv.
790 2171 809 2207 7
826 2163 887 2199 fin.
