1994 3236
883 216 1334 263 PROLEGOMENA

375 332 500 376 tio‘ne
525 331 692 384 scribit,
713 335 760 376 et
782 332 830 375 in
849 332 1015 378 Polior.
1035 348 1080 378 v.
1105 335 1159 378 16
1181 334 1445 378 nominatim
1464 334 1576 378 citat
1595 337 1642 378 et
1664 335 1712 378 in
1742 335 1842 378 aliis

377 401 485 445 locis
499 401 621 445 haud
642 416 743 445 raro
766 402 979 460 sequitur,
1039 403 1108 447 De
1127 403 1205 447 illo
1224 403 1282 448 cf.
1302 404 1424 448 Hist.
1443 404 1619 462 Pontis.
1639 419 1697 448 cc.
1716 418 1842 462 7-1-1‚

375 483 448 524 24,
469 484 537 528 31·

435 540 664 583 Postremo
682 540 849 584 mentio
869 539 1073 584 facienda
1091 543 1160 584 est
1178 541 1233 584 de
1257 541 1520 599 quibusdam
1544 541 1670 585 libris
1693 542 1842 585 uarias

375 611 559 666 propter
583 623 739 652 causas
768 609 816 651 in
842 612 1074 654 auctorum
1101 602 1341 654 secundum
1369 614 1618 668 temporum
1640 611 1842 655 ordinem

376 678 692 736 dispositorum
712 678 913 736 catalogo
933 693 1022 722 non
1042 679 1233 723 insertis.

437 748 605 790 BIBLIA
628 747 781 792 SAORA
800 748 912 791 citat
930 748 1117 805 passim3
1147 748 1213 792 ita
1233 751 1383 792 tamen
1405 751 1696 806 utnusquam
1716 748 1843 792 libris

378 817 515 869 Ruth,
547 816 712 860 Esdrae
742 816 765 859 I
796 820 842 860 et
871 816 933 870 ΙΙ,
963 817 1136 868 Esther,
1163 818 1311 869 Amos,
1335 817 1556 869 Habacuc,
1580 818 1843 875 Sophoniae,

377 886 574 943 epistolis
603 886 661 928 ad
692 886 1004 937 Philemonem,
1024 886 1203 930 Ioannis
1228 886 1274 929 H
1301 890 1348 930 et
1368 887 1455 941 111,
1475 887 1613 932 Iudae
1640 901 1748 930 usus
1770 887 1841 930 sit.

378 954 680 998 Variationem
704 970 732 998 a
751 958 882 998 textu
902 954 1111 1012 uulgatae
1139 955 1346 1000 editionis
1369 970 1503 1014 quam
1528 955 1658 1000 hodie
1685 957 1731 999 in
1758 971 1844 999 usu

378 1025 514 1068 habet
534 1024 714 1068 ecclesia
734 1024 934 1068 Romana
953 1024 1117 1082 ubique
1137 1025 1290 1068 notaui
1309 1043 1320 1078 3
1349 1025 1405 1069 de
1424 1040 1513 1083 qua
1539 1026 1723 1070 uideant
1746 1026 1844 1083 qui·

377 1094 461 1137 bus
481 1108 611 1137 curae
631 1096 699 1136 est
718 1093 925 1136 editionis
945 1093 1065 1136 illius
1085 1093 1371 1152 inuestigatio
1390 1094 1555 1138 critica.

436 1164 818 1207 APOCRYPHORVM
840 1177 952 1219 quae
979 1162 1036 1205 ad
1064 1162 1245 1206 Nouum
1266 1163 1599 1207 Testamentum
1620 1164 1845 1221 pertinent

379 1236 560 1276 exstant
584 1232 632 1275 in
653 1231 922 1275 Policratico
943 1231 1134 1290 uestigia
1154 1231 1392 1285 nonnulla3
1434 1232 1601 1277 scilicet
1619 1233 1845 1290 Epistolae

378 1300 567 1346 Lentuli
587 1301 635 1343 in
655 1301 824 1345 Polior.
841 1315 883 1345 v.
900 1302 926 1343 6
951 1300 1021 1357 (de
1037 1315 1124 1358 quo
1139 1301 1242 1344 uide
1257 1302 1619 1345 commentarium
1640 1303 1844 1345 nostrum

379 1372 438 1414 ad
471 1370 568 1426 loc.)
600 1373 647 1414 et
681 1370 858 1414 Abdiae
888 1370 1165 1427 Apostolicae
1195 1371 1435 1422 Historiae,
1464 1371 1603 1428 ipsius
1634 1386 1689 1415 ex
1719 1371 1844 1415 Actis

378 1440 699 1483 uetustioribus
718 1439 834 1483 circa
860 1453 971 1483 saec.
992 1439 1038 1482 vi
1061 1441 1130 1497 (ut
1148 1439 1344 1495 uidetur)
1363 1440 1591 1493 conflatae,
1609 1440 1656 1483 in
1676 1439 1845 1484 Polior.

381 1509 458 1552 vii.
484 1521 548 1563 19.
608 1508 665 1551 In
694 1508 858 1552 Polior.
890 1508 949 1551 iv.
973 1522 999 1566 3
1030 1522 1086 1551 ex
1115 1508 1242 1552 Actis
1275 1507 1402 1552 Pauli
1431 1509 1594 1567 spuriis
1627 1509 1844 1566 quaedam

380 1578 618 1635 sumpsisse
630 1577 810 1620 uidetur
824 1577 879 1620 de
895 1577 1023 1620 Pauli
1036 1577 1363 1635 praedicatione
1374 1578 1563 1621 Athenis
1579 1576 1699 1621 facta
1712 1593 1721 1631 ;
1741 1578 1844 1622 uide

380 1646 744 1691 commentarium
774 1649 976 1690 nostrum
1005 1646 1063 1689 ad
1091 1646 1186 1699 loc„
1213 1646 1284 1690 cui
1311 1646 1471 1691 addere
1501 1646 1604 1691 licet
1632 1647 1845 1690 maiorem

379 1719 553 1774 partem
579 1716 822 1774 fragmenti
851 1716 899 1759 in
925 1716 1053 1760 Actis
1082 1716 1160 1760 SS.
1189 1715 1342 1760 Octob.
1370 1730 1396 1773 9
1418 1715 1608 1759 adhibiti
1633 1716 1767 1759 etiam
1797 1716 1844 1759 in

388 1785 495 1830 Vita
507 1787 550 1830 S.
568 1785 783 1843 Dionysii
794 1788 974 1829 auctore
989 1785 1208 1829 Hilduino
1222 1785 1405 1844 (Migne‚
1416 1785 1471 1830 P.
1479 1785 1527 1829 L.
1542 1785 1624 1829 cvi.
1640 1798 1694 1843 23
1708 1788 1844 1843 seqq.)

382 1855 575 1899 inueniri
590 1870 728 1913 posse.
769 1855 837 1898 De
856 1855 996 1913 signis
1010 1855 1058 1898 in
1073 1855 1236 1899 Polior.
1251 1855 1295 1898 ii.
1317 1868 1363 1899 11
1385 1854 1582 1912 loquitur
1596 1868 1711 1912 quae
1722 1855 1846 1899 diem

380 1924 557 1969 iudicii
577 1924 859 1980 praeuenire
877 1924 1105 1968 dicuntur
1118 1938 1204 1981 per
1227 1921 1322 1968 dies
1341 1923 1614 1981 quindecim,
1631 1923 1673 1968 ei
1691 1928 1846 1968 tamen

369 1994 549 2051 sutura
567 1998 687 2044 eum,
698 1993 920 2050 quoniam
934 1993 988 2036 de
1007 1992 1240 2050 scriptura
1260 1991 1846 2049 camnicafirmanwntum

379 2077 477 2106 ‘non
519 2061 692 2106 habent.
763 2061 885 2106 Haec
925 2062 1051 2106 uelut
1094 2076 1150 2105 ex
1189 2061 1465 2119 Hieronymo
1508 2060 1647 2106 refert
1688 2062 1847 2105 Petrus

381 2131 628 2175 Damianus
657 2131 704 2173 in
736 2129 961 2187 opusculo
991 2131 1044 2174 de
1072 2129 1352 2174 Noui-§simis
1379 2134 1417 2174 et
1447 2130 1754 2183 rimichi-istm
1787 2131 1845 2175 cf.

381 2200 733 2259 pseudo-Bedam
755 2200 802 2242 in
823 2199 1107 2244 Collectavwis
1122 2199 1204 2253 (ed.
1221 2198 1312 2244 Col.
1333 2201 1406 2242 161
1418 2212 1454 2250 2,
1466 2202 1571 2243 tom.
1591 2200 1652 2243 iii.
1671 2214 1743 2258 pp.
1758 2213 1847 2256 494

380 2270 488 2327 seq.)
510 2272 556 2312 et
584 2268 673 2312 alia
702 2283 815 2326 quae
844 2269 891 2312 in
921 2268 1235 2313 commentario
1261 2270 1413 2313 nostro
1437 2267 1494 2311 ad
1521 2268 1598 2313 loc.
1620 2269 1845 2314 adnotaui.

383 2338 494 2382 Vide
524 2338 658 2381 etiam
689 2338 734 2380 in
765 2337 944 2395 A‘nylia
976 2338 1054 2394 (xi.
1080 2339 1180 2395 369)
1210 2337 1620 2394 interpretationem
1650 2353 1760 2384 saec.
1782 2339 1847 2382 xii

382 2406 813 2465 Anglo·Saxonicam
832 2421 841 2459 ;
891 2406 942 2451 R.
977 2406 1134 2465 Peiper
1173 2406 1219 2449 in
1260 2406 1429 2450 Archiv
1456 2407 1551 2464 sur
1581 2406 1846 2451 Litteratur·

380 2475 622 2534 ysechichte,
655 2475 715 2518 ix.
756 2488 826 2533 pp.
865 2489 880 2518 1
894 2486 942 2531 17
980 2489 1124 2533 seqq.;
1174 2475 1225 2518 G.
1260 2474 1389 2519 Nolle
1427 2475 1474 2518 in
1515 2475 1723 2533 Beitrdye
1761 2491 1848 2520 zur

385 2544 623 2590 Geschiehte
661 2545 743 2588 der
780 2543 1028 2588 Deuteche‘n
1067 2543 1263 2601 Spracho
1301 2544 1404 2588 und
1443 2544 1706 2596 ffltemtur,
1746 2545 1846 2589 edd.

382 2615 441 2659 H.
460 2613 567 2657 Paul
585 2616 631 2657 et
651 2613 717 2656 W.
741 2613 929 2664 Braune,
945 2613 1004 2656 vi.
1026 2627 1099 2671 pp.
1120 2626 1167 2666 4¹
1178 2626 1203 2669 3
1216 2627 1333 2670 seqq.
1397 2612 1531 2666 Haec,
1552 2627 1664 2671 quae
1693 2614 1848 2659 addita

380 2686 486 2727 eunt
506 2697 561 2725 ex
582 2683 847 2726 auctoritate
868 2681 954 2726 uiri
971 2682 1211 2727 doctissimi
1230 2682 1287 2725 Μ.
1307 2682 1358 2725 R.
1374 2681 1525 2726 James
1541 2681 1650 2727 coll.
1669 2683 1848 2741 Regalis

383 2751 500 2811 apud
521 2750 911 2809 cantabrigienses
932 2750 1188 2809 Praepositi,
1204 2750 1375 2808 inspexi
1397 2765 1476 2794 nec
1497 2754 1645 2795 tamen
1667 2752 1847 2811 perlegi.

440 2820 565 2875 Quae
586 2820 632 2864 in
660 2820 801 2866 Acus
822 2820 1101 2866 SANcTonvu
1133 2818 1436 2864 Bollandianis
1463 2821 1690 2864 exstantia
1709 2821 1848 2866 refert

496 2888 592 2933 xliv
