1994 3190
273 156 351 196 533
372 157 398 187 Ο

735 145 994 189 IOANNIS
1033 144 1548 189 SARESBERIENSIS
1696 144 1804 206 [ΜΒ.
1822 157 1873 190 lv

413 267 551 317 tuam,
578 267 623 308 et
642 279 804 322 ponam
834 265 882 307 in
908 265 1102 308 seculum
1125 264 1260 308 seculi
1286 279 1435 308 semen
1464 265 1557 308 eius
1589 267 1635 308 et
1663 265 1875 308 thronum

414 334 508 377 eius
528 334 643 377 sicut
662 334 755 377 dies
775 334 867 377 celi.
926 334 975 377 Si
996 337 1145 377 autem
1172 334 1487 391 dereliquerim
1512 335 1592 377 filii
1619 335 1713 378 eius
1732 335 1875 391 legem

414 418 557 446 meam
592 406 637 446 et
676 403 724 445 in
753 403 928 446 'rudiciis
967 403 1076 446 meis
1110 418 1199 446 non
1232 404 1572 455 ambulauerint‚
1607 404 1644 446 si
1679 403 1875 446 iustitias

413 487 534 515 meas
573 472 952 529 prophanauerint
987 475 1033 515 et
1071 472 1282 516 mandata
1321 487 1419 516 mea
1450 487 1539 516 non
1573 472 1875 524 custodierint,

366 549 395 589 d
413 541 604 584 uisitabo
643 542 691 584 in
734 541 862 599 uirga
901 541 1159 598 iniquitates
1199 556 1362 594 eorum,
1395 545 1448 585 ut
1486 542 1703 585 translato
1737 556 1875 598 regno

413 611 467 654 de
492 614 624 668 gente
644 611 692 653 in
717 614 895 668 gentem
920 614 965 654 et
992 611 1148 654 deletis
1174 611 1244 654 his
1270 611 1506 654 heredibus
1531 611 1607 668 qui
1634 611 1875 654 secundum

411 694 587 723 carnem
618 695 710 723 esse
739 680 950 722 uidentur
979 680 1026 722 in
1057 680 1234 732 semine,
1254 679 1553 723 transferatur
1579 681 1791 723 successio
1818 680 1875 723 ad

411 749 510 793 illos
539 750 616 806 qui
645 749 749 792 fidei
778 753 823 792 et
853 749 1050 792 iustitiae
1080 749 1371 792 inueniuntur
1400 749 1594 792 heredes.
1653 749 1708 791 In
1738 763 1875 806 eoque

411 818 712 875 promissionis
741 817 944 860 subsistit
974 818 1152 868 ueritas,
1178 820 1223 861 et
1252 820 1352 860 rata
1385 821 1646 874 permanent
1675 832 1788 874 quae
1819 833 1876 861 ex

411 902 486 930 ore
512 887 731 931 Altissimi
761 889 1077 944 processerunt,
1102 886 1220 942 quod
1243 886 1373 929 iustis
1402 886 1580 943 regibus
1607 887 1876 931 successione

411 956 607 999 fidelium
638 971 786 999 semen
815 957 1045 1012 permanet
1074 955 1122 996 in
1152 957 1365 998 eternum.
1425 955 1523 998 Hoc
1547 958 1697 999 autem
1725 957 1795 1012 (ut
1817 955 1876 999 ad

411 1040 617 1083 praesens
637 1026 691 1068 de
712 1025 903 1080 Christo,
924 1025 1001 1081 qui
1022 1023 1167 1067 factus
1195 1039 1251 1067 ex
1278 1024 1443 1067 semine
1463 1024 1612 1068 Dauid
1635 1025 1876 1069 secundum

411 1109 587 1139 carnem
634 1109 713 1137 rex
757 1109 911 1151 regum
952 1096 1019 1136 est
1055 1095 1100 1136 et
1139 1093 1343 1136 dominus
1383 1094 1718 1145 dominantium,
1753 1094 1877 1138 nulla

412 1164 473 1207 sit
511 1163 693 1218 mentio)
735 1163 869 1206 etiam
909 1162 1148 1205 secundum
1197 1162 1393 1205 litteram
1428 1166 1640 1220 perpetuo
1684 1163 1877 1207 arbitror

412 1234 622 1284 obtinere,
649 1235 702 1275 ut
731 1232 967 1275 succedant
995 1232 1254 1288 parentibus
1283 1232 1376 1283 filii,
1406 1233 1444 1275 si
1474 1247 1547 1276 eos
1576 1233 1624 1275 in
1653 1233 1876 1277 mandatis

413 1302 593 1346 Domini
613 1302 804 1344 fideliter
823 1300 993 1344 fuerint
1013 1300 1188 1344 imitati.
1246 1301 1371 1344 Adeo
1391 1301 1568 1358 quidem
1591 1305 1654 1353 ut,
1675 1303 1712 1345 si
1736 1302 1876 1345 omni-

269 1388 349 1428 534
369 1389 398 1418 a
414 1372 497 1415 bus
517 1374 634 1414 recte
654 1370 878 1427 dispositis
898 1373 944 1413 et
963 1370 1010 1412 in
1031 1385 1081 1413 eo
1101 1370 1382 1413 manentibus
1408 1371 1532 1414 nulla
1556 1371 1764 1415 uideatur
1783 1387 1876 1416 esse

413 1440 662 1485 sollicitudo
689 1440 761 1482 uel
792 1439 981 1483 officium
1011 1440 1312 1497 praesidentis,
1333 1443 1506 1483 constat
1532 1441 1613 1492 his,
1641 1442 1717 1498 qui
1741 1441 1875 1485 semel

410 1510 654 1568 principem
689 1509 974 1560 admiserunt,
1009 1510 1063 1552 de
1098 1510 1262 1552 semine
1296 1510 1416 1553 illius
1455 1525 1744 1554 successorem
1783 1526 1874 1554 non

410 1579 680 1630 defuturum,
717 1579 801 1622 etsi
835 1594 924 1622 non
959 1579 1016 1622 ob
1049 1579 1171 1621 aliud
1202 1578 1274 1622 uel
1309 1579 1366 1621 ad
1397 1580 1742 1623 conseruandam
1773 1595 1872 1623 san-

409 1648 558 1706 guinis
577 1648 836 1692 claritatem.
897 1648 1025 1701 Quod
1046 1651 1091 1690 et
1111 1647 1395 1691 historiarum
1416 1648 1557 1705 liquet
1577 1649 1801 1706 exemplis.

469 1717 630 1760 Fertur
649 1717 766 1760 enim
787 1717 916 1774 quod,
936 1732 1035 1760 cum
1056 1731 1244 1774 magnus
1265 1717 1518 1761 Alexander
1537 1718 1746 1762 ultimum
1765 1719 1873 1764 litus

410 1787 597 1831 Occeani
642 1786 944 1843 perlustraret,
992 1785 1374 1843 Bragmannorum
1419 1787 1610 1830 insulam
1655 1788 1873 1832 debellare

408 1857 607 1914 parabat.
665 1855 736 1898 Ad
767 1870 897 1912 quem
927 1855 992 1897 illi
1023 1855 1070 1897 in
1101 1855 1170 1898 his
1199 1856 1347 1898 uerbis
1377 1856 1607 1913 epistolam
1632 1858 1871 1902 miserunt:

410 1925 688 1975 Audiuimus,
728 1925 1026 1967 inuictissime·
1061 1939 1151 1975 reX,
1191 1925 1358 1982 praelia
1397 1929 1478 1968 tua
1523 1929 1567 1969 et
1613 1925 1871 1970 felicitatem

410 1995 621 2038 uictoriae
651 1994 814 2050 ubique
844 1994 1132 2037 subsecutam.
1193 1994 1279 2037 Sed
1311 1995 1417 2052 quid
1449 1995 1534 2038 erit
1559 1996 1727 2038 homini
1752 1996 1873 2050 satis,

409 2063 479 2108 cui
501 2066 623 2107 totus
642 2078 729 2106 non
750 2063 911 2106 sufficit
931 2064 1049 2106 orbis
1067 2066 1082 2106 ‚2
1131 2063 1326 2107 Diuitias
1346 2079 1434 2107 non
1451 2064 1673 2117 habemus,
1685 2079 1874 2122 quarum

409 2132 652 2190 cupiditate
682 2147 762 2175 nos
791 2132 950 2175 debeas
981 2147 1263 2190 expugnare3
1298 2134 1494 2176 omnium
1525 2134 1640 2177 bona
1669 2135 1874 2179 omnibus

410 2202 659 2246 communia
688 2205 803 2245 sunt.
865 2202 974 2245 Esca
1005 2205 1072 2246 est
1101 2202 1226 2245 nobis
1256 2218 1336 2260 pro
1366 2203 1548 2255 diuitiis,
1572 2218 1651 2261 pro
1680 2204 1874 2250 cultibus

415 2316 428 2343 1
457 2308 608 2342 tronum
626 2305 657 2341 A
827 2306 870 2342 16
920 2311 972 2341 ost
989 2305 1093 2342 Adeo
1111 2308 1193 2342 add.
1211 2306 1241 2342 si
1259 2306 1299 2342 M
1467 2316 1507 2343 21
1535 2307 1790 2353 hystoriarum
1807 2307 1871 2345 M:

409 2353 625 2390 istoriamm
646 2351 670 2389 S
813 2362 857 2399 23
883 2318 1177 2400 ffragmunorum
1194 2354 1252 2390 AS
1396 2364 1441 2399 24
1466 2354 1667 2401 epistolam
1683 2367 1750 2393 om.
1769 2355 1808 2391 M

460 2461 474 2488 1
503 2457 686 2505 caponum
703 2453 796 2488 etc.:
824 2451 880 2487 Pa.
900 2451 1067 2488 lxxxviii.
1089 2462 1157 2498 30-
1185 2462 1219 2488 2.
1362 2462 1404 2489 12
1421 2455 1547 2499 factus
1562 2465 1606 2489 ex
1620 2455 1754 2490 semine
1770 2454 1870 2491 etc.:

409 2498 514 2535 Rom.
535 2510 558 2534 1.
576 2509 607 2545 3.
739 2509 778 2545 ¹3
805 2511 868 2535 rea:
885 2511 1005 2545 reatem
1023 2502 1094 2536 etc.
1111 2510 1119 2535 :
1180 2511 1260 2546 poc.
1279 2498 1354 2537 xix.
1376 2502 1428 2537 16.
1554 2511 1598 2537 22
1623 2502 1759 2537 Fertur
1772 2503 1844 2539 etc.
1861 2512 1871 2538 :

409 2546 708 2593 Bragmanorum
742 2546 788 2582 ad
831 2546 1083 2583 Alexandrum
1126 2559 1306 2593 magnum
1349 2547 1544 2594 epistolam
1586 2549 1776 2594 quandam
1809 2560 1870 2596 ap.

412 2592 851 2638 Pseudo-Callisthenem,
869 2592 923 2630 iii.
946 2605 986 2631 12
1009 2594 1202 2639 inucnic⁸;
1230 2594 1269 2630 in
1295 2595 1508 2632 uersionem
1534 2598 1676 2639 tamen,
1694 2608 1768 2642 qua
1785 2607 1872 2634 unus

410 2643 466 2677 cat
501 2640 646 2684 Noster,
678 2640 770 2677 alibi
805 2653 880 2678 non
915 2641 1055 2684 incidi;
1091 2641 1161 2677 nisi
1189 2641 1287 2687 quod
1315 2643 1431 2679 uerba
1457 2645 1629 2680 Feminae
1654 2649 1774 2680 autem
1800 2646 1871 2681 etc.

411 2691 496 2735 (534
510 2693 683 2742 musque
701 2689 748 2724 ud
769 2690 938 2772 placeant
965 2689 1003 2725 in
1031 2691 1197 2726 Historia
1214 2691 1420 2726 Alexandri
1444 2693 1486 2727 de
1506 2693 1660 2737 praeliis
1679 2690 1872 2737 (impressa

409 2736 462 2771 Ar
490 2738 642 2772 cntinuo
672 2747 705 2772 a.
725 2746 766 2781 ¹4
791 2738 842 2779 6),
861 2748 976 2783 usque
1002 2737 1049 2773 ad
1075 2742 1182 2772 natae
1205 2743 1291 2774 sunt
1316 2749 1375 2785 up.
1401 2738 1522 2775 Anon.
1539 2739 1581 2775 de
1602 2739 1872 2785 Braqmanibus

412 2748 489 2829 (mii
508 2782 649 2820 lsi-mi
669 2783 784 2821 hond.
809 2785 909 2830 1668,
926 2796 963 2832 p.
983 2787 1044 2831 90)
1064 2784 1253 2832 leguntur.

520 2860 587 2899 270

1892 557 1911 592 ⁵

1895 907 1937 931 10

1895 1250 1936 1284 15

1892 1599 1936 1625 20

1891 1939 1932 1974 ²⁵
