1994 3190
188 180 286 213 cAr.
302 166 426 228 xxn]
704 166 1142 212 POLICRATICVS
1670 177 1757 218 449
1778 178 1802 208 c

189 286 273 330 Dei
307 286 558 330 scientiolae
597 289 642 330 et
676 286 951 330 ratiunculae
991 301 1113 329 meae
1152 287 1324 344 legibus
1359 302 1448 330 non
1482 290 1655 340 coart03

188 371 269 400 nec
300 356 341 399 ei
372 355 517 405 finem,
552 369 682 412 quem
718 370 807 398 non
839 356 986 406 habet,
1018 356 1207 412 impono.
1268 356 1368 399 Scio
1404 357 1521 400 enim
1551 357 1658 414 quia

187 425 337 469 omnia
370 427 540 481 potest;
581 425 658 467 sed
689 428 839 471 tamen
871 424 976 480 quia
1007 424 1214 467 mendose
1248 425 1418 482 colligis
1452 430 1658 482 patenter

187 493 328 537 uideo.
389 493 537 535 Primo
567 493 673 550 quia
702 494 881 536 diuinae
908 493 1155 536 maiestatis
1185 493 1528 536 immensitatem
1556 510 1656 551 par-

149 580 170 616 5
188 563 345 606 uitatis
398 563 619 605 humanae
677 562 856 605 modulo
913 562 1246 612 circumscribis,
1303 566 1348 604 et
1406 564 1658 606 eternitatis

187 631 510 675 immutabilem
541 634 710 674 statum
745 631 990 674 labentium
1026 646 1173 674 rerum
1210 631 1403 687 imagine
1439 634 1484 674 et
1513 646 1658 675 succe·

187 700 389 744 dentium
424 700 509 743 sibi
542 702 791 758 temporum
827 701 1045 744 uarietate
1080 700 1332 757 distinguis.
1409 700 1497 743 Sed
1528 701 1658 758 longe

187 784 312 814 secus
351 784 444 813 esse
483 770 566 821 hic,
602 773 736 827 atque
776 770 823 813 in
855 770 926 813 his
961 785 1017 813 ex
1057 769 1421 827 praecedentibus
1460 771 1660 826 oportuit

188 840 370 896 concipi,
419 854 519 884 cum
569 840 821 883 eternitatis
870 842 1039 883 statum
1088 839 1238 882 nullus
1283 839 1463 882 omnino
1513 843 1661 881 motus

131 926 174 950 10
190 908 398 966 attingat,
427 912 472 952 et
507 912 711 953 creatura
742 909 966 966 quaelibet
1005 923 1180 952 accessu
1221 908 1292 951 uel
1332 908 1510 951 decessu
1551 908 1660 950 acci·

189 977 391 1021 dentium
435 982 678 1022 moueatur.
759 979 906 1022 Homo
950 978 1169 1036 siquidem
1218 978 1255 1020 si
1302 978 1409 1034 quid
1454 977 1662 1034 prouidet

189 1045 455 1098 futurorum,
476 1048 630 1091 statim
657 1051 850 1091 mentem
878 1048 973 1090 eius
1001 1047 1182 1104 quidam
1210 1051 1357 1091 motus
1387 1046 1658 1104 aggreditur,

189 1119 242 1159 ut
284 1117 459 1160 animus
499 1118 691 1174 quadam
731 1118 1025 1175 applicatione
1070 1117 1139 1160 sui
1179 1117 1236 1160 ad
1281 1117 1403 1160 aliud
1447 1117 1566 1173 apud
1611 1131 1657 1158 se
1674 1122 1702 1160 d

190 1184 333 1228 futuri
367 1187 512 1243 operis
550 1187 738 1244 speciem
777 1187 1058 1244 praefiguret,
1090 1186 1361 1243 eandemque
1400 1186 1659 1243 plerumque

132 1268 173 1306 15
191 1270 308 1299 nunc
338 1256 463 1313 quasi
493 1256 540 1298 in
570 1257 764 1300 archiuis
794 1257 1032 1299 memoriae
1059 1256 1306 1313 depositam
1337 1256 1523 1312 reponit,
1543 1270 1662 1298 nunc

190 1325 316 1382 quasi
359 1325 407 1368 in
450 1326 627 1382 speculo
667 1326 848 1369 natiuae
887 1326 1098 1383 puritatis
1138 1325 1323 1382 replicat
1362 1329 1408 1368 et
1455 1325 1660 1368 reuoluit.

190 1394 381 1439 Facilius
411 1395 528 1438 enim
559 1398 627 1438 est
655 1399 826 1452 motum
857 1396 975 1439 hunc
1004 1396 1062 1438 ab
1089 1396 1238 1438 animo
1267 1395 1447 1438 omnino
1477 1395 1661 1437 deficere

190 1477 323 1520 quam
363 1464 734 1521 contemplatione
774 1465 867 1522 iugi
908 1465 1056 1508 animo
1096 1465 1308 1507 inherere.
1383 1463 1442 1507 Et
1482 1464 1661 1521 quidem

190 1532 263 1576 hic
289 1536 446 1584 motus,
474 1534 511 1576 si
541 1549 630 1577 non
661 1534 944 1592 prouidentia
969 1537 1048 1584 est,
1077 1538 1158 1577 aut
1184 1534 1512 1591 prouidentiam
1543 1533 1663 1591 parit

134 1619 177 1644 πο
193 1604 272 1645 aut
303 1602 343 1646 ei
375 1603 686 1660 cuiuscumque
722 1603 885 1647 federis
916 1604 1078 1647 notitia
1109 1604 1344 1647 uicinatur.
1410 1602 1523 1647 Cum
1555 1617 1662 1645 uero

192 1674 338 1715 motus
367 1673 632 1729 praecedens
666 1677 712 1716 et
741 1688 797 1717 ex
827 1688 879 1716 ea
907 1677 1118 1730 concepta
1147 1674 1312 1730 species
1344 1672 1487 1715 futuri
1518 1673 1663 1730 operis

191 1742 368 1799 sequela
407 1741 664 1793 frustratur,
704 1743 850 1786 inanis
898 1747 965 1786 est
1004 1743 1193 1800 agitatio
1232 1743 1405 1792 mentis,
1447 1746 1492 1785 et
1535 1743 1661 1798 quasi

191 1810 350 1855 umbra
368 1811 415 1854 in
440 1812 635 1869 sompnis
659 1812 754 1855 sine
782 1812 987 1855 ueritatis
1013 1827 1194 1869 corpore
1219 1812 1452 1855 euanescit.
1514 1811 1663 1854 Motus

191 1881 353 1931 tamen,
373 1881 479 1937 quia
505 1881 650 1938 reipsa
677 1881 767 1924 fuit
793 1882 840 1923 in
868 1882 1028 1932 anima,
1048 1896 1137 1924 non
1168 1884 1316 1938 potest
1342 1896 1432 1923 non
1458 1880 1595 1923 fuisse
1616 1881 1662 1922 in

134 1967 176 2002 ²5
194 1949 353 2000 anima,
374 1953 419 1993 et
441 1950 601 2001 anima,
623 1965 735 2007 quae
756 1954 904 1994 motus
924 1951 1169 2008 agitatione
1190 1954 1312 1994 mota
1331 1954 1410 2000 est,
1432 1965 1520 1993 non
1542 1954 1663 1992 mota

193 2032 282 2061 non
312 2018 451 2062 fuisse
475 2034 564 2062 non
594 2023 754 2076 potest.
814 2020 950 2063 Porro
980 2021 1158 2063 diuinae
1189 2020 1487 2077 simplicitatis
1517 2022 1663 2062 status
1678 2029 1758 2068 450
1779 2030 1808 2058 a

173 2087 322 2146 ‚longe
341 2088 428 2131 alia
448 2089 642 2132 conditio
669 2092 746 2133 est.
808 2090 873 2132 Ea
902 2090 1120 2146 siquidem
1147 2104 1237 2132 uno
1257 2089 1445 2146 simplici
1474 2092 1519 2131 et
1546 2089 1662 2130 indi-

193 2157 330 2200 uiduo
353 2161 544 2215 aspectu,
567 2161 617 2202 ut
643 2159 918 2215 praedictum
949 2163 1027 2209 est,
1048 2174 1160 2216 quae
1185 2163 1302 2209 sunt,
1324 2173 1436 2215 quae
1467 2158 1663 2207 fuerunt,

196 2228 241 2269 et
270 2241 381 2283 quae
412 2226 567 2272 futura
596 2231 712 2278 sunt,
739 2229 888 2271 omnia
915 2229 1253 2286 contemplatur,
1278 2228 1487 2284 nulloque
1515 2242 1663 2270 rerum

137 2311 179 2345 30
195 2295 476 2338 mutabilium
508 2296 635 2354 lapsu
670 2300 886 2350 mouetur,
917 2298 994 2340 sed
1029 2298 1076 2340 in
1108 2298 1253 2355 seipsa
1287 2297 1421 2340 semel
1451 2300 1497 2340 et
1530 2297 1664 2340 simul

195 2366 407 2408 contuens
425 2365 634 2408 uniuersa
652 2366 856 2410 subsistit
875 2366 1164 2417 inuariabilis,

427 2456 684 2514 stabilisque
713 2472 897 2500 manens
926 2458 1006 2501 dat
1034 2461 1194 2501 cuncta
1221 2458 1405 2503 moueri.

200 2546 259 2589 Et
287 2546 391 2590 licet
419 2547 459 2591 ei
489 2548 712 2592 interdum
741 2549 971 2606 praeteriti
1001 2550 1212 2607 temporis
1242 2553 1322 2592 aut
1352 2549 1495 2592 futuri
1526 2550 1664 2592 uerba

200 2666 245 2692 22
270 2658 500 2692 monstratur
515 2657 562 2694 Αι
672 2669 716 2705 23
742 2659 881 2696 somnis
899 2658 924 2695 S
1043 2669 1090 2706 29
1113 2658 1259 2705 futura]
1278 2660 1441 2696 uentura
1457 2658 1498 2694 M
1620 2668 1663 2704 33

199 2702 392 2739 interdum
409 2703 446 2740 ei
463 2704 502 2739 Μ

249 2811 293 2848 32
317 2802 522 2848 stabilisqwe
537 2804 610 2840 etc.
628 2815 637 2840 ι
665 2803 798 2841 Boeth.
817 2805 913 2841 Phil.
936 2805 1073 2842 Consol.
1092 2802 1147 2840 iii.
1168 2804 1279 2842 Metr.
1296 2814 1329 2850 9.
1350 2803 1375 2839 l.
1394 2814 1426 2850 3.

1493 2884 1556 2916 1²3
