1994 3190
166 184 269 221 mv.
283 171 367 236 xv]
674 170 1112 217 POLICRATIOVS
1648 178 1727 220 431
1745 179 1771 210 c

169 296 425 344 toxicatum,
445 291 631 350 impium
660 292 708 334 in
738 291 895 341 Deum,
919 290 1094 334 crudele
1124 290 1172 332 in
1201 290 1413 341 homines,
1435 302 1635 347 persecu·

167 364 280 408 tioni
318 364 571 406 sanctorum
620 359 872 417 inuigilans‚
912 359 999 401 fide
1049 374 1162 409 rara,
1201 359 1388 402 sollenni
1438 359 1635 416 perfidia,

165 431 325 476 seruile
347 430 555 480 moribus,
579 429 702 472 fastu
731 429 890 485 regale,
910 427 1062 470 fedum
1092 428 1295 478 auaritia,
1315 429 1636 485 cupiditatibus

164 501 349 558 insigne,
368 499 575 557 superbia
603 498 837 548 tumidum,
858 497 1111 539 omnimoda
1141 497 1342 552 nequitia
1370 512 1459 540 non
1492 497 1635 540 feren-

127 590 146 624 5
165 570 282 620 dum,
302 569 526 612 miraculis
545 582 635 611 non
655 567 787 610 debet
806 566 964 610 ascribi
981 580 990 618 ;
1019 580 1119 608 cum
1146 569 1301 608 auctor
1321 581 1471 608 eorum
1493 567 1634 609 homi-

161 639 263 684 cida
282 638 420 682 fuerit
439 638 497 681 ab
516 637 657 688 initio,
678 640 723 680 et
743 651 770 679 a
790 637 982 679 ueritate
1011 635 1217 678 deficiens
1246 636 1441 678 inuidiae
1469 637 1636 693 spiculo

165 708 261 753 orbi
300 711 520 751 terrarum
559 706 758 749 infixerit
791 708 990 748 mortem.
1052 703 1139 756 Qui
1181 718 1286 761 ergo
1326 719 1382 746 ex
1418 719 1468 747 eo
1508 708 1634 761 patre

164 780 281 828 sunt,
310 777 393 820 etsi
423 777 517 820 eius
547 778 770 832 nequeant
799 774 982 831 implere
1011 787 1276 823 mensuram,
1306 773 1449 816 solent
1484 777 1634 816 tamen

163 846 283 890 illius
303 845 469 889 imitari
490 844 731 896 malitiam;
760 844 864 886 licet
893 844 941 886 in
961 845 1059 886 orto
1089 842 1165 885 illo
1185 842 1423 885 nonnullas
1446 843 1635 900 plantas,

107 935 148 959 10
164 931 276 973 quae
302 915 485 959 uirtutis
512 914 709 957 fructum
737 913 996 971 irrigatione
1024 912 1265 970 apostolica
1290 911 1474 962 faciunt,
1498 927 1634 954 manu

163 985 344 1028 Domini
363 986 535 1028 constet
561 997 654 1026 esse
684 983 885 1026 insertas.
947 982 1034 1025 Sed
1065 982 1102 1024 si
1133 981 1232 1038 quis
1262 981 1320 1024 ab
1350 981 1480 1024 initio
1510 982 1633 1024 urbis

162 1054 363 1099 conditae
383 1056 525 1097 totam
544 1052 748 1096 reuoluat
768 1052 1011 1102 historiam,
1027 1066 1100 1094 eos
1119 1051 1361 1094 ambitione
1376 1054 1421 1093 et
1441 1052 1633 1094 auaritia
1650 1055 1679 1095 d

161 1138 268 1182 prae
305 1123 461 1167 ceteris
500 1122 708 1181 gentibus
747 1122 947 1164 inueniet
987 1121 1219 1170 laborasse,
1259 1123 1304 1163 et
1347 1120 1485 1162 uariis
1519 1120 1631 1162 sedi-

161 1193 357 1238 tionibus
386 1195 431 1236 et
459 1192 603 1250 plagis
632 1194 778 1234 totum
808 1191 1077 1234 concussisse
1107 1190 1268 1233 orbem.
1330 1189 1423 1246 Ipsi
1459 1204 1633 1246 quoque

105 1279 145 1314 15
161 1262 413 1320 tyrannidis
463 1265 509 1305 et
558 1261 825 1304 seditionum
875 1275 1055 1303 suarum
1095 1265 1188 1303 tam
1238 1259 1391 1302 crebra
1440 1259 1634 1316 dampna

161 1335 404 1384 senserunt,
432 1334 484 1374 ut
518 1331 598 1374 uix
630 1331 863 1387 quisquam
899 1330 1148 1387 principum
1184 1344 1335 1372 eorum
1367 1328 1425 1372 ad
1460 1329 1631 1372 exitum

161 1401 282 1445 uitae
309 1404 470 1445 natura
497 1400 686 1444 ducente
712 1399 976 1457 peruenerit.
1036 1399 1164 1442 Vnde
1192 1401 1238 1441 et
1264 1397 1375 1441 illud
1402 1398 1630 1441 satiricum

161 1469 250 1515 illis
267 1471 493 1529 aptissime
515 1469 651 1513 facit:

277 1562 349 1605 Ad
378 1576 589 1619 generum
620 1560 793 1605 Cereris
824 1561 919 1604 sine
948 1560 1079 1603 caede
1109 1562 1155 1603 et
1185 1560 1400 1617 sanguine
1430 1560 1560 1617 pauci

105 1639 148 1664 πο
277 1620 548 1664 descendunt
576 1635 702 1678 reges
731 1624 777 1662 et
809 1620 923 1662 sicca
951 1622 1093 1662 morte
1123 1619 1320 1676 tyranni.

162 1705 218 1750 In
237 1706 466 1764 scripturis
486 1721 660 1764 quoque
680 1706 900 1749 canonicis
920 1705 1213 1748 inueniuntur
1227 1704 1420 1762 plurima
1435 1704 1630 1757 oracula;

160 1778 214 1819 ut
251 1790 351 1819 cum
390 1776 550 1834 Ioseph
590 1776 638 1818 in
678 1775 874 1832 sompnis
914 1774 971 1817 ab
1002 1774 1160 1831 angelo
1194 1774 1370 1831 saepius
1401 1774 1630 1826 eruditur3

160 1844 302 1902 magis
321 1845 601 1889 interdicitur
619 1860 675 1888 ne
696 1845 880 1887 redeant
909 1844 966 1886 ad
993 1843 1240 1895 Herodem3
1269 1843 1453 1886 docetur
1473 1844 1630 1886 Petrus

161 1913 210 1956 in
244 1914 468 1972 reptilium
503 1914 793 1958 lintheamine
828 1913 1151 1971 plenitudinem
1186 1913 1389 1970 gentium
1421 1914 1628 1971 colligen-

102 2001 145 2036 ²5
162 1981 291 2036 dam3
340 1987 385 2027 et
423 1998 523 2027 cum
562 1984 748 2027 uisitato
786 1983 843 2026 ab
890 1983 1102 2040 apostolis
1146 1982 1443 2026 Constantino
1487 1984 1629 2026 crucis
1645 1996 1726 2036 432
1746 1999 1776 2026 a

163 2055 354 2096 erectum
394 2056 461 2096 est
499 2053 547 2096 in
586 2052 760 2110 imperii
799 2067 898 2096 arce
937 2052 1166 2103 uexillum,
1206 2055 1251 2095 et
1291 2067 1397 2109 pace
1438 2053 1630 2095 ecclesiis

159 2122 367 2166 restituta
400 2122 607 2166 maiestas
641 2122 760 2165 orbis
791 2122 968 2179 publica
997 2136 1104 2165 uoce
1134 2122 1463 2164 scriniariorum
1494 2122 1628 2164 aduo-

159 2193 356 2234 catorum
377 2194 423 2235 et
441 2192 636 2235 iudicum
657 2206 831 2234 omnem
851 2191 1085 2234 uictoriam
1112 2206 1298 2248 regnum
1319 2194 1364 2234 et
1394 2191 1629 2248 imperium

160 2258 327 2304 Christi
366 2275 458 2305 esse
497 2261 736 2319 personuit.
794 2261 960 2304 Verum
991 2261 1096 2318 quia
1124 2261 1238 2303 duae
1267 2261 1432 2318 species
1460 2261 1629 2318 primae

162 2382 184 2409 2
207 2373 357 2410 solenni
374 2374 434 2410 M:
459 2374 635 2412 sollemni
652 2374 677 2411 S
814 2383 854 2421 15
882 2374 1024 2411 damna
1042 2373 1067 2410 S
1197 2384 1242 2410 22
1267 2374 1410 2410 somnis
1428 2373 1452 2410 S
1583 2385 1629 2420 24

160 2418 386 2458 linteamine
404 2421 470 2458 MS
615 2433 660 2469 29
684 2421 808 2470 prime
827 2422 969 2469 species
987 2422 1049 2458 M:
1073 2421 1194 2468 prime
1213 2421 1356 2468 species
1373 2421 1399 2458 S

209 2524 434 2577 5nh0micida
451 2527 523 2562 etc.
539 2538 547 2561 :
571 2537 603 2562 v.
618 2526 749 2562 Ioann.
763 2525 841 2562 viii.
856 2536 914 2570 44.
1003 2527 1024 2562 8
1050 2527 1198 2572 implere
1215 2537 1443 2562 mensuram:
1468 2538 1500 2561 v.
1518 2525 1628 2561 Matt.

162 2579 266 2605 xxm.
284 2581 349 2626 32..
438 2582 481 2616 19
505 2574 566 2608 Aa
578 2585 750 2618 ymerum
767 2576 862 2610 etc.:
888 2573 964 2609 Iuv.
983 2575 1059 2609 Sat.
1076 2585 1111 2609 x.
1133 2583 1211 2617 112,
1230 2584 1305 2618 113.
1405 2583 1450 2609 22
1475 2574 1626 2618 Ioseph:

157 2627 194 2652 v.
211 2615 320 2653 Matt.
337 2630 362 2654 1.
380 2628 437 2663 2ο,
452 2618 494 2656 ii.
514 2630 566 2665 13,
589 2630 642 2666 19.
793 2631 838 2666 23
864 2623 1000 2666 magis:
1025 2633 1055 2656 v.
1074 2621 1187 2656 Matt.
1206 2619 1245 2656 ii.
1267 2631 1319 2656 12.
1475 2622 1626 2656 Petrus:

161 2674 194 2698 v.
226 2663 308 2718 Act:
325 2663 423 2712 App.
442 2665 496 2702 iii.
517 2677 560 2702 10
571 2678 671 2713 seqq.
811 2678 831 2703 2
879 2670 1028 2704 uisitato
1044 2670 1089 2703 ab
1104 2669 1294 2713 apostolis:
1320 2667 1429 2703 Hanc
1446 2667 1627 2704 visionem

161 2712 328 2747 narravit
343 2713 529 2749 Liber-seu
551 2715 633 2750 Vita
649 2715 811 2750 Silvestri
853 2726 873 2751 e
896 2726 970 2760 qua
991 2715 1141 2751 consule
1164 2715 1364 2751 Duohesne
1386 2715 1465 2750 Lib.
1488 2717 1624 2759 Pontis.

162 2756 356 2841 buggd'sff'
373 2769 396 2852 5
413 2758 455 2806 §§
474 2769 518 2805 47
532 2771 656 2808 seqq.;
681 2762 730 2798 cf.
750 2761 872 2799 Iacob.
890 2762 937 2799 de
949 2761 1151 2808 Voragine,
1170 2763 1322 2808 Leyend.
1342 2763 1435 2798 Aur.
1455 2774 1485 2798 c.
1507 2772 1548 2798 12
1569 2764 1627 2806 (de

190 2831 198 2840 .
243 2817 257 2840 τ
273 2816 309 2840 ve
343 2817 383 2842 ro
401 2833 410 2842 .

1471 2889 1515 2922 93
