1994 3190
173 200 272 234 cn.
287 187 397 249 vm]
689 187 1094 234 POLICRATICV
1094 189 1129 234 S
1656 191 1779 242 5582

172 309 381 353 Declarat
418 309 501 352 hoc
549 308 810 366 amplissimi
858 308 1066 366 splendor
1103 309 1291 367 imperii,
1330 324 1418 367 quo
1466 302 1640 355 nullum

172 378 320 421 minus
352 377 410 421 ab
445 377 626 421 exordio
659 391 802 434 neque
834 377 1075 421 maioribus
1113 378 1396 422 incrementis
1434 394 1641 437 processu

171 447 381 491 continuo
419 445 657 489 dilatatum
706 446 902 488 humana
951 448 1100 503 potest
1147 448 1360 490 memoria
1407 449 1639 492 recordari.

172 515 291 559 Nam
311 518 356 558 et
376 515 551 572 quietae
574 514 806 565 libertatis,
825 514 1024 558 iustitiae
1050 515 1187 566 cultu,
1208 517 1459 560 reuerentia
1478 517 1639 575 legum,

134 604 154 638 5
169 584 547 641 finitimarumque
575 583 776 641 gentium
806 583 1026 636 amicitiis,
1055 584 1316 627 maturitate
1355 586 1639 629 consiliorum

169 656 216 697 et
247 653 471 710 grauitate
505 652 743 696 uerborum
775 655 821 696 et
853 667 1036 710 operum
1067 653 1359 696 obtinuerunt
1397 657 1450 697 ut
1488 655 1638 698 orbem

168 735 275 765 suae
305 721 556 766 subicerent
586 721 757 764 ditioni.
831 721 932 774 Sed,
964 721 1070 778 quia
1103 721 1159 765 de
1197 723 1449 765 constantia
1487 738 1640 766 eorum

168 790 403 848 coepimus,
434 804 573 835 unum
613 790 668 834 de
706 790 1155 848 Strategemmatibus
1185 790 1292 834 Iulii
1324 791 1527 835 Frontini
1558 807 1639 849 pro

169 859 324 903 multis
373 862 566 917 ponatur
602 859 650 902 in
688 860 844 904 medio.
923 859 1038 904 Cum
1083 860 1235 916 itaque
1273 860 1397 903 urbis
1436 861 1639 904 menibus
1654 866 1684 907 d

112 947 155 972 xo
171 928 399 972 Hannibal
439 928 663 979 assideret,
701 929 991 972 ostentandae
1040 928 1227 972 fiduciae
1265 930 1424 987 gratia,
1464 930 1637 987 supple·

169 1001 371 1042 mentum
402 998 681 1049 exercitibus,
713 1012 823 1055 quos
856 998 904 1040 in
940 998 1160 1056 Hispania
1193 998 1429 1050 habebant,
1463 999 1642 1043 diuersa

168 1071 299 1126 porta
337 1067 564 1111 miserunt.
640 1067 765 1111 Idem
799 1081 957 1125 agrum
991 1067 1039 1110 in
1071 1081 1159 1125 quo
1192 1070 1339 1111 castra
1373 1068 1641 1112 Hannibalis

169 1139 310 1188 erant,
329 1135 540 1180 defuncto
567 1135 684 1180 forte
712 1136 903 1188 domino,
922 1136 1124 1179 uenalem
1147 1136 1205 1180 ad
1233 1137 1278 1180 id
1306 1138 1440 1195 pretii
1468 1138 1640 1182 licendo

169 1205 486 1263 perduxerunt,
516 1220 604 1263 quo
628 1206 667 1249 is
694 1220 802 1263 ager
826 1208 931 1249 ante
960 1205 1124 1248 bellum
1155 1206 1368 1250 uenierat.
1430 1207 1505 1258 Hi,
1531 1208 1638 1250 dum

110 1295 152 1330 15
168 1274 226 1318 ab
256 1274 509 1318 Hannibale
537 1274 846 1318 obsiderentur
872 1277 918 1318 et
943 1274 1027 1332 ipsi
1055 1275 1309 1319 obsiderent
1329 1275 1543 1334 Capuam,
1563 1277 1637 1321 de-

167 1346 405 1388 creuerunt
424 1358 480 1388 ne
498 1344 585 1387 nisi
605 1358 658 1388 ea
676 1346 808 1401 capta
826 1347 1110 1388 reuocaretur
1128 1344 1232 1388 inde
1252 1346 1484 1391 exercitus.

169 1451 277 1510 Cap.
301 1451 340 1497 8.
395 1452 546 1508 Quare
565 1452 800 1497 Traianus
822 1451 1045 1498 uideatur
1063 1453 1277 1498 omnibus
1294 1454 1637 1512 praeferendus.

227 1538 359 1583 Nunc
394 1541 556 1593 autem,
583 1541 637 1582 ut
665 1538 713 1581 in
742 1539 933 1583 Traiano
963 1539 1190 1584 Plutarchi
1222 1542 1637 1598 strategemmaticis

169 1610 362 1666 ponatur
394 1608 562 1659 modus,
596 1611 749 1651 tantae
781 1608 1061 1652 fortitudinis
1100 1612 1146 1653 et
1184 1609 1416 1654 ciuilitatis
1455 1610 1545 1654 fuit
1585 1616 1636 1655 ut
1653 1620 1734 1660 559
1755 1622 1786 1651 a

108 1699 152 1724 20
170 1677 357 1721 Romani
407 1677 581 1735 imperii
630 1677 752 1728 fineS,
791 1677 909 1734 quod
959 1681 1060 1735 post
1098 1678 1354 1736 Augustum
1404 1679 1636 1724 defenSum

168 1746 310 1804 magis
348 1745 498 1790 fuerat
537 1761 669 1804 quam
708 1746 918 1790 nobiliter
955 1747 1231 1805 ampliatum,
1281 1748 1411 1806 longe
1459 1749 1636 1806 lateque

167 1815 446 1859 diffunderet.
523 1816 720 1860 Gloriam
760 1818 910 1859 tamen
948 1816 1188 1860 militarem
1222 1818 1523 1862 moderatione
1563 1833 1635 1862 su—

166 1884 354 1942 perauit,
388 1884 553 1928 Romae
583 1887 628 1928 et
667 1899 746 1943 per
784 1885 1036 1943 prouincias
1075 1886 1281 1930 omnibus
1321 1902 1367 1930 se
1406 1888 1635 1945 aequalem

165 1954 390 2005 exhibens,
402 1954 564 1998 amicos
583 1954 807 1998 salutandi
827 1968 960 1998 causa
980 1954 1270 2012 frequentans
1289 1957 1362 2000 uel
1382 1960 1636 2014 egrotantes

107 2045 148 2079 ²5
166 2022 238 2066 uel
274 2022 401 2066 festis
435 2023 602 2075 diebus,
633 2038 734 2068 cum
770 2024 934 2067 eisdem
964 2024 1204 2068 indisereta
1237 2025 1433 2070 uicissim
1468 2025 1636 2069 habens

164 2091 382 2143 conuiuia,
411 2092 625 2136 uehiculis
655 2107 807 2136 eorum
837 2096 883 2136 et
912 2093 1111 2136 uestibus
1150 2093 1454 2138 indifferenter
1492 2097 1635 2147 utens,

165 2161 338 2218 publice
367 2164 413 2205 et
442 2161 654 2219 priuatim
683 2162 833 2205 ditans
862 2177 1024 2213 omnes,
1045 2162 1351 2207 immunitates
1376 2163 1636 2207 ciuitatibus

164 2229 370 2287 largiens,
405 2230 609 2274 relaxans
646 2231 819 2274 tributa
858 2231 1111 2289 prouinciis,
1151 2232 1263 2275 nulli
1304 2233 1468 2290 grauis,
1506 2247 1636 2276 carus

166 2298 382 2351 omnibus,
400 2298 510 2342 adeo
534 2302 587 2343 ut
613 2313 753 2357 usque
782 2300 839 2343 ad
870 2302 1068 2344 nostram
1095 2303 1259 2344 etatem
1288 2301 1335 2344 in
1362 2305 1519 2344 senatu
1545 2316 1635 2344 non

105 2383 150 2416 30
167 2367 298 2411 aliter
339 2367 612 2425 principibus
651 2369 948 2412 acclametur:
998 2369 1186 2413 Felicior
1224 2370 1441 2428 Augusto,
1480 2371 1636 2414 melior

166 2436 227 2480 sis
258 2435 471 2479 Traiano!
529 2436 603 2480 Sic
642 2437 793 2495 itaque
835 2438 1072 2482 memoriae
1111 2438 1206 2482 eius
1245 2439 1442 2482 delatum
1482 2442 1550 2482 est
1589 2443 1635 2483 et

168 2544 207 2571 11
234 2533 423 2580 hyspania
437 2533 478 2570 M
585 2545 628 2580 14
651 2538 808 2573 uenerat
827 2534 907 2572 S¹M
1004 2535 1070 2572 Hii
1087 2535 1112 2572 S
1226 2537 1269 2574 18
1294 2539 1338 2574 ut
1355 2548 1422 2574 om,
1441 2536 1475 2572 A
1587 2548 1633 2584 30

164 2581 375 2618 aclametur
391 2581 416 2617 S

213 2678 236 2714 9
272 2669 363 2704 Cum
394 2669 514 2714 itaque
544 2671 638 2706 etc-t
680 2668 854 2706 Frontin.
887 2671 996 2707 Strat.
1031 2669 1086 2707 iii.
1123 2671 1165 2707 18
1199 2669 1241 2718 ἐξ
1280 2680 1322 2707 1-
1427 2669 1484 2708 De
1515 2670 1630 2708 variis

165 2714 394 2753 lectionibus
406 2714 588 2752 Ioannis
577 2727 619 2752 ιιι
635 2716 728 2753 locis
744 2728 764 2753 e
775 2717 958 2754 Frontino
976 2717 1104 2756 citatis
1120 2718 1272 2755 consule
1290 2681 1631 2756 Gundermannum

164 2762 207 2799 in
230 2763 288 2800 ed.
306 2761 480 2798 Frontini
495 2762 677 2800 Teubner.
695 2764 814 2809 praef.
1100 2774 1140 2812 15
1159 2767 1430 2803 obsiderentur.
1474 2767 1631 2802 ,obside-

165 2815 269 2846 rent:
303 2810 534 2864 obsidentur.
580 2811 811 2847 ,obsiderunt
883 2813 1003 2849 ontin.
1158 2823 1201 2858 19
1218 2814 1397 2857 fonitudi
1397 2825 1435 2848 m
1437 2825 1456 2848 3
1472 2815 1567 2867 etc-‚2
1598 2825 1628 2850 v.

167 2857 327 2903 Eutrop.
342 2855 421 2892 viii.
439 2867 467 2892 2
479 2855 521 2904 §§
544 2867 572 2900 1,
592 2867 623 2893 2.
763 2868 808 2894 22
838 2859 1000 2896 Glomm
1016 2864 1135 2896 tamen
1152 2862 1248 2897 etc..
1239 2871 1248 2879 ·
1274 2871 1310 2896 v.
1328 2859 1486 2907 Eutrop.
1502 2860 1577 2897 viii.
1595 2871 1628 2904 4

166 2915 213 2952 29
228 2909 270 2941 ut
284 2916 394 2952 usque
410 2905 507 2941 etc-2
534 2902 690 2951 Eutrop,
702 2903 777 2941 viii.
793 2913 811 2952 5
832 2904 850 2952 ξ
870 2916 905 2952 3.

1452 2982 1519 3016 315
