1994 3190
227 175 312 224 436
329 173 360 214 d
705 171 966 216 IOANNIS
1006 171 1520 216 SARESBERIENSIS
1676 169 1784 232 [Lm.
1800 183 1840 217 11

328 294 357 335 d
375 294 423 336 in
457 293 665 350 laqueum
704 294 750 335 et
780 291 957 336 foueam
991 291 1213 336 falsitatis.
1272 292 1510 336 Mathesim
1544 307 1650 350 ergo
1683 292 1841 350 proba-

374 362 508 404 bilem
541 375 654 418 quae
686 360 933 418 penultima
966 361 1092 404 breui
1125 361 1396 413 enuntiatur,
1431 377 1564 419 quam
1599 364 1645 405 et
1679 363 1843 405 natura

373 431 558 481 inducit,
597 429 712 473 ratio
750 429 921 486 probat,
960 432 1006 472 et
1043 429 1255 473 utilitatis
1294 430 1568 488 experientia
1613 430 1856 487 approbat‚.

375 500 502 557 quasi
534 499 755 556 quoddam
788 498 1014 542 doctrinae
1053 513 1159 542 suae
1197 499 1367 542 iaciunt
1401 499 1755 550 fundamentum,
1788 501 1843 541 ut

375 569 536 613 exinde
570 568 827 625 opinionum
856 582 1038 610 suarum
1067 568 1237 611 lubrico
1266 569 1393 625 quasi
1425 569 1616 625 quadam
1647 568 1842 625 imagine
1862 584 1881 618 5

375 637 561 681 rationis
599 637 647 680 in
685 636 922 679 mathesim
962 637 1206 694 reprobam,
1241 652 1354 694 quae
1391 637 1619 695 profertur
1658 639 1843 680 extensa

374 707 632 765 penultima,
671 706 1037 763 perniciosissime
1079 706 1382 763 prolabantur.
1460 706 1608 749 Primo
1651 721 1843 763 namque

374 791 444 820 res
487 790 598 833 quas
635 779 799 818 natura
837 775 1006 818 creauit
1045 775 1302 827 discutiunt,
1338 789 1498 832 easque
1536 775 1844 832 multipliciter

373 845 659 903 inuestigant,
679 858 797 887 nunc
818 844 1037 901 quomodo
1057 859 1113 887 ex
1132 845 1335 902 partibus
1362 845 1466 897 suis,
1485 859 1603 888 nunc
1624 844 1842 901 quomodo

374 929 431 958 ex
450 914 638 958 materia
657 916 703 957 et
722 913 867 956 forma
885 916 1091 957 constant
1109 914 1395 971 inquirentes.
1445 913 1574 967 Quod
1593 915 1646 956 ut
1666 912 1842 957 facilius
1862 931 1905 955 10

372 984 555 1042 possint,
590 997 798 1027 sensuum
837 983 956 1026 uires
995 986 1185 1040 pensant
1219 986 1265 1026 et
1307 983 1558 1027 intellectus
1605 982 1843 1026 efficaciam

371 1053 631 1096 metiuntur.
690 1052 748 1095 Et
769 1052 874 1109 quia
893 1067 1101 1096 sensuum
1122 1052 1342 1096 hebetudo
1362 1067 1510 1096 rerum
1533 1066 1844 1109 corporearum

373 1124 580 1165 naturam
601 1136 691 1165 non
719 1121 1058 1179 transgreditur,
1077 1122 1295 1179 paulatim
1325 1122 1513 1165 aliorum
1543 1121 1755 1164 beneficio
1784 1120 1843 1164 ad

227 1200 309 1242 437
329 1204 359 1233 a
374 1191 608 1234 subtiliora
627 1193 911 1248 consurgunt.
969 1191 1103 1233 Visus
1123 1190 1287 1234 etenim
1310 1190 1358 1233 in
1383 1191 1476 1234 solo
1499 1205 1680 1248 corpore
1704 1205 1843 1248 eoque

372 1262 604 1317 praesente
632 1259 797 1303 colores
823 1262 1001 1302 tantum
1031 1260 1303 1317 quantitates
1330 1260 1557 1303 examinat
1580 1262 1626 1303 et
1652 1260 1840 1317 figura's:
1861 1277 1901 1312 1⁵

372 1343 506 1372 sonus
527 1328 646 1372 solus
660 1329 879 1386 contingit
892 1329 1119 1372 auditum:
1148 1333 1306 1387 gustus
1325 1329 1380 1372 de
1400 1329 1631 1386 saporibus
1650 1329 1842 1373 iudicat:

372 1397 609 1441 olfaciendi
644 1398 714 1441 uis
760 1398 808 1440 in
848 1398 1057 1442 odoribus
1102 1401 1200 1442 tota
1237 1401 1469 1442 uersatur:
1520 1398 1628 1455 quid
1667 1398 1842 1450 durum,

374 1467 481 1523 quid
511 1467 642 1510 molle
666 1467 736 1518 sit,
764 1467 871 1524 quid
898 1467 1007 1519 lene,
1027 1468 1134 1525 quid
1164 1482 1380 1525 asperum,
1401 1467 1508 1524 quid
1535 1467 1842 1524 ponderosum,

374 1536 481 1592 quid
517 1536 626 1587 leue,
658 1537 765 1594 quid
794 1536 985 1580 calidum
1016 1540 1096 1580 aut
1125 1536 1351 1594 frigidum,
1381 1537 1488 1594 quid
1517 1537 1751 1579 humidum
1782 1536 1843 1580 sit

373 1608 454 1647 aut
493 1605 668 1656 siccum,
707 1608 854 1649 tactus
893 1606 1130 1659 discernit;
1181 1608 1249 1649 est
1288 1606 1512 1649 interdum
1551 1606 1721 1664 figurae
1764 1621 1840 1649 ex·
1861 1626 1903 1650 πο

373 1673 581 1731 plorator,
628 1677 674 1718 et
719 1675 985 1732 quantitatis
1032 1678 1078 1719 et
1121 1675 1328 1733 ponderis
1373 1675 1597 1728 conscius;
1645 1675 1840 1719 dolorem

374 1757 548 1800 quoque
575 1744 763 1801 percipit
790 1747 836 1787 et
863 1743 1139 1801 uoluptatem
1154 1758 1163 1797 ;
1193 1744 1317 1801 isque
1341 1759 1421 1801 per
1448 1758 1598 1787 omnes
1626 1743 1719 1787 fere
1743 1759 1840 1788 sen-

373 1813 458 1855 sati
489 1813 682 1870 eorporis
712 1815 861 1869 partes
894 1812 1172 1865 diffunditur,
1201 1813 1397 1870 adeoque
1426 1813 1613 1856 animae*
1631 1814 1842 1858 coherens

372 1884 441 1925 est
460 1885 512 1924 ut
532 1896 583 1924 eo
603 1881 853 1925 discedente
872 1882 1079 1925 uideatur
1099 1886 1144 1926 et
1163 1886 1260 1926 tota
1278 1882 1471 1939 eorporis
1491 1882 1588 1925 uita
1607 1882 1840 1927 discedere.

373 1950 422 1994 Si
443 1965 549 1994 uero
569 1965 801 2008 corporum
821 1950 1071 1994 absentium
1091 1950 1317 2008 praefatas
1332 1951 1623 2008 proprietates
1639 1951 1839 2008 inquiris,
1860 1975 1876 1998 2
1882 1975 1900 2010 5

373 2034 447 2063 eas
486 2020 568 2062 tibi
605 2022 748 2063 tracta
782 2019 1073 2063 similitudine
1109 2020 1166 2063 ab
1197 2021 1267 2064 his
1302 2034 1411 2077 quas
1450 2035 1604 2063 sensus
1643 2021 1840 2078 agnouit,

326 2096 355 2135 b
373 2089 538 2146 poterit
583 2089 843 2146 imaginatio
883 2091 1175 2147 praesentare,
1215 2104 1327 2146 quae
1366 2092 1495 2133 tanto
1534 2090 1620 2133 erit
1658 2091 1842 2143 fidelior,

372 2161 541 2215 quanto
590 2157 838 2215 expressior
887 2157 1143 2201 similitudo.
1232 2158 1357 2201 Vnde
1406 2160 1452 2201 et
1501 2157 1668 2202 Titirus
1721 2160 1840 2218 apud

373 2226 599 2270 Maronem
644 2242 732 2269 non
773 2230 997 2270 assecutae
1036 2227 1341 2271 similitudinis
1380 2227 1493 2271 uitio
1540 2228 1708 2285 lapsam
1752 2229 1837 2273 sibi

370 2296 572 2353 queritur
601 2295 985 2353 imaginationem:
1857 2323 1900 2357 30

432 2380 595 2423 Vrbem
627 2394 759 2437 quam
790 2380 946 2424 dicunt
977 2380 1174 2431 Romam,
1204 2380 1401 2431 Melibee,
1431 2382 1588 2439 putaui

430 2438 597 2482 stultus
627 2453 708 2494 ego
739 2438 841 2482 huic
872 2442 1047 2481 nostrae
1077 2439 1278 2493 similem,
1309 2454 1396 2495 quo
1425 2454 1554 2498 saepo
1585 2440 1776 2485 solemus

431 2500 630 2555 pastores
659 2497 810 2539 ouium
842 2500 1016 2540 teneros
1046 2496 1262 2555 depellere
1294 2497 1424 2542 fetus.

370 2606 589 2691 {ymagine
608 2607 646 2643 M
735 2617 798 2661 '27
823 2606 1063 2654 ymaginatio
1083 2607 1119 2643 M
1234 2610 1276 2661 38
1298 2613 1377 2662 pest
1395 2607 1605 2655 expressior
1620 2611 1705 2647 add.
1723 2609 1842 2648 fuerit

422 2667 531 2701 maru.
553 2654 617 2691 SM
714 2656 853 2692 murus
870 2655 907 2691 M
1052 2665 1101 2701 30
1122 2657 1448 2702 ynmgmationem
1468 2655 1506 2691 M

420 2769 439 2796 2
463 2771 552 2807 quaa
570 2759 771 2813 penultima
789 2759 885 2795 etc:
912 2758 960 2795 cs.
979 2770 1104 2805 nupt-n,
1130 2759 1255 2796 Polior.
1273 2758 1296 2796 i.
1322 2769 1364 2797 ιο
1383 2759 1466 2807 (407
1478 2760 1526 2807 a).
1643 2771 1683 2808 31
1711 2762 1839 2799 Vrbem

372 2809 469 2844 eta:
499 2806 608 2853 Vei-g.
630 2807 706 2842 Iu'cl.
725 2818 747 2843 ι,
773 2815 898 2853 19-21,
915 2816 973 2851 24,
991 2816 1046 2853 25.

487 2887 547 2911 102
