1994 3190
130 201 228 234 car.
244 187 284 248 1]
553 243 557 248 ,
655 183 1090 229 POLICRATICVS
1606 190 1685 234 477
1703 181 1732 221 b

129 303 340 347 aduersus
378 300 579 358 publicae
618 299 775 342 salutis
815 299 963 342 hostes
1001 313 1091 341 non
1138 298 1426 341 excandescit.
1506 296 1592 340 Eos

129 386 235 414 uero
279 385 359 428 pro
407 371 534 426 parte
577 367 823 426 praesentis
872 367 1071 424 opusculi
1121 367 1401 423 aliquatenus
1444 366 1594 423 tangit

128 439 318 483 intentio
366 441 412 482 et
457 451 599 495 nugas
640 451 791 480 eorum
830 450 918 492 quo
956 438 1103 492 potest
1143 438 1188 478 et
1235 436 1464 479 consueuit
1502 425 1592 479 telo

127 507 334 552 decutiet.

92 641 110 675 5
299 614 406 683 Cap.
441 628 479 658 1.
529 613 654 668 Quid
682 613 809 657 salus
838 611 1121 656 uniuersalis
1149 615 1188 655 et
1213 611 1413 668 publica.
1609 620 1635 650 c

185 701 266 745 Est
286 701 426 759 igitur
445 700 564 744 salus
583 700 772 757 publica,
788 713 901 756 quae
922 698 1154 740 uniuersos
1175 697 1300 740 fouet
1321 700 1366 740 et
1385 698 1593 754 singulos,

125 771 407 815 incolumitas
438 770 572 814 uitae.
632 769 783 812 Nichil
812 768 931 811 enim
964 767 1133 811 homini
1165 767 1467 824 praestantius
1498 768 1595 810 uita

127 841 231 891 eius,
261 839 566 883 incolumitate
600 838 721 881 uitae
753 837 891 881 nichil
922 837 1156 880 salubrius.
1218 836 1455 878 Hominem
1488 851 1595 879 uero

126 912 340 954 constare.
361 924 417 951 ex
448 909 598 951 anima
629 906 836 951 rationali
866 908 912 950 et
943 920 1074 950 carne
1106 905 1384 962 corruptibili
1420 906 1594 962 antiqui

32 973 36 980 '
70 1002 109 1029 ιο
126 979 347 1037 sapientes
367 978 654 1021 diffinierunt.
715 976 830 1021 Caro
853 975 1072 1033 siquidem
1098 975 1216 1018 uiuit
1237 974 1294 1017 ab
1315 974 1474 1024 anima,
1494 989 1595 1017 cum

126 1048 304 1092 aliunde
331 1047 502 1105 corpori
532 1047 630 1090 uita
657 1060 750 1089 esse
773 1060 862 1088 non
891 1044 1041 1102 possit,
1062 1044 1180 1101 quod
1211 1059 1383 1101 semper
1410 1044 1597 1086 inertiae

126 1131 230 1161 suae
273 1120 450 1174 torpore
494 1115 690 1173 quiescit,
733 1115 820 1158 nisi
864 1114 1110 1172 spiritualis
1154 1116 1341 1156 naturae
1385 1113 1596 1156 beneficio

125 1189 368 1230 moueatur.
428 1186 550 1229 Haec
577 1187 727 1228 autem
752 1184 888 1227 habet
910 1187 956 1227 et
983 1184 1081 1240 ipsa
1108 1183 1250 1226 uitam
1277 1197 1414 1226 suam.
1474 1183 1595 1226 Deus

126 1256 289 1300 etenim
328 1256 424 1299 uita
463 1255 636 1298 animae
675 1257 765 1307 est;
805 1268 939 1311 quam
977 1253 1245 1296 sententiam
1284 1252 1595 1295 modernorum

0 1335 1 1338 ’
71 1347 109 1382 ¹5
127 1325 306 1383 quidam
344 1325 544 1383 grauiter
583 1324 761 1382 quidem
808 1327 854 1368 et
893 1338 1009 1374 uere,
1044 1323 1148 1366 licet
1187 1323 1372 1366 metrica
1411 1322 1595 1365 leuitate

126 1395 379 1453 complexus
409 1397 499 1438 est:

212 1486 319 1530 Vita
345 1486 522 1529 'animae
551 1485 672 1530 Deus
702 1488 780 1536 est,
811 1486 919 1529 haec
949 1485 1167 1542 corporis3
1206 1485 1289 1528 hac
1320 1483 1522 1542 fugiente
1612 1484 1641 1525 d

269 1545 460 1588 soluitur
489 1545 582 1595 hoc,
612 1544 729 1601 perit
759 1544 866 1588 haec
897 1544 1168 1587 destituente
1198 1543 1305 1587 Deo.

128 1636 254 1682 Sicut
273 1652 377 1696 ergo
397 1637 567 1695 corpori
598 1637 751 1680 uiuere
771 1639 839 1680 est
858 1636 1071 1694 uegetari,
1092 1636 1261 1679 moueri
1288 1635 1345 1678 ab
1369 1635 1529 1685 anima,
1550 1639 1596 1678 et

70 1728 112 1753 ιο
129 1707 413 1765 dispositione
437 1707 507 1750 sui
536 1706 731 1750 motibus
758 1707 931 1750 animae
955 1706 1249 1763 adquiescere,
1270 1708 1315 1748 et
1337 1705 1377 1747 ei
1402 1705 1594 1761 quadam

128 1776 358 1821 obediendi
378 1776 638 1820 necessitate
658 1775 921 1820 concordare
939 1790 948 1829 ;
979 1775 1040 1818 sic
1061 1778 1106 1818 et
1127 1775 1276 1818 anima
1300 1789 1356 1817 ex
1387 1789 1437 1817 eo
1465 1774 1594 1824 uiuit,

128 1846 244 1904 quod
275 1861 354 1890 suo
386 1846 515 1889 modo
549 1849 797 1904 uegetatur,
830 1849 875 1889 et
906 1859 1011 1888 uere
1045 1848 1251 1887 mouetur
1285 1858 1312 1886 a
1342 1843 1447 1894 Deo,
1476 1847 1521 1886 et
1552 1844 1592 1886 ei

127 1915 323 1959 subiecta
357 1915 590 1959 deuotione
627 1915 904 1972 obtemperat
939 1917 985 1958 et
1018 1914 1066 1956 in
1098 1914 1302 1957 omnibus
1337 1913 1594 1970 adquiescit.

129 1983 178 2029 Si
213 1999 300 2042 quo
330 1985 488 2036 minus,
524 1988 570 2028 et
601 1999 652 2028 eo
685 1984 833 2027 minus
872 1984 1000 2027 uiuit.
1071 1983 1191 2026 Nam
1227 1986 1272 2026 et
1303 1997 1472 2040 eorpus,
1506 1997 1594 2039 qua

71 2073 113 2107 ²⁵
128 2056 254 2111 parte
274 2054 342 2097 sui
362 2068 451 2096 non
470 2057 675 2097 mouetur
694 2053 750 2097 ab
771 2053 930 2103 anima,
946 2054 1035 2096 iam
1055 2053 1102 2095 in
1123 2068 1174 2096 ea
1193 2055 1416 2109 torporem
1437 2053 1593 2095 mortis

129 2123 326 2167 incurrit.
385 2123 504 2166 Dum
525 2138 630 2181 ergo
650 2126 796 2167 totum
816 2123 946 2174 uiuit,
966 2122 1023 2165 ad
1045 2137 1142 2165 eam
1164 2124 1308 2165 totum
1328 2122 1590 2179 disponitur,
1606 2129 1686 2179 478
1706 2139 1736 2168 a

129 2206 240 2250 quae
270 2207 315 2235 se
344 2207 433 2235 non
462 2206 541 2250 per
571 2196 720 2250 partes
750 2192 952 2235 infundit
981 2191 1194 2249 partibus,
1222 2191 1298 2234 sed
1323 2194 1420 2234 tota
1450 2195 1517 2234 est
1546 2195 1592 2235 et

129 2264 336 2319 operatur
373 2261 420 2305 in
459 2262 680 2306 uniuersis
711 2265 757 2306 et
788 2262 985 2320 singulis.
1057 2261 1131 2305 Sic
1166 2264 1211 2304 et
1245 2261 1366 2304 Deus
1398 2261 1592 2303 animam

128 2329 321 2388 perfecte
340 2330 566 2374 uiuentem
587 2334 728 2375 totam
758 2334 955 2388 occupat,
975 2334 1118 2374 totam
1142 2330 1349 2388 possidet,
1370 2333 1528 2387 regnat
1548 2334 1594 2373 et

73 2421 116 2454 30
129 2399 254 2457 uiget
282 2399 329 2442 in
353 2402 461 2444 tota.
519 2399 683 2444 Nullus
709 2401 750 2444 ei
780 2400 970 2458 angulus
998 2403 1208 2457 exceptus
1235 2403 1315 2444 est.
1376 2399 1464 2443 Sed
1485 2399 1593 2456 quid

132 2527 176 2566 25
203 2520 413 2566 torporrem
430 2518 458 2556 C

179 2639 270 2675 9,10
294 2631 436 2675 antiqui
449 2631 646 2675 sapientes.
672 2629 718 2666 cf.
733 2628 828 2676 Aug.
847 2630 960 2665 Serm.
982 2629 1028 2666 cl.
1046 2639 1068 2674 4
1089 2627 1106 2675 ξ
1129 2637 1145 2674 5
1164 2627 1310 2674 (Migne
1326 2629 1367 2663 P.
1383 2629 1424 2663 L.
1437 2626 1590 2662 xxxviii.

132 2677 218 2721 810)
243 2677 343 2712 homo
371 2682 536 2712 constans
559 2688 604 2711 ex
626 2679 752 2712 anima
777 2678 952 2713 rationali
980 2682 1011 2712 et
1035 2688 1144 2712 carne
1170 2678 1326 2711 mortali.
1475 2684 1592 2720 1314

133 2725 232 2759 Deus
246 2725 325 2759 uita
341 2725 502 2759 animae:
527 2735 561 2759 v.
579 2723 675 2777 Aug.
694 2726 736 2759 de
752 2726 832 2760 Lib.
852 2726 988 2759 Arbihr
1006 2723 1044 2758 ii.
1061 2725 1102 2760 16
1118 2723 1135 2770 ξ
1151 2734 1219 2767 4ι;
1242 2724 1355 2758 Serm.
1367 2721 1452 2776 clvi.
1473 2724 1495 2758 6
1515 2722 1532 2767 ς’
1549 2723 1592 2762 6,

131 2772 174 2806 de
191 2772 338 2807 civitate
354 2771 422 2806 Dei
438 2769 517 2807 xiii.
535 2780 580 2816 24
598 2771 616 2816 ξ
635 2773 657 2808 6
673 2770 820 2818 (Migne
837 2773 877 2807 Ρ.
895 2773 939 2807 L.
958 2770 1073 2807 xxxii.
1095 2772 1207 2816 12633
1234 2769 1390 2807 xxxviii.
1410 2772 1500 2816 8533
1527 2767 1592 2804 xli.

134 2817 232 2863 402)-

1422 2895 1480 2930 17¹
1512 2917 1518 2922 .
