1994 3190
181 202 282 238 on.
293 189 369 253 π]
698 189 1136 236 romanncvs
1660 197 1738 243 552
1755 186 1787 232 «1

181 313 281 370 quis
328 312 495 356 famam
543 311 758 369 optimam
803 314 1102 368 compararet:
1152 311 1201 355 Si
1249 311 1447 369 gesserit,
1485 309 1644 367 inquit,
1658 311 1689 353 d

181 381 351 439 optima
375 384 421 425 et
446 381 657 438 loquutus
683 379 824 423 fuerit
848 393 999 437 pauca.
1060 380 1157 423 Hoc
1177 384 1245 424 est
1265 382 1382 438 quod
1405 381 1478 424 uir
1501 381 1647 424 iustus

181 453 229 494 et
257 450 427 493 ueritus
456 449 711 506 delinquere
740 448 789 491 in
827 462 1027 492 sermone
1057 449 1167 492 dicit
1195 450 1384 493 stillasse
1424 450 1647 507 eloquium

181 530 338 571 suum3
377 518 454 575 qui
493 518 612 560 enim
655 532 745 561 non
779 517 999 574 delinquit
1041 517 1088 559 in
1129 517 1276 569 uerbo,
1306 519 1377 562 hic
1425 519 1648 575 perfectus

144 601 165 638 5
181 590 251 632 est
268 587 352 631 uir.
412 586 462 630 Si
482 586 660 644 quando
678 586 877 629 ridebam
904 586 961 629 ad
990 600 1074 636 eos,
1095 600 1183 629 non
1207 586 1455 630 credebant.
1516 588 1649 630 Risus

181 656 381 701 leuitatis
412 655 652 708 indicium3
693 659 739 700 et
777 670 866 714 quo
905 656 1140 713 patentior,
1172 669 1224 698 eo
1264 655 1564 712 impudentior
1603 660 1649 700 et

182 725 568 784 reprehensibilior
598 729 678 770 est.
747 725 828 769 Ait
866 726 1011 769 enim:
1057 724 1235 768 Stultus
1269 725 1317 767 in
1351 725 1444 767 risu
1479 726 1650 769 exaltat

182 810 336 840 uocem
369 809 522 847 suam3
571 797 618 838 et
652 794 861 838 Saluator
893 794 1030 845 fleuit,
1063 794 1139 851 qui
1179 794 1334 852 utique
1373 794 1521 837 risisse
1560 810 1649 838 non

183 865 359 924 legitur.
438 865 531 908 Nec
570 865 688 908 enim
738 863 869 908 facile
913 863 1173 908 crediderim
1222 877 1411 920 pronum
1452 879 1544 907 esse
1593 864 1650 907 ad

127 949 168 975 10
183 934 447 979 cachinnum
489 933 565 991 qui
606 934 690 977 sub
729 936 860 977 tanta
898 933 1193 991 ambiguitate
1227 933 1282 976 de
1322 933 1416 976 risu
1454 933 1653 990 loquitur

184 1005 238 1046 ut
261 1003 345 1046 etsi
365 1003 514 1046 riserit
533 1017 623 1046 non
637 1002 854 1046 credatur.
906 1002 965 1045 Et
983 1002 1063 1046 lux
1082 1002 1237 1046 uultus
1255 1003 1342 1046 mei
1363 1016 1452 1045 non
1467 1002 1654 1045 cadebat

184 1073 234 1117 in
267 1075 443 1116 terram.
513 1072 631 1115 Risit
662 1071 778 1115 forte
809 1072 882 1115 uir
911 1073 1067 1123 iustus,
1098 1072 1175 1115 sed
1210 1086 1310 1115 eum
1346 1072 1393 1115 in
1425 1072 1653 1115 hilaritate

185 1141 442 1199 temporalis
481 1142 651 1199 ineptia
692 1141 817 1184 nulla
855 1141 1050 1191 resoluit,
1093 1144 1139 1184 et
1177 1141 1387 1198 quicquid
1427 1144 1653 1184 terrenum

186 1214 284 1255 erat
304 1211 351 1254 in
371 1211 578 1262 moribus,
593 1210 770 1253 uultum
789 1210 1028 1253 uerebatur
1046 1213 1287 1254 austerum.
1345 1210 1395 1253 Si
1416 1210 1653 1254 noluissem
1670 1219 1748 1260 553
1769 1220 1799 1248 a

128 1294 168 1328 τι
187 1280 253 1324 ire
291 1280 349 1324 ad
388 1295 472 1331 eos,
511 1280 716 1324 sedebam
755 1279 937 1337 primus.
998 1279 1146 1323 Prima
1185 1280 1403 1336 siquidem
1443 1279 1654 1323 cathedra

187 1349 350 1408 dignus
378 1352 475 1393 erat
500 1349 576 1407 qui
603 1349 714 1392 alios
739 1351 969 1392 tantarum
989 1348 1212 1392 uirtutum
1239 1349 1397 1392 itinere
1424 1348 1653 1406 praecede-

189 1419 276 1462 bat.
335 1417 450 1463 Cum
479 1418 650 1462 sederet
682 1418 808 1475 quasi
849 1433 928 1462 rex
959 1418 1281 1462 famulantibus
1310 1419 1421 1469 aliis,
1452 1418 1655 1461 lacrimas

187 1488 452 1532 merentium
486 1487 779 1545 abstergebat.
846 1487 1043 1532 Iocunda
1077 1488 1256 1546 quidem
1290 1488 1523 1540 conclusio,
1553 1502 1654 1531 cum

188 1560 385 1616 potestas
410 1557 587 1615 publica
612 1557 674 1601 sic
698 1557 850 1601 studet
872 1572 1072 1615 praeesse
1099 1561 1151 1600 ut
1178 1558 1225 1600 in
1253 1557 1547 1601 uniuersitate
1574 1571 1656 1600 sua

129 1639 172 1665 ²0
189 1627 364 1671 tristem
383 1627 575 1684 aliquem
603 1642 697 1671 esse
720 1642 810 1670 non
839 1627 1050 1684 patiatur.
1109 1627 1209 1680 Qua
1237 1641 1344 1670 uero
1371 1630 1467 1670 arte
1493 1627 1539 1670 id
1566 1627 1656 1677 fiet,

189 1697 368 1741 moralis
382 1711 564 1754 campus
577 1697 802 1740 subiectus
822 1697 1058 1754 exequitur
1072 1700 1201 1740 tanta
1216 1697 1395 1754 quidem
1415 1697 1657 1739 amenitate

187 1767 347 1810 florum
379 1769 425 1810 et
459 1766 687 1810 fructuum
722 1767 926 1815 ubertate
957 1770 1021 1818 ut,
1055 1767 1093 1810 si
1128 1766 1228 1824 quis
1263 1781 1364 1810 eum
1395 1756 1656 1823 ingreditur,

189 1874 211 1900 2
238 1864 386 1902 locutus
403 1864 444 1900 M
608 1865 632 1901 6
656 1862 934 1911 impudentior]
952 1863 1158 1911 pudentior
1174 1863 1215 1900 M
1385 1874 1426 1900 12
1452 1863 1658 1910 hylaritate

189 1911 231 1948 M
375 1913 418 1948 18
442 1917 520 1958 poet
536 1912 703 1949 Iocunda
717 1914 804 1949 add.
822 1911 855 1948 si
873 1911 913 1948 M

189 2001 319 2046 inquit,
337 2001 473 2046 optima
489 2005 521 2036 et
538 2001 804 2046 locutusfuerit
820 2011 964 2046 pauea3
988 1999 1104 2036 Walt.
1121 1999 1261 2046 Burley
1283 2001 1327 2035 de
1347 2000 1429 2035 Vita
1446 2004 1479 2035 et
1494 2000 1661 2035 Moribus

188 2048 486 2094 Philosophorum
496 2059 528 2084 c.
538 2058 585 2093 30
598 2048 671 2092 (ed.
684 2047 813 2084 Colon.
832 2056 931 2092 1472,
943 2059 980 2093 p.
991 2047 1054 2092 26)
1068 2047 1270 2091 (Socrates)
1287 2049 1528 2093 inter-noyatus
1540 2049 1579 2082 in
1591 2058 1661 2093 quo

189 2096 272 2142 quis
285 2097 432 2140 famam
455 2096 584 2132 bonam
608 2097 790 2142 aequime
808 2100 935 2140 posset,
955 2097 1030 2130 ait:
1058 2096 1067 2112 ‘
1081 2096 1122 2131 Si
1142 2097 1288 2140 gesserit
1305 2097 1441 2140 optima
1467 2100 1499 2130 et
1523 2096 1663 2130 locutu-5

180 2143 302 2188 suerit
315 2142 458 2188 pauca)
553 2153 574 2188 3
600 2144 689 2178 dicit
703 2144 877 2178 stillasse:
905 2154 994 2178 nam
1012 2142 1078 2188 qui
1094 2154 1216 2188 pauca
1232 2142 1414 2188 loquitur,
1430 2142 1574 2178 stillare
1591 2142 1663 2178 elo-

190 2189 320 2235 quium
338 2189 413 2226 dici
430 2190 566 2236 potest.
693 2200 716 2234 4
740 2191 803 2236 qui
827 2191 922 2225 enim
948 2191 1043 2226 etc.:
1069 2202 1101 2226 v.
1127 2189 1200 2226 Iac.
1223 2189 1278 2226 iii.
1297 2200 1329 2226 2.
1460 2191 1660 2236 delinquit:

189 2238 339 2282 offendit
350 2236 422 2272 vul
453 2265 461 2273 .
607 2245 626 2284 5
651 2238 694 2274 Si
781 2239 852 2273 ndo
870 2239 966 2274 etc.:
995 2236 1061 2273 Iob
1078 2236 1179 2273 xxix.
1199 2247 1256 2282 24.
1414 2246 1434 2281 7
1459 2238 1600 2273 Stultus
1620 2239 1662 2272 in

191 2286 271 2319 risu
288 2285 383 2320 etc.:
444 2283 516 2321 ccli
532 2284 607 2320 xxi.
628 2295 671 2329 23
691 2296 715 2320 u
743 2284 756 2319 i
773 2287 902 2320 tamen
924 2284 1068 2330 legitur
1088 2286 1231 2320 Fatuus
1255 2296 1322 2330 pro
1346 2286 1494 2320 Stultus.
1639 2285 1662 2320 8

191 2332 480 2376 Saluatorfleuit
495 2342 505 2368 ε
530 2344 562 2368 v.
583 2330 702 2386 Epist.
720 2343 816 2378 quae
833 2331 974 2368 dicitur
991 2331 1144 2368 Lentuli
1169 2332 1216 2368 ad
1238 2331 1273 2368 S.
1283 2331 1321 2367 P.
1331 2331 1421 2376 ΩΒ..
1441 2331 1497 2371 (in
1515 2331 1663 2368 Fabric.

197 2379 280 2414 0001.
293 2380 495 2425 Apocryph.
506 2381 553 2415 N.
568 2380 609 2416 T.
624 2391 648 2415 1.
689 2380 757 2416 οι*
770 2382 863 2425 seq.)
882 2379 928 2416 de
947 2378 1097 2415 Christo
1113 2391 1122 2414 :
1146 2392 1334 2426 nunquam
1350 2381 1455 2415 uisus
1470 2385 1520 2415 est
1532 2381 1664 2424 ridere,

185 2427 278 2471 flere
302 2431 419 2462 autem
440 2438 567 2472 ωορκ
592 2427 640 2463 cf.
659 2390 749 2463 Ῐῖιιο.
769 2426 844 2463 xix.
861 2437 919 2472 41,
938 2426 1070 2463 Ioann.
1095 2427 1145 2464 xi.
1163 2436 1219 2473 35.
1269 2427 1322 2462 De
1347 2427 1419 2462 hoc
1445 2427 1662 2473 apocrypho

193 2472 278 2509 vide
302 2484 398 2518 quae
422 2472 541 2510 fusius
564 2473 742 2511 disseruit
765 2474 822 2510 vir
845 2473 1088 2511 doctissimus
1105 2473 1148 2511 E.
1165 2486 1237 2510 von
1259 2473 1472 2511 Dobschfitz
1495 2474 1535 2510 in
1556 2475 1664 2510 Texta

194 2521 274 2556 und
295 2521 608 2567 Untersuchunyen
630 2521 723 2557 xviii
744 2520 851 2568 (=N.
867 2521 907 2557 F.
924 2521 984 2567 iii)
1003 2533 1066 2568 pp.
1085 2523 1200 2568 308”
1216 2534 1339 2568 seqq.;
1364 2522 1470 2558 cuius
1492 2521 1585 2558 haee
1606 2524 1664 2559 est

196 2565 392 2603 sententia
403 2569 456 2613 (p.
477 2570 627 2613 330**):
645 2571 654 2588 ‘
667 2568 751 2604 Wir
766 2573 915 2606 mussen
930 2581 1000 2605 uns
1016 2569 1096 2606 also
1113 2569 1234 2606 damit
1251 2570 1465 2616 begntigen‚
1479 2568 1520 2604 in
1539 2569 1664 2606 dieser

195 2614 646 2663 Personalbeschreibung
669 2616 732 2652 ein
755 2616 922 2652 Produkt
945 2617 1281 2653 abendlandischer
1307 2616 1665 2654 Monchslitteratur

196 2662 263 2698 des
290 2671 343 2706 13.
362 2661 453 2698 oder
468 2662 715 2708 angehenden
739 2672 790 2708 14.
806 2663 1087 2701 Jahrhunderts
1110 2676 1156 2700 zu
1182 2664 1389 2707 erblicken‚
1407 2664 1565 2700 welches
1589 2675 1663 2700 von

196 2709 284 2745 dem
297 2707 535 2745 kirchlichen
548 2710 815 2746 Humanismus
827 2711 892 2748 des
909 2720 962 2757 15.
975 2711 1052 2747 und
1070 2713 1121 2748 16.
1135 2712 1159 2748 J
1161 2712 1414 2748 ahrhunderts
1427 2711 1663 2758 umgebildet

197 2755 277 2791 und
293 2755 333 2791 in
350 2755 418 2792 der
440 2767 562 2793 neuen
582 2756 693 2793 Form
710 2757 782 2794 mit
807 2770 954 2804 grosser
968 2758 1147 2796 Vorliebe
1169 2759 1338 2806 gepflegt
1361 2759 1437 2795 und
1459 2759 1663 2796 verbreitet

197 2803 352 2840 worden
362 2801 436 2839 ist-2
471 2802 544 2840 Sed
557 2803 781 2850 antiquioris
792 2805 932 2842 saeculi
949 2817 1028 2842 esse
1044 2806 1083 2842 id
1099 2806 1235 2844 saltem
1252 2807 1352 2852 quod
1365 2807 1411 2842 de
1425 2806 1574 2843 Christo
1587 2806 1663 2842 risu

199 2853 240 2888 et
252 2850 418 2886 lacrimis
433 2862 495 2897 ap.
507 2851 516 2869 ‘
528 2850 734 2887 Lentulum
745 2851 754 2866 '
768 2851 917 2896 dicitur,
934 2863 982 2889 ex
998 2852 1069 2890 hoc
1085 2853 1169 2890 loco
1186 2854 1339 2890 Ioannis
1356 2854 1470 2900 plane
1487 2857 1662 2907 apparet.

203 2908 240 2935 11
261 2899 312 2933 E't
329 2899 395 2933 lux
410 2900 506 2934 etc.:
533 2897 600 2934 Iob
618 2898 719 2935 xxix.
747 2909 802 2943 24.
949 2910 992 2945 14
1015 2901 1058 2936 Si
1077 2902 1269 2937 noluissem
1286 2902 1374 2937 etc.:
1404 2901 1472 2938 Iob
1488 2913 1589 2937 mx.
1607 2910 1665 2947 25.

255 2978 338 2996 wan
889 2968 916 2995 B
943 2969 966 2996 1·
1490 2974 1554 3008 305
