1994 3190
191 180 280 230 406
298 189 329 219 a
675 175 936 220 IOANNIS
975 175 1489 220 SARESBERIENSIS
1667 175 1786 235 [mm
1797 187 1817 219 1

345 296 640 340 ioculatorum
669 311 799 339 scena
828 296 1039 354 procedit.
1098 295 1297 349 Quorum
1327 296 1437 339 adeo
1464 311 1587 339 error
1610 295 1816 348 inualuit,

346 370 399 408 ut
419 381 446 408 a
465 365 702 423 praeclaris
722 365 926 408 domibus
945 381 1036 409 non
1062 369 1309 416 arceantur,
1329 366 1465 408 etiam
1485 366 1551 408 illi
1572 366 1649 423 qui
1669 366 1816 409 obsce-

346 435 417 478 nis
437 435 642 492 partibus
661 435 855 492 corporis
884 435 1023 478 oeulis
1053 435 1251 478 omnium
1272 450 1368 478 eam
1389 435 1600 493 ingerunt
1620 435 1814 492 turpitu-

347 504 510 556 dinem,
531 519 663 561 quam
688 504 917 547 erubescat
936 504 1087 547 uidere
1107 505 1178 547 uel
1195 504 1377 548 cinicus.
1439 505 1654 561 Quodque
1674 504 1817 562 magis

347 573 518 624 mirere,
548 587 628 616 nec
658 577 765 616 tunc
801 573 1035 625 eiciuntur,
1062 573 1239 630 quando
1273 574 1599 616 tumultuantes
1628 573 1817 617 inferius
1834 589 1856 624 5

346 643 501 686 crebro
531 642 682 685 sonitu
713 657 858 685 aerem
891 641 1058 692 sedant,
1086 645 1132 685 et
1165 643 1358 699 turpiter
1388 642 1607 686 inclusum
1640 643 1818 700 turpius

299 714 329 751 b
347 712 555 769 produnt.
630 712 862 768 Numquid
894 712 977 754 tibi
1010 712 1191 754 uidetur
1228 712 1416 768 sapiens,
1451 712 1527 768 qui
1563 713 1711 755 oculos
1745 712 1818 755 uel

347 796 477 824 aures
506 782 605 824 istis
636 781 884 838 expandit3
943 781 1054 834 Quis
1080 784 1231 824 tamen
1255 781 1444 824 libenter
1473 796 1562 824 non
1589 781 1742 824 uideat
1772 783 1818 824 et

276 876 285 887 ·
347 851 504 903 rideat,
544 866 644 894 cum
684 851 1037 908 praestigiatoris
1075 851 1184 894 lotio
1223 850 1393 908 perfusi
1437 865 1509 893 ars
1549 851 1732 902 deletur,
1772 853 1818 894 et

346 921 498 973 oculis,
534 935 643 977 quos
683 920 856 962 malitia
895 935 975 963 sua
1014 920 1376 977 praestrinxerat,
1407 920 1590 963 uidendi
1626 919 1817 964 facultas
1839 933 1882 958 ιο

348 990 613 1047 reparatur?
691 989 936 1032 Iocundum
984 990 1161 1046 quidem
1202 993 1270 1033 est
1309 993 1354 1032 et
1393 989 1450 1032 ab
1494 990 1680 1032 honesto
1726 1004 1817 1033 non

349 1059 516 1102 recedit
541 1059 689 1101 uirum
716 1059 903 1115 probum
925 1059 1188 1115 quandoque
1217 1059 1417 1102 modesta
1446 1059 1674 1102 hilaritate
1704 1059 1816 1102 mul-

349 1129 451 1181 ceri,
472 1128 548 1171 sed
568 1127 910 1185 ignominiosum
932 1131 999 1171 est
1018 1128 1287 1186 grauitatem
1308 1129 1610 1172 huiuscemodi
1634 1129 1818 1172 lasciuia

350 1198 607 1254 frequenter
627 1197 800 1240 resolui.
859 1197 931 1240 Ab
951 1197 1050 1240 istis
1070 1212 1243 1254 quoque
1265 1198 1525 1255 spectaculis
1550 1201 1596 1241 et
1620 1198 1815 1242 maxime

350 1268 408 1310 ab
439 1266 638 1310 obscenis
673 1266 847 1309 honesti
883 1267 970 1309 uiri
1006 1267 1220 1310 arcendus
1251 1270 1319 1310 est
1348 1267 1511 1318 oculus,
1541 1283 1596 1310 ne
1629 1267 1816 1310 inconti·
1839 1281 1880 1317 15

350 1337 504 1380 nentia
525 1336 619 1379 eius
637 1336 800 1378 mentis
821 1350 993 1392 quoque
1014 1336 1337 1393 impudicitiam
1359 1336 1567 1380 fateatur.
1629 1337 1818 1394 Egregie

351 1405 569 1462 siquidem
605 1404 864 1461 Sophoclem
902 1407 1150 1461 praetorem
1187 1405 1354 1462 collega
1388 1405 1575 1448 Pericles
1614 1420 1818 1463 arguens,

309 1490 334 1518 c
351 1475 442 1517 ait:
488 1474 626 1516 Decet
655 1476 915 1530 praetorem,
946 1474 1172 1531 Sophocle,
1201 1489 1290 1517 non
1320 1467 1450 1518 modo
1477 1490 1634 1517 manus
1665 1475 1742 1518 sed
1771 1478 1818 1518 et

351 1544 499 1587 oculos
534 1543 695 1586 habere
727 1543 1015 1586 continentes.
1089 1543 1268 1596 Auerte,
1299 1544 1446 1601 inquit
1485 1545 1627 1595 homo,
1657 1544 1728 1587 cui
1761 1544 1816 1588 de

351 1613 476 1670 regni
490 1613 720 1655 maiestate
736 1612 878 1655 multa
893 1613 1098 1666 licebant,
1111 1613 1258 1657 oculos
1270 1628 1400 1666 meos,
1415 1629 1470 1656 ne
1486 1614 1669 1656 uideant
1689 1614 1814 1656 uani·
1837 1626 1882 1651 πο

351 1687 517 1725 tatem:
558 1682 699 1725 sciens
738 1682 892 1738 utique
932 1697 1087 1725 uerum
1124 1697 1216 1725 esse
1251 1682 1368 1739 quod
1407 1682 1521 1725 alius
1553 1683 1817 1740 ingemiscit,

351 1752 458 1809 quia
477 1751 629 1795 oculus
649 1766 773 1794 meus
802 1751 1096 1808 depraedatus
1116 1755 1184 1795 est
1203 1752 1395 1794 animam
1420 1767 1575 1796 meam.
1636 1752 1819 1795 Verum·

354 1826 504 1864 tamen
529 1820 636 1877 quid
664 1820 711 1862 in
741 1821 928 1878 singulis
956 1821 1096 1878 prosit
1123 1821 1194 1864 uel
1222 1821 1385 1872 deceat,
1405 1821 1579 1864 animus
1605 1821 1819 1878 sapientis

354 1890 563 1940 aduertit,
596 1904 675 1933 nec
710 1890 918 1947 apologos
950 1890 1120 1948 refugit
1153 1895 1234 1934 aut
1264 1891 1539 1933 narrationes
1569 1894 1650 1933 aut
1685 1906 1817 1947 quae-

352 1974 540 2016 cumque
574 1960 835 2016 spectacula,
870 1960 976 2003 dum
1015 1961 1199 2004 uirtutis
1239 1964 1319 2023 aut
1358 1961 1566 2003 honestae
1606 1960 1818 2004 utilitatis
1839 1975 1881 2010 ²5

354 2030 548 2072 habeant
568 2029 925 2073 instrumentum.
986 2030 1145 2073 Sacrae
1175 2030 1351 2088 quidem
1379 2030 1699 2074 communionis
1718 2035 1818 2087 gra-

354 2099 463 2142 tiam
486 2098 777 2141 histrionibus
802 2103 846 2142 et
871 2100 1030 2151 mimis,
1051 2100 1156 2142 dum
1179 2100 1225 2142 in
1250 2099 1422 2142 malitia
1446 2103 1742 2156 perseuerant‚
1765 2114 1820 2143 ex

354 2168 619 2211 auctoritate
651 2165 954 2224 patrum'non
990 2169 1178 2226 ambigis
1211 2183 1302 2211 esse
1338 2168 1623 2225 praeclusam.
1693 2169 1821 2213 Vnde

354 2237 461 2294 quid
503 2236 754 2279 fautoribus
786 2251 936 2279 eorum
972 2238 1203 2281 immincat
1233 2237 1414 2294 colligis,
1450 2237 1486 2279 si
1523 2237 1736 2280 facientes
1776 2241 1822 2281 et

355 2375 375 2410 3
402 2363 568 2411 eorporis
611 2363 756 2400 artibus
775 2363 805 2398 A
925 2373 945 2408 7
972 2363 1149 2410 Nunquid
1169 2363 1207 2399 Μ
1332 2374 1372 2400 12
1398 2362 1602 2410 hylaritate
1622 2362 1661 2398 M
1778 2373 1819 2409 17

383 2412 503 2448 erides
520 2412 580 2447 CB
733 2421 772 2447 2¹
803 2410 947 2447 sciebat
965 2411 994 2446 P
1094 2422 1137 2447 22
1164 2411 1458 2458 verumptamen
1478 2411 1531 2446 A:
1559 2411 1821 2448 Veruntamen

539 2470 585 2505 29
611 2458 842 2495 sanctoribus
861 2458 918 2493 As

407 2575 675 2628 17'Sophoclem
693 2575 786 2610 etc.:
816 2585 845 2608 v.
865 2572 939 2609 Cic.
958 2575 1000 2608 de
1020 2574 1085 2617 Off.
1107 2572 1128 2608 i.
1150 2584 1207 2617 40.
1412 2582 1454 2618 ¹9
1479 2575 1612 2608 Auerte
1629 2574 1704 2609 etc.
1721 2585 1729 2610 ε
1758 2573 1818 2610 Pe.

356 2621 479 2658 cxv1i1.
501 2631 555 2667 37.
727 2631 773 2656 20
796 2622 914 2656 oculos
932 2633 1024 2655 meon
1041 2623 1137 2657 ete:
1163 2620 1299 2656 'Phrem
1319 2619 1371 2656 iii.
1421 2630 1448 2655 ι.
1616 2622 1661 2656 26
1686 2622 1821 2657 Sacrae

357 2672 453 2704 ote:
499 2670 631 2703 mem.
671 2667 736 2706 111.
771 2668 816 2705 de
850 2679 1016 2703 consecr.
1049 2668 1136 2704 dist.
1167 2678 1199 2708 2.
1231 2680 1261 2703 c.
1297 2676 1339 2714 95
1372 2671 1380 2686 ⁴
1424 2678 1462 2702 ro
1496 2666 1724 2704 dilectione'
1745 2668 1819 2714 (ed.

358 2715 569 2759 Friedbcrg.
612 2715 633 2751 i.
677 2723 777 2762 ¹352>
812 2714 1101 2751 ‘conmnlendum
1122 2742 1129 2750 .
1149 2742 1182 2751 ..
1204 2727 1251 2750 an
1287 2714 1427 2750 talibus
1460 2726 1565 2751 sacra
1601 2714 1819 2753 communio

354 2775 439 2799 011111
467 2763 602 2799 ceteris
628 2762 855 2798 (ΗΠ-1111101118
879 2762 1017 2799 debeat
1042 2762 1147 2799 dari'
1174 2771 1233 2806 (cx
1261 2762 1370 2809 Cypr.
1398 2761 1463 2798 lib.
1490 2762 1512 2798 i.
1541 2774 1599 2810 ep.
1632 2764 1688 2809 ιο)
1717 2762 1820 2800 Ivon.

355 2812 507 2847 eun-not.
533 2812 664 2846 meree.
683 2810 721 2846 ii.
741 2821 795 2856 31.

463 2884 508 2926 48
