1994 3190
195 193 299 226 ou.
316 179 397 242 111]
707 180 1142 226 POLICRATICVS
1680 188 1760 229 543
1779 189 1804 218 0

198 301 375 359 templo,
401 301 560 345 docens
587 315 761 344 omnem
788 300 1133 358 negotiationem
1160 300 1542 344 exterminandam
1570 314 1663 344 esse

197 385 226 414 a
245 371 375 414 domo
394 370 618 414 orationis.
676 370 732 412 In
758 370 858 413 aliis
885 384 991 412 uero
1019 370 1101 412 etsi
1129 371 1239 413 assit
1266 370 1518 414 diuinitatis
1538 385 1662 429 prae-

197 440 352 491 sentia,
382 439 612 497 plenitudo
643 439 738 482 eius
776 439 824 481 in
862 439 1085 496 praesenti
1115 453 1394 496 nequaquam
1425 440 1552 484 adest
1586 440 1663 483 sed

196 522 510 566 usquequaque
541 508 679 552 latere
714 523 803 551 non
834 510 992 565 potest.
1064 508 1145 551 Est
1175 508 1316 565 igitur
1346 509 1393 551 in
1433 510 1663 553 maiestate

159 588 178 623 5
197 578 424 632 mirabilis,
454 577 720 621 uenerabilis
750 578 798 620 in
827 577 1058 635 sapientia,
1089 592 1117 620 a
1145 576 1343 620 bonitate
1374 578 1587 630 amabilis,
1618 583 1664 622 et

197 648 315 691 hunc
352 647 522 691 cultum
560 647 675 691 citra
713 661 888 691 omnem
927 646 1211 690 medietatem
1251 649 1399 704 potest
1437 647 1477 689 ei
1521 647 1663 691 fidelis

196 716 449 774 impendere
483 719 696 760 creatura.
773 715 891 770 Quid
924 715 1042 759 enim
1077 729 1251 759 necesse
1285 718 1354 758 est
1385 715 1442 758 ad
1485 716 1578 767 hoc,
1610 720 1663 759 ut

197 799 298 829 eum
322 786 557 829 timeamus
576 799 839 829 ueneremur
866 787 911 828 et
937 784 1208 842 diligamus?
1267 783 1326 827 Et
1352 784 1423 829 hic
1451 788 1519 827 est
1546 784 1661 828 forte
1678 788 1706 827 d

198 851 425 896 funiculus
456 851 622 910 triplex
650 852 770 895 inter
798 854 1039 895 creatorem
1070 854 1116 894 et
1145 853 1394 895 creaturam
1424 851 1501 908 qui
1533 850 1662 895 facile

140 935 182 962 10
199 921 313 965 solui
339 935 429 965 non
455 924 612 979 potest.
673 921 761 965 Sed
788 921 984 965 omnium
1012 921 1292 964 tenacissima
1316 923 1384 964 est
1403 920 1473 963 uis
1492 921 1667 964 amoris.

199 989 376 1035 Caritas
410 991 627 1048 siquidem
665 1005 908 1048 numquam
942 990 1118 1042 excidit,
1152 1004 1241 1048 qua
1270 990 1307 1034 si
1348 989 1448 1048 quis
1482 990 1666 1034 adheret

198 1059 306 1112 Deo,
335 1060 492 1104 unitur
525 1060 565 1104 ei
600 1063 646 1104 et
676 1075 777 1105 cum
809 1075 860 1104 eo
891 1074 1008 1103 unus
1042 1060 1227 1118 spiritus
1255 1062 1350 1112 est;
1390 1059 1545 1117 utique
1585 1060 1661 1117 qui

199 1129 355 1173 unitur
383 1129 424 1173 ei
451 1132 497 1173 et
526 1130 599 1180 sic,
628 1132 681 1173 ut
710 1144 826 1173 unus
855 1130 1039 1187 spiritus
1069 1129 1141 1181 sit,
1172 1128 1407 1173 familiaris
1438 1132 1506 1172 est
1535 1131 1581 1172 et
1610 1129 1668 1172 ab

199 1198 408 1256 obsequio
436 1198 541 1253 eius,
570 1199 688 1256 quod
715 1202 783 1243 est
811 1200 859 1242 in
886 1199 1059 1257 spiritu,
1078 1199 1217 1244 arceri
1246 1213 1336 1242 non
1366 1201 1523 1256 potest.
1584 1198 1666 1242 Ille

142 1281 182 1316 15
200 1271 349 1312 autem
376 1268 522 1312 cultus
548 1268 624 1326 qui
647 1269 696 1312 in
723 1269 954 1312 exterioris
980 1269 1125 1326 operis
1151 1268 1425 1312 exhibitione
1454 1268 1668 1319 consistit,

199 1337 345 1382 medio
374 1338 556 1395 indiget,
587 1353 638 1383 eo
668 1339 785 1396 quod
820 1339 877 1382 ad
919 1338 1127 1396 spiritum
1156 1337 1395 1396 corporalis
1424 1338 1552 1381 nobis
1579 1352 1669 1381 non

199 1409 325 1464 patet
363 1421 582 1460 accessus;
629 1407 745 1464 quod
781 1411 827 1452 et
866 1408 992 1450 illum
1029 1408 1212 1465 planum
1247 1415 1314 1450 est
1349 1407 1558 1457 docuisse,
1594 1408 1669 1464 qui

200 1476 247 1519 in
270 1475 551 1520 Samaritana
579 1476 818 1520 Ecclesiam
845 1477 1070 1520 instruens
1096 1477 1187 1520 ait:
1218 1476 1415 1534 Spiritus
1442 1481 1510 1520 est
1537 1477 1670 1527 Deus

203 1547 248 1588 et
280 1559 352 1588 eos
384 1545 461 1602 qui
495 1545 654 1589 uolunt
688 1546 884 1596 adorare,
914 1546 961 1589 in
996 1547 1158 1604 spiritu
1188 1549 1235 1590 et
1269 1546 1459 1590 ueritate
1494 1550 1670 1604 oportet

143 1632 187 1659 ιο
203 1614 399 1658 adorare.
459 1614 522 1657 Vt
558 1617 708 1657 tamen
740 1615 797 1657 ad
831 1615 1042 1658 thronum
1078 1616 1198 1658 illius
1234 1630 1508 1672 quocumque
1540 1615 1670 1658 modo

202 1684 471 1728 humilitatis
490 1687 667 1728 nostrae
687 1684 951 1728 conscendat
970 1685 1207 1728 infimitas
1226 1688 1272 1727 et
1292 1685 1486 1742 aliquam
1508 1685 1671 1728 habeat
1688 1693 1767 1733 544
1790 1694 1819 1721 a

202 1753 435 1796 materiam
472 1754 747 1806 meritorum,
780 1754 1044 1798 sensualiter
1076 1754 1161 1798 coli
1196 1753 1341 1797 uoluit
1376 1753 1453 1811 qui
1492 1768 1670 1797 sensum

202 1822 352 1875 dedit3
393 1825 439 1867 et
473 1823 550 1881 qui
590 1824 786 1867 animam
827 1823 1094 1882 glorificabit
1133 1827 1179 1866 et
1217 1838 1406 1876 carnem,
1437 1824 1669 1881 utriusque

202 1891 376 1935 fidelem
406 1893 577 1950 expetit
607 1892 886 1936 famulatum.
947 1893 1005 1937 Se
1035 1907 1209 1950 quoque
1238 1893 1383 1936 uoluit
1413 1893 1547 1936 etiam
1578 1907 1670 1937 cor-

144 1979 185 2014 ²5
203 1961 416 2019 poraliter
447 1962 656 2006 honorari
690 1966 742 2006 ut
782 1963 1021 2020 quantauis
1055 1963 1245 2006 tarditas
1280 1963 1558 2006 infidelitatis
1592 1968 1671 2007 aut

202 2030 498 2089 negligentiae
527 2032 855 2076 excusationem
884 2046 974 2075 non
1003 2032 1179 2075 habeat.

287 2120 393 2180 Cap.
413 2137 453 2175 4.
493 2123 558 2167 De
576 2123 832 2167 ‘reuerentia
847 2138 1154 2180 pov-sommam
1174 2127 1213 2167 et
1232 2137 1400 2174 rerum,
1421 2128 1460 2167 et
1480 2129 1587 2181 quot

566 2187 714 2231 modis
727 2201 923 2244 persona
942 2186 1002 2230 sit
1021 2186 1307 2231 uenerabilis.

263 2259 530 2304 Reuerentia
570 2276 674 2320 ergo
716 2276 828 2319 quae
868 2262 1155 2319 corporaliter
1191 2261 1476 2319 impenditur,
1511 2266 1592 2306 aut
1627 2263 1672 2305 in

144 2346 189 2381 30
206 2329 404 2385 personis
441 2330 643 2374 consistit
677 2333 756 2374 aut
787 2331 835 2373 in
869 2331 1010 2375 rebus.
1082 2330 1374 2374 Personarum
1413 2345 1520 2375 uero
1559 2332 1674 2374 ratio

206 2399 798 2456 micaria„
816 2419 883 2456 SM
981 2430 1024 2464 14
1049 2419 1183 2465 arcad]
1201 2419 1353 2465 arguiB
1451 2430 1499 2456 20
1521 2421 1676 2457 tronum

204 2463 240 2500 A
381 2475 424 2510 27
447 2471 528 2511 post
551 2467 765 2505 reverentia
787 2470 871 2503 add.
897 2468 936 2504 et
955 2466 1059 2504 C’AS
1084 2470 1126 2503 in
1151 2469 1270 2503 indice
1363 2479 1610 2514 personarum
1637 2470 1675 2505 et

205 2510 345 2557 rerum]
364 2522 489 2549 rerum
506 2525 749 2560 personarum
765 2513 847 2552 c¹S¹
866 2517 907 2550 in
924 2517 1042 2551 indice
1184 2524 1231 2561 29
1248 2513 1480 2552 Deuerentia
1497 2514 1536 2550 M

257 2596 279 2630 9
294 2588 491 2630 funiculus
511 2590 644 2635 triplex
666 2591 758 2628 etc.:
785 2602 817 2627 v.
836 2589 976 2627 Eccles.
995 2590 1042 2626 iv.
1064 2600 1128 2633 125
1154 2602 1263 2636 quem
1289 2590 1415 2627 locum
1439 2590 1611 2637 plerique
1629 2591 1676 2627 de

207 2632 396 2670 Trinitate
413 2634 657 2682 interpretati
674 2638 773 2682 sunt,
786 2649 897 2674 nemo
908 2640 1038 2675 autem
1054 2638 1169 2685 (quod
1183 2637 1317 2679 sciam)
1330 2640 1484 2686 praeter
1496 2638 1675 2675 Nostrum

208 2681 255 2717 de
273 2679 422 2725 timore,
439 2683 696 2729 ueneratione,
713 2684 931 2722 dilectione.
1138 2696 1177 2722 11
1211 2686 1357 2721 Caritas
1374 2687 1445 2723 etc.
1463 2697 1472 2721 τ
1499 2698 1532 2722 v.
1555 2697 1568 2722 1
1590 2685 1674 2722 Cor.

208 2726 289 2764 xiii.
309 2729 342 2771 8,
360 2727 407 2763 vi.
429 2738 482 2773 17.
645 2733 685 2768 18
710 2733 740 2768 S
770 2734 872 2768 ‘ritus
887 2738 937 2768 est
956 2734 1055 2769 Deus
1071 2734 1169 2770 etc.:
1196 2732 1327 2768 Ioann.
1345 2732 1393 2768 iv.
1413 2744 1469 2778 24.
1636 2743 1676 2778 19

208 2775 337 2810 uolunt
354 2777 528 2812 adorare:
552 2778 711 2814 adorant
726 2744 838 2826 irulg.
996 2790 1043 2826 29
1065 2781 1306 2817 Reum-entia:
1334 2780 1392 2817 Ad
1409 2781 1678 2817 Institutionem

211 2823 371 2858 Traiani
387 2823 526 2860 revexti
546 2823 708 2862 videtur.

263 2893 344 2912 wass
883 2887 909 2914 P
935 2887 963 2926 p
1499 2882 1565 2924 289
