1994 3190
0 488 8 541 ἐ

0 539 8 616 l

195 189 294 224 cir.
309 179 379 236 π]
708 176 1146 223 PomoRA'rIovs

193 296 420 340 Assistant
445 309 550 353 ergo
579 295 620 339 ei
651 294 835 338 Nathan
863 295 1082 352 propheta
1111 298 1157 338 et
1183 295 1357 340 Sadoch
1383 297 1585 341 sacerdos
1613 301 1659 341 et

193 364 344 408 fideles
369 364 452 408 filii
475 363 804 422 prophetarum,
824 363 901 420 qui
927 378 1027 406 eum
1055 379 1083 406 a
1105 364 1201 421 lege
1228 365 1410 408 Domini
1437 367 1658 411 diuertere

190 448 282 478 non
316 433 558 491 patiantur,
593 436 639 476 et
674 446 808 490 quam
842 432 936 490 ipse
971 432 1108 475 oculis
1143 433 1292 476 animo
1327 450 1417 478 non
1448 436 1658 489 ostendit,

192 503 357 561 linguis
390 502 482 546 suis
516 501 813 553 introducant,
844 501 970 558 quasi
1003 501 1194 558 quodam
1225 504 1400 546 aurium
1430 506 1555 556 ostio,
1584 505 1657 548 lit·

153 583 174 618 5
192 572 336 616 terati.
396 571 536 629 Legat
570 571 721 628 itaque
750 585 875 613 mens
905 570 1117 628 principis
1146 571 1193 613 in
1223 571 1378 628 lingua
1407 574 1659 626 sacerdotis,

191 644 238 685 et
286 641 495 698 quicquid
546 640 773 698 egregium
821 639 946 684 uidet
992 639 1040 682 in
1084 640 1293 691 moribus,
1339 642 1465 697 quasi
1515 643 1657 700 legem

190 710 372 754 Domini
391 713 640 754 ueneretur.
699 709 817 752 Nam
843 709 942 752 uita
971 712 1017 752 et
1043 708 1198 766 lingua
1224 710 1502 753 sacerdotum
1530 713 1657 768 quasi

191 779 372 838 quidam
411 779 532 823 uitae
571 779 684 822 liber
729 781 797 822 est
846 778 893 821 in
933 778 1046 822 facie
1085 778 1363 835 populorum.
1439 779 1503 822 Eo
1543 779 1659 824 forte

189 852 362 907 spectat
382 849 499 907 quod
519 848 721 906 exempla
743 847 854 906 legis
882 862 910 891 a
935 847 1235 891 sacerdotibus
1263 847 1487 892 Leuiticae
1515 849 1659 892 tribus

133 937 175 963 ιο
191 918 371 962 iubetur
404 918 592 971 assumi;
631 917 736 974 quia
766 916 1091 975 praedicatione
1121 931 1273 960 eorum
1303 917 1435 960 debet
1463 920 1659 974 potestas

189 987 411 1032 commissi
440 987 728 1044 magistratus
757 986 1057 1044 gubernacula
1083 986 1315 1030 moderari.
1377 986 1470 1030 Nec
1501 1001 1659 1044 expers

189 1056 370 1100 omnino
393 1056 594 1100 lectionis
618 1059 686 1100 cst
712 1055 801 1113 qui,
821 1055 904 1099 etsi
930 1055 1024 1112 ipse
1050 1070 1140 1099 non
1167 1055 1288 1113 legit,
1310 1070 1423 1113 quae
1447 1056 1660 1114 leguntur

189 1126 247 1169 ab
273 1126 373 1169 aliis
401 1125 592 1169 fideliter
618 1125 756 1169 audit.
816 1125 903 1179 Qui
928 1139 1035 1168 uero
1061 1128 1270 1168 neutrum
1298 1124 1420 1177 facit,
1441 1125 1660 1182 quomodo

189 1194 238 1238 in
272 1197 528 1252 contemptu
561 1194 785 1252 praecepti
825 1194 943 1252 quod
982 1194 1255 1252 praecipitur
1289 1194 1480 1238 fideliter
1518 1194 1658 1238 adim·

131 1282 172 1318 ¹5
189 1263 360 1322 plebit?
418 1262 667 1308 Concursus
687 1278 878 1321 namque
899 1263 1256 1307 desiderabilium
1272 1264 1469 1308 omnium
1486 1264 1658 1321 sapien·

187 1333 279 1377 tiae
317 1332 505 1377 accessio
545 1335 622 1376 est.
696 1333 960 1376 Tholomeus
1005 1333 1062 1376 ad
1101 1333 1327 1377 cumulum
1367 1333 1659 1377 beatitudinis

188 1416 335 1446 nonne
355 1402 439 1446 sibi
459 1402 629 1460 aliquid
648 1402 797 1446 deesse
817 1402 1007 1446 credidit
1031 1403 1180 1454 donec,
1201 1403 1352 1448 accitis
1373 1403 1658 1461 septuaginta

189 1471 519 1530 interpretibus,
558 1471 662 1515 licet
699 1471 882 1529 gentilis
921 1475 1048 1523 esset,
1087 1472 1230 1530 legem
1277 1472 1459 1516 Domini
1506 1472 1659 1516 Grecis

187 1541 563 1586 communicauit?
612 1542 763 1586 Nichil
779 1542 897 1586 enim
918 1542 1057 1586 refert
1076 1557 1135 1586 an
1150 1543 1416 1600 interpretes
1437 1542 1484 1584 in
1505 1541 1658 1585 eadem

129 1631 175 1656 20
190 1611 348 1656 cellula
365 1611 502 1655 clausi
523 1611 793 1655 contulerint
813 1627 871 1655 an
891 1612 1258 1670 prophetauerint
1273 1612 1320 1654 in
1336 1611 1536 1662 diuersis,
1551 1611 1659 1654 dum

189 1683 361 1725 constet
393 1696 541 1740 regem
581 1681 629 1724 in
667 1682 873 1725 ueritatis
911 1681 1198 1739 inquisitione
1237 1681 1476 1724 sollicitum
1515 1680 1658 1738 legem

189 1749 370 1795 Domini
390 1750 438 1793 in
459 1750 660 1794 Greciam
681 1751 916 1795 traiecisse.
977 1750 1032 1794 In
1056 1750 1232 1795 Athicis
1257 1750 1476 1794 Noctibus
1500 1750 1659 1807 legisse

188 1834 259 1864 me
280 1819 461 1864 memini
482 1820 612 1878 quod,
634 1834 735 1864 cum
758 1820 952 1878 Philippi
977 1820 1230 1864 Macedonis
1257 1835 1429 1864 morum
1451 1820 1660 1878 legantur

188 1888 392 1948 insignia,
432 1889 551 1932 inter
589 1892 736 1934 cetera
782 1890 1084 1934 litteratorum
1131 1890 1342 1941 studium,
1383 1889 1509 1946 quasi
1554 1888 1658 1932 belli

130 1973 172 2010 ²⁵
188 1959 367 2018 negotia
406 1962 452 2003 et
490 1959 779 2003 uictoriarum
819 1960 1081 2018 triumphos,
1116 1959 1430 2003 liberalitatem
1470 1973 1659 2011 mensae,

187 2029 481 2074 humanitatis
496 2028 699 2081 officium,
713 2032 759 2074 et
774 2044 1075 2087 quaecumque
1095 2029 1239 2088 lepide
1253 2030 1523 2087 comiterque
1538 2029 1659 2073 dicta

188 2098 261 2143 uel
290 2098 410 2143 facta
439 2101 556 2150 sunt,
581 2099 808 2146 colorauit.
867 2099 1033 2143 Verum
1064 2102 1110 2143 et
1139 2099 1221 2144 hoc
1251 2099 1398 2157 ipsum
1425 2098 1473 2142 in
1501 2113 1589 2157 quo
1613 2113 1659 2143 se

192 2212 208 2240 1
235 2202 405 2240 Asistant
423 2202 447 2240 S
619 2213 642 2248 4
667 2201 792 2240 hostio
809 2201 881 2239 A¹S
1068 2211 1086 2249 5
1111 2200 1262 2249 itaque]
1281 2213 1371 2248 ergo
1389 2201 1430 2238 M
1614 2212 1659 2239 22

189 2249 316 2287 atticis
332 2250 366 2286 A
508 2260 554 2296 24
578 2249 853 2288 litteratorium
867 2248 970 2287 ASM

239 2352 255 2380 1
283 2344 433 2379 Nathan
453 2344 629 2390 propheta
654 2347 687 2380 et
711 2344 851 2380 Sadoch
866 2344 1046 2380 sacerdos:
1072 2355 1106 2378 v.
1125 2352 1146 2389 3
1166 2342 1258 2388 Reg.
1278 2340 1302 2378 i.
1324 2342 1370 2378 26
1388 2353 1490 2387 seqq.
1635 2351 1656 2388 3

190 2400 319 2445 quam:
345 2402 393 2427 sc.
411 2391 528 2445 leyen-t.
698 2400 730 2436 7,
748 2392 769 2427 8
795 2392 922 2436 linqua
938 2392 1162 2427 sacerdotum
1178 2417 1187 2426 .
1207 2416 1215 2424 .
1236 2416 1244 2425 .
1263 2391 1487 2443 liberyitae:
1512 2401 1546 2426 v.
1563 2388 1654 2426 Mal.

189 2448 230 2472 11.
249 2446 292 2482 73
318 2435 434 2474 Ecch.
449 2449 546 2474 mv.
566 2448 622 2484 32.
767 2447 807 2484 15
839 2438 1043 2474 Concursus
1054 2440 1149 2474 etc.:
1174 2450 1206 2474 v.
1225 2436 1313 2483 Sap.
1329 2449 1388 2473 vn.
1411 2447 1464 2473 11.
1615 2438 1657 2474 16

193 2485 224 2520 T
223 2485 402 2520 holomeus
419 2486 514 2521 etc.:
535 2497 566 2521 v.
585 2485 680 2532 Aug.
699 2486 743 2521 de
762 2487 833 2522 Civ.
850 2487 932 2530 Dei,
952 2484 1057 2522 xviii.
1074 2495 1141 2530 42:
1171 2487 1214 2521 dc
1235 2486 1409 2520 Doctrina
1431 2485 1642 2520 Christiana

190 2531 230 2567 ii.
254 2540 293 2578 15
315 2530 458 2577 (Migne
482 2533 522 2568 P.
535 2533 580 2568 L.
598 2531 721 2568 miv.
747 2533 834 2578 46);
865 2532 1185 2578 Hieron.11³r0109.
1202 2534 1244 2567 in
1269 2533 1446 2574 Genesim,
1465 2532 1531 2567 ubi
1556 2513 1657 2568 mi

189 2577 444 2624 interpretum
470 2579 708 2616 concordiam
733 2579 932 2617 collationi
964 2591 1041 2616 non
1076 2580 1134 2626 (ut
1164 2579 1401 2626 Augustinus
1433 2579 1538 2616 inter
1561 2579 1656 2615 alios

191 2625 418 2671 crediderat)
439 2624 679 2672 inspirationi
703 2627 854 2663 divinae
878 2627 1138 2664 ascribendam
1163 2639 1243 2664 esse
1268 2626 1414 2664 asserit.
1610 2636 1656 2662 22

189 2674 239 2709 In
264 2674 404 2709 Athicis
425 2674 595 2709 Noctibus
618 2675 710 2710 etc.:
735 2686 768 2710 v.
786 2674 883 2711 Gen.
907 2674 958 2711 ix.
977 2685 1011 2720 3.
1154 2684 1196 2720 25
1224 2686 1389 2710 mensae:
1415 2673 1512 2719 legit
1536 2673 1658 2720 igitur

190 2719 351 2757 Ioannes
375 2731 461 2756 cum
485 2719 703 2756 melioribus
726 2720 916 2759 codicibus
941 2721 1128 2766 omnibus,
1144 2724 1188 2758 ut
1215 2724 1382 2758 testatur
1407 2720 1584 2757 Hertzius
1610 2721 1657 2757 ad

190 2767 272 2812 loc„
306 2767 450 2803 liberali
480 2779 626 2812 mensa3
667 2768 749 2815 ipse
781 2771 914 2806 tamen
939 2768 1118 2806 Hertzius
1143 2770 1284 2805 liberali
1307 2780 1423 2805 musa.
1613 2778 1657 2812 27

192 2816 389 2852 colorauit:
415 2825 465 2851 sc.
485 2813 640 2851 Gellius.

1484 2894 1552 2930 ²55

1674 179 1803 230 ⁵24d

1674 517 1801 558 ⁵25a

1675 1408 1704 1446 b
