1994 3190
201 211 300 246 cu».
316 197 385 259 1v]
719 197 1156 251 POLICRATICVS
1685 205 1768 247 397
1787 208 1812 238 c

202 335 479 379 nequaquam
500 322 654 362 tantus
673 318 927 376 patriarcha
950 318 1007 361 ad
1027 333 1138 376 opus
1158 319 1278 362 illius
1298 321 1489 364 misisset
1513 321 1668 381 filium,

203 406 333 449 quem
367 388 685 433 benedictionis
719 387 867 444 gratia
898 388 945 429 in
984 391 1119 444 caput
1158 390 1359 444 gentium
1399 391 1667 433 constituere

201 459 472 516 disponebat.
532 457 619 500 Sed
652 457 768 499 forte
799 471 922 499 mora
951 457 1093 499 traxit
1123 457 1179 499 ad
1207 472 1253 499 se
1279 459 1535 514 periculum,
1562 459 1668 515 quia

201 529 371 573 diutius
397 528 519 571 licito
545 528 593 569 in
620 541 750 584 opere
777 529 927 568 tamen
953 526 1076 569 licito
1102 542 1158 569 ex
1185 542 1325 584 praua
1350 528 1667 571 consuetudine

164 611 190 654 ξ»Υ
201 602 247 643 et
266 597 555 640 immoderato
575 611 722 639 amore
743 595 1013 638 morabatur.
1074 596 1212 638 Nulla
1232 599 1437 639 uersatur
1457 597 1503 638 in
1526 597 1666 653 culpa,

201 669 278 726 qui
327 670 514 725 urgente
562 665 743 709 stimulo
792 665 1068 708 necessitatis
1116 681 1205 709 non
1255 667 1478 723 reprobati
1529 667 1666 709 studii

200 738 410 782 exercitio
430 737 571 780 uitam
591 735 766 793 cogitur
786 735 1007 779 exhibere.
1069 735 1156 788 Qui
1177 735 1257 778 otii
1279 736 1485 779 inertiam
1507 736 1667 785 uitant,

201 808 277 866 qui
315 806 519 865 gerendis
559 804 750 862 negotiis
785 804 1027 861 disponunt
1059 805 1257 847 membra
1296 805 1403 847 dum
1443 805 1667 847 laboribus

200 878 468 926 assuescunt,
500 874 577 932 qui
608 874 817 917 uitiosam
851 874 1046 931 corporis
1076 874 1260 932 fugiunt
1290 874 1461 924 molem,
1491 877 1669 916 seruata

143 959 185 987 10
202 946 249 989 in
279 945 482 989 omnibus
511 944 731 1002 dignitate
762 958 984 1000 personae,
1015 944 1158 987 iustae
1191 943 1543 1001 reprehensionis
1578 959 1666 986 non
1685 941 1713 980 d

201 1015 437 1074 patiuntur
466 1014 652 1058 aculeos,
711 1013 835 1070 Opus
862 1013 1026 1056 etenim
1057 1028 1146 1056 non
1177 1029 1232 1056 ex
1262 1029 1308 1056 se
1339 1013 1415 1056 sed
1446 1028 1502 1056 ex
1534 1027 1667 1056 causa

199 1085 254 1129 fit
284 1084 461 1128 crimen.
520 1083 614 1126 Nec
641 1082 792 1139 aliqua
821 1082 1005 1125 uirtutis
1034 1083 1331 1126 ostentatione
1358 1082 1570 1132 clarescit,
1597 1082 1668 1125 cui

201 1154 407 1212 uoluptas
434 1153 650 1210 originem
679 1152 885 1209 praebet3
914 1167 1103 1196 nouerca
1129 1152 1346 1209 siquidem
1375 1153 1560 1195 uirtutis
1590 1156 1670 1196 est.

202 1223 305 1267 Non
350 1223 473 1266 illam
523 1222 620 1265 dico
663 1234 795 1278 quam
836 1221 955 1278 parit
994 1236 1096 1278 pax,
1135 1222 1365 1278 patientia,
1405 1222 1669 1279 benignitas,

143 1302 184 1339 15
202 1291 527 1350 longanimitas,
553 1291 765 1349 gaudium
794 1291 840 1332 in
872 1290 1045 1348 Spiritu
1073 1294 1246 1343 sancto;
1284 1291 1359 1334 sed
1388 1306 1500 1348 quae
1527 1292 1670 1334 amica

203 1361 355 1419 epulis,
393 1361 708 1419 potationibus
751 1360 980 1410 conuiuiis,
1021 1360 1398 1404 modulationibus
1448 1364 1493 1404 et
1540 1361 1668 1411 ludis,

202 1431 394 1476 cultibus
421 1431 646 1488 operosius
673 1430 918 1486 exquisitis,
939 1430 1107 1487 stupris
1134 1434 1179 1473 et
1199 1431 1337 1473 uariis
1361 1430 1669 1483 immunditiis,

202 1500 371 1544 animos
417 1500 552 1543 etiam
600 1499 827 1557 grauiores
873 1499 1109 1551 effeminat,
1150 1502 1196 1542 et
1243 1500 1433 1556 quodam
1480 1504 1669 1543 naturae

203 1569 394 1613 ludibrio
432 1569 652 1612 molliores
692 1571 738 1612 et
776 1569 1071 1626 corruptiores
1113 1569 1222 1612 facit
1257 1585 1350 1612 esse
1382 1570 1502 1613 uiros
1534 1586 1668 1627 quam

144 1651 186 1677 το
203 1638 403 1684 feminas.
491 1638 681 1696 Tempus
737 1653 911 1695 quoque
970 1639 1163 1682 uenandi
1223 1639 1398 1696 culpam
1454 1644 1668 1683 extenuat

203 1711 407 1753 actumue
439 1707 728 1751 commendat.
788 1707 859 1751 Sit
893 1711 1043 1751 autem
1074 1708 1146 1752 hic
1176 1712 1362 1765 tempus,
1393 1713 1445 1752 ut
1478 1710 1524 1752 in
1560 1710 1666 1753 locis

204 1792 336 1835 quam
361 1777 574 1835 pluribus,
604 1777 835 1819 inuenitur
859 1792 915 1820 ex
943 1792 993 1820 eo
1020 1779 1330 1835 opportunitas
1359 1779 1665 1836 gerendorum.

205 1846 280 1890 Fit
299 1861 403 1905 ergo
423 1847 738 1904 intempestiua
757 1847 937 1890 uenatio
958 1848 1030 1890 uel
1051 1863 1106 1890 ex
1127 1848 1353 1906 religionis
1373 1849 1496 1891 cultu
1517 1849 1588 1891 uel
1610 1864 1665 1891 ex
1686 1846 1770 1894 398
1792 1856 1821 1884 a

203 1919 365 1959 natura
397 1930 545 1959 rerum
578 1915 649 1958 uel
680 1931 736 1958 ex
767 1916 917 1960 debito
946 1917 1088 1968 officii,
1119 1918 1236 1974 quod
1267 1918 1338 1960 uel
1370 1919 1667 1975 praetermitti

145 1994 187 2029 ²5
207 1985 279 2029 uel
314 1985 413 2029 aliis
444 1985 804 2042 occupationibus
836 1986 1041 2043 postponi
1074 2001 1162 2029 non
1195 1987 1337 2031 debet.
1397 1987 1484 2030 Sed
1515 1988 1570 2030 de
1600 1989 1670 2030 his

206 2054 440 2107 hactenus;
480 2054 585 2111 quia
622 2069 710 2097 non
746 2056 995 2099 uenaticam
1031 2056 1206 2099 tradere
1241 2057 1317 2100 sed
1348 2057 1403 2100 de
1435 2058 1669 2100 curialium

205 2124 335 2182 nugis
363 2124 522 2182 nugari
553 2124 828 2181 propositum
859 2128 938 2168 est.

262 2193 364 2236 Loci
400 2208 572 2250 quoque
603 2194 718 2236 ratio
753 2194 956 2237 habenda
988 2198 1066 2246 est,
1098 2195 1264 2239 scilicet
1303 2199 1355 2238 ut
1395 2196 1441 2238 in
1482 2211 1562 2238 suo
1596 2196 1668 2238 uel

205 2263 424 2306 communi
450 2263 523 2306 uel
548 2262 724 2319 publico
749 2263 872 2306 licita
899 2267 1156 2307 exerceatur
1179 2265 1371 2315 uenatio,
1391 2266 1497 2307 dum
1519 2269 1669 2308 tamen

148 2343 190 2378 30
205 2331 478 2374 consortibus
506 2346 596 2374 non
630 2331 853 2388 irrogetur
884 2333 1048 2376 iniuria
1083 2336 1128 2376 et
1164 2334 1284 2377 locus
1314 2334 1569 2377 celebritate
1600 2335 1669 2377 sui

206 2402 285 2442 aut
304 2400 551 2443 reuerentia
570 2400 627 2442 ab
654 2401 723 2443 his
750 2401 1148 2458 inquietationibus
1172 2417 1260 2445 non
1286 2404 1519 2446 eximatur.
1581 2404 1668 2456 Qui

208 2468 323 2510 enim
359 2469 406 2510 in
435 2469 579 2511 aliena
608 2471 844 2513 temeraria
873 2472 1161 2528 usurpatione
1189 2472 1332 2522 irruit,
1363 2473 1532 2529 laqueis
1560 2474 1670 2515 iuris

208 2539 384 2579 tenetur
423 2538 479 2580 ad
518 2552 690 2594 penam.
752 2539 798 2581 Is
837 2555 944 2583 uero
983 2541 1140 2583 modus
1179 2541 1414 2583 laudabilis
1455 2547 1533 2592 est,
1568 2557 1667 2585 cum

208 2605 504 2648 moderatione
529 2606 731 2649 adhibita
761 2609 1003 2665 prudenter
1033 2613 1089 2662 et,
1117 2611 1154 2652 si
1185 2611 1282 2653 fieri
1313 2614 1471 2668 potest,
1496 2612 1671 2654 utiliter

206 2735 231 2764 ⁴2
257 2724 378 2770 capud
393 2724 426 2760 A
570 2736 607 2760 11
636 2726 740 2762 enim
759 2726 799 2762 M
945 2738 986 2774 17
1013 2729 1211 2775 adquisitis
1227 2730 1273 2765 A¹

261 2843 304 2876 14
324 2845 402 2878 pax
417 2836 511 2870 etc.:
536 2832 618 2869 Gal.
635 2846 667 2871 v.
687 2845 743 2871 22.
1182 2867 1185 2869 Α

279 2903 359 2922 wass
923 2903 949 2929 1³·
1522 2908 1563 2940 33
