<?xml version="1.0" encoding="UTF-8"?>
<!DOCTYPE html PUBLIC "-//W3C//DTD XHTML 1.0 Transitional//EN"
    "http://www.w3.org/TR/xhtml1/DTD/xhtml1-transitional.dtd">
<html xmlns="http://www.w3.org/1999/xhtml" xml:lang="en" lang="en">
 <head>
  <title>
</title>
<meta http-equiv="Content-Type" content="text/html;charset=utf-8" />
  <meta name='ocr-system' content='tesseract 3.04.00' />
  <meta name='ocr-capabilities' content='ocr_page ocr_carea ocr_par ocr_line ocrx_word'/>
</head>
<body>
  <div class='ocr_page' id='page_1' title='image "./policraticisived01john_0268.png"; bbox 0 0 1994 3190; ppageno 0'>
   <div class='ocr_carea' id='block_1_1' title="bbox 233 149 1853 212">
    <p class='ocr_par' dir='ltr' id='par_1_1' title="bbox 233 149 1853 212">
     <span class='ocr_line' id='line_1_1' title="bbox 233 149 1853 212; baseline -0.001 -14"><span class='ocrx_word' id='word_1_1' title='bbox 233 166 316 208; x_wconf 79' lang='lat'>502</span> <span class='ocrx_word' id='word_1_2' title='bbox 335 158 364 198; x_wconf 87' lang='lat' dir='ltr'>b</span> <span class='ocrx_word' id='word_1_3' title='bbox 710 153 972 198; x_wconf 88' lang='lat' dir='ltr'>IOANNIS</span> <span class='ocrx_word' id='word_1_4' title='bbox 1012 151 1526 198; x_wconf 83' lang='lat' dir='ltr'>SARESBERIENSIS</span> <span class='ocrx_word' id='word_1_5' title='bbox 1663 149 1774 212; x_wconf 71' lang='grc' dir='ltr'><strong>[ΜΒ.</strong></span> <span class='ocrx_word' id='word_1_6' title='bbox 1790 163 1853 196; x_wconf 90' lang='lat'>111</span> 
     </span>
    </p>
   </div>
   <div class='ocr_carea' id='block_1_2' title="bbox 340 271 1916 2273">
    <p class='ocr_par' dir='ltr' id='par_1_2' title="bbox 340 271 1916 2273">
     <span class='ocr_line' id='line_1_2' title="bbox 383 271 1852 332; baseline -0.001 -14"><span class='ocrx_word' id='word_1_7' title='bbox 383 275 531 332; x_wconf 88' lang='lat' dir='ltr'>ipsum</span> <span class='ocrx_word' id='word_1_8' title='bbox 561 274 650 316; x_wconf 91' lang='lat' dir='ltr'>iam</span> <span class='ocrx_word' id='word_1_9' title='bbox 679 273 906 332; x_wconf 88' lang='lat' dir='ltr'>cognitum</span> <span class='ocrx_word' id='word_1_10' title='bbox 932 274 1118 318; x_wconf 88' lang='lat' dir='ltr'>cornicis</span> <span class='ocrx_word' id='word_1_11' title='bbox 1146 273 1386 331; x_wconf 70' lang='lat' dir='ltr'>garrulitas</span> <span class='ocrx_word' id='word_1_12' title='bbox 1414 271 1683 330; x_wconf 82' lang='lat' dir='ltr'>publicaret3</span> <span class='ocrx_word' id='word_1_13' title='bbox 1722 273 1852 324; x_wconf 91' lang='lat' dir='ltr'>unde,</span> 
     </span>
     <span class='ocr_line' id='line_1_3' title="bbox 385 341 1854 401; baseline -0.002 -15"><span class='ocrx_word' id='word_1_14' title='bbox 385 344 490 401; x_wconf 90' lang='lat' dir='ltr'>quia</span> <span class='ocrx_word' id='word_1_15' title='bbox 509 343 643 386; x_wconf 90' lang='lat' dir='ltr'>alieni</span> <span class='ocrx_word' id='word_1_16' title='bbox 663 343 844 386; x_wconf 75' lang='lat' dir='ltr'><strong>admissi</strong></span> <span class='ocrx_word' id='word_1_17' title='bbox 864 343 1057 386; x_wconf 76' lang='lat' dir='ltr'><strong>delatrix</strong></span> <span class='ocrx_word' id='word_1_18' title='bbox 1085 342 1175 386; x_wconf 83' lang='lat' dir='ltr'>fuit</span> <span class='ocrx_word' id='word_1_19' title='bbox 1199 346 1245 386; x_wconf 91' lang='lat' dir='ltr'>et</span> <span class='ocrx_word' id='word_1_20' title='bbox 1271 343 1454 393; x_wconf 87' lang='lat' dir='ltr'>conscia,</span> <span class='ocrx_word' id='word_1_21' title='bbox 1475 342 1632 385; x_wconf 89' lang='lat' dir='ltr'>coloris</span> <span class='ocrx_word' id='word_1_22' title='bbox 1657 341 1854 398; x_wconf 89' lang='lat' dir='ltr'>perdidit</span> 
     </span>
     <span class='ocr_line' id='line_1_4' title="bbox 384 411 1854 470; baseline -0.002 -14"><span class='ocrx_word' id='word_1_23' title='bbox 384 415 667 456; x_wconf 85' lang='lat' dir='ltr'>uenustatem</span> <span class='ocrx_word' id='word_1_24' title='bbox 715 415 762 456; x_wconf 88' lang='lat' dir='ltr'>et</span> <span class='ocrx_word' id='word_1_25' title='bbox 809 412 1088 470; x_wconf 73' lang='lat' dir='ltr'>garrulitatis</span> <span class='ocrx_word' id='word_1_26' title='bbox 1138 413 1327 456; x_wconf 84' lang='lat' dir='ltr'>incurrit</span> <span class='ocrx_word' id='word_1_27' title='bbox 1374 415 1539 455; x_wconf 90' lang='lat' dir='ltr'>notam.</span> <span class='ocrx_word' id='word_1_28' title='bbox 1620 411 1854 454; x_wconf 87' lang='lat' dir='ltr'>Praeterea</span> 
     </span>
     <span class='ocr_line' id='line_1_5' title="bbox 384 479 1853 539; baseline -0.002 -14"><span class='ocrx_word' id='word_1_29' title='bbox 384 482 610 525; x_wconf 81' lang='lat' dir='ltr'>secretarii</span> <span class='ocrx_word' id='word_1_30' title='bbox 661 482 854 525; x_wconf 89' lang='lat' dir='ltr'>diuitum</span> <span class='ocrx_word' id='word_1_31' title='bbox 893 482 1020 539; x_wconf 80' lang='lat' dir='ltr'>quasi</span> <span class='ocrx_word' id='word_1_32' title='bbox 1060 482 1240 539; x_wconf 90' lang='lat' dir='ltr'>quidam</span> <span class='ocrx_word' id='word_1_33' title='bbox 1279 481 1481 524; x_wconf 90' lang='lat' dir='ltr'>tolutarii</span> <span class='ocrx_word' id='word_1_34' title='bbox 1519 480 1592 523; x_wconf 90' lang='lat' dir='ltr'>uel</span> <span class='ocrx_word' id='word_1_35' title='bbox 1631 479 1853 524; x_wconf 79' lang='lat' dir='ltr'>clitellarii</span> 
     </span>
     <span class='ocr_line' id='line_1_6' title="bbox 384 549 1890 608; baseline -0.002 -14"><span class='ocrx_word' id='word_1_36' title='bbox 384 554 491 594; x_wconf 88' lang='lat' dir='ltr'>sunt</span> <span class='ocrx_word' id='word_1_37' title='bbox 525 554 571 594; x_wconf 93' lang='lat' dir='ltr'>et</span> <span class='ocrx_word' id='word_1_38' title='bbox 610 551 686 608; x_wconf 91' lang='lat' dir='ltr'>qui</span> <span class='ocrx_word' id='word_1_39' title='bbox 721 566 873 594; x_wconf 89' lang='lat' dir='ltr'>eorum</span> <span class='ocrx_word' id='word_1_40' title='bbox 907 551 1080 594; x_wconf 89' lang='lat' dir='ltr'>delictis</span> <span class='ocrx_word' id='word_1_41' title='bbox 1095 568 1097 570; x_wconf 88' lang='lat'>·</span> <span class='ocrx_word' id='word_1_42' title='bbox 1114 553 1365 594; x_wconf 86' lang='lat' dir='ltr'>onerentur.</span> <span class='ocrx_word' id='word_1_43' title='bbox 1438 549 1658 606; x_wconf 82' lang='lat' dir='ltr'>Quicquid</span> <span class='ocrx_word' id='word_1_44' title='bbox 1693 549 1750 592; x_wconf 89' lang='lat' dir='ltr'>ab</span> <span class='ocrx_word' id='word_1_45' title='bbox 1789 549 1853 592; x_wconf 89' lang='lat' dir='ltr'>eis</span> <span class='ocrx_word' id='word_1_46' title='bbox 1872 568 1890 603; x_wconf 85' lang='lat'><strong>5</strong></span> 
     </span>
     <span class='ocr_line' id='line_1_7' title="bbox 384 618 1854 677; baseline -0.002 -13"><span class='ocrx_word' id='word_1_47' title='bbox 384 621 671 677; x_wconf 87' lang='lat' dir='ltr'>delinquitur,</span> <span class='ocrx_word' id='word_1_48' title='bbox 702 621 749 663; x_wconf 91' lang='lat' dir='ltr'>in</span> <span class='ocrx_word' id='word_1_49' title='bbox 779 621 970 664; x_wconf 89' lang='lat' dir='ltr'>istorum</span> <span class='ocrx_word' id='word_1_50' title='bbox 1016 620 1250 662; x_wconf 82' lang='lat' dir='ltr'>infamiam</span> <span class='ocrx_word' id='word_1_51' title='bbox 1289 619 1479 670; x_wconf 89' lang='lat' dir='ltr'>cuditur,</span> <span class='ocrx_word' id='word_1_52' title='bbox 1517 619 1605 661; x_wconf 86' lang='lat' dir='ltr'>nisi</span> <span class='ocrx_word' id='word_1_53' title='bbox 1645 618 1762 662; x_wconf 82' lang='lat' dir='ltr'>forte</span> <span class='ocrx_word' id='word_1_54' title='bbox 1801 633 1854 661; x_wconf 87' lang='lat' dir='ltr'>ea</span> 
     </span>
     <span class='ocr_line' id='line_1_8' title="bbox 340 687 1854 748; baseline -0.003 -13"><span class='ocrx_word' id='word_1_55' title='bbox 340 707 365 737; x_wconf 85' lang='lat' dir='ltr'>c</span> <span class='ocrx_word' id='word_1_56' title='bbox 384 691 445 733; x_wconf 89' lang='lat' dir='ltr'>sit</span> <span class='ocrx_word' id='word_1_57' title='bbox 481 690 535 733; x_wconf 88' lang='lat' dir='ltr'>de</span> <span class='ocrx_word' id='word_1_58' title='bbox 566 693 747 748; x_wconf 89' lang='lat' dir='ltr'>potente</span> <span class='ocrx_word' id='word_1_59' title='bbox 782 690 943 747; x_wconf 84' lang='lat' dir='ltr'>opinio,</span> <span class='ocrx_word' id='word_1_60' title='bbox 977 692 1030 732; x_wconf 91' lang='lat' dir='ltr'>ut</span> <span class='ocrx_word' id='word_1_61' title='bbox 1063 689 1186 732; x_wconf 90' lang='lat' dir='ltr'>nullo</span> <span class='ocrx_word' id='word_1_62' title='bbox 1217 689 1358 746; x_wconf 87' lang='lat' dir='ltr'>possit</span> <span class='ocrx_word' id='word_1_63' title='bbox 1390 688 1572 732; x_wconf 92' lang='lat' dir='ltr'>consilio</span> <span class='ocrx_word' id='word_1_64' title='bbox 1606 687 1854 745; x_wconf 88' lang='lat' dir='ltr'>deprauari.</span> 
     </span>
     <span class='ocr_line' id='line_1_9' title="bbox 383 751 1913 814; baseline -0.002 -11"><span class='ocrx_word' id='word_1_65' title='bbox 383 759 434 803; x_wconf 86' lang='lat' dir='ltr'>Si</span> <span class='ocrx_word' id='word_1_66' title='bbox 455 760 572 803; x_wconf 90' lang='lat' dir='ltr'>enim</span> <span class='ocrx_word' id='word_1_67' title='bbox 593 759 784 802; x_wconf 91' lang='lat' dir='ltr'>solennis</span> <span class='ocrx_word' id='word_1_68' title='bbox 805 762 873 802; x_wconf 89' lang='lat' dir='ltr'>est</span> <span class='ocrx_word' id='word_1_69' title='bbox 898 758 1071 801; x_wconf 88' lang='lat' dir='ltr'>malitia</span> <span class='ocrx_word' id='word_1_70' title='bbox 1099 758 1205 810; x_wconf 89' lang='lat' dir='ltr'>eius,</span> <span class='ocrx_word' id='word_1_71' title='bbox 1225 759 1262 801; x_wconf 90' lang='lat' dir='ltr'>si</span> <span class='ocrx_word' id='word_1_72' title='bbox 1290 757 1462 800; x_wconf 80' lang='lat' dir='ltr'>fraudis</span> <span class='ocrx_word' id='word_1_73' title='bbox 1489 759 1534 800; x_wconf 91' lang='lat' dir='ltr'>et</span> <span class='ocrx_word' id='word_1_74' title='bbox 1557 757 1648 800; x_wconf 93' lang='lat' dir='ltr'>doli</span> <span class='ocrx_word' id='word_1_75' title='bbox 1668 757 1854 814; x_wconf 86' lang='lat' dir='ltr'>uulgata</span> <span class='ocrx_word' id='word_1_76' title='bbox 1911 751 1913 754; x_wconf 50' lang='grc'>’</span> 
     </span>
     <span class='ocr_line' id='line_1_10' title="bbox 383 826 1855 904; baseline -0.003 -32"><span class='ocrx_word' id='word_1_77' title='bbox 383 829 545 887; x_wconf 88' lang='lat' dir='ltr'>opinio,</span> <span class='ocrx_word' id='word_1_78' title='bbox 565 829 704 872; x_wconf 89' lang='lat' dir='ltr'>totius</span> <span class='ocrx_word' id='word_1_79' title='bbox 724 828 919 871; x_wconf 82' lang='lat' dir='ltr'>familiae</span> <span class='ocrx_word' id='word_1_80' title='bbox 947 827 1069 870; x_wconf 84' lang='lat' dir='ltr'>fama</span> <span class='ocrx_word' id='word_1_81' title='bbox 1094 830 1325 885; x_wconf 87' lang='lat' dir='ltr'>purgatur,</span> <span class='ocrx_word' id='word_1_82' title='bbox 1346 841 1396 870; x_wconf 89' lang='lat' dir='ltr'>ac</span> <span class='ocrx_word' id='word_1_83' title='bbox 1425 827 1464 870; x_wconf 89' lang='lat' dir='ltr'>si</span> <span class='ocrx_word' id='word_1_84' title='bbox 1488 826 1646 884; x_wconf 89' lang='lat' dir='ltr'>capitis</span> <span class='ocrx_word' id='word_1_85' title='bbox 1666 826 1855 904; x_wconf 81' lang='lat' dir='ltr'>languor</span> 
     </span>
     <span class='ocr_line' id='line_1_11' title="bbox 384 895 1916 956; baseline -0.003 -14"><span class='ocrx_word' id='word_1_86' title='bbox 384 899 707 942; x_wconf 88' lang='lat' dir='ltr'>infirmantium</span> <span class='ocrx_word' id='word_1_87' title='bbox 728 899 932 956; x_wconf 89' lang='lat' dir='ltr'>denigret</span> <span class='ocrx_word' id='word_1_88' title='bbox 954 897 1149 940; x_wconf 91' lang='lat' dir='ltr'>dolorem</span> <span class='ocrx_word' id='word_1_89' title='bbox 1169 897 1373 940; x_wconf 90' lang='lat' dir='ltr'>laterum.</span> <span class='ocrx_word' id='word_1_90' title='bbox 1430 895 1654 952; x_wconf 90' lang='lat' dir='ltr'>Alioquin,</span> <span class='ocrx_word' id='word_1_91' title='bbox 1671 896 1708 938; x_wconf 91' lang='lat' dir='ltr'>si</span> <span class='ocrx_word' id='word_1_92' title='bbox 1730 895 1851 938; x_wconf 89' lang='lat' dir='ltr'>beni-</span> <span class='ocrx_word' id='word_1_93' title='bbox 1873 914 1916 938; x_wconf 89' lang='lat'>10</span> 
     </span>
     <span class='ocr_line' id='line_1_12' title="bbox 383 964 1854 1026; baseline -0.002 -15"><span class='ocrx_word' id='word_1_94' title='bbox 383 968 525 1026; x_wconf 89' lang='lat' dir='ltr'>gnior,</span> <span class='ocrx_word' id='word_1_95' title='bbox 540 968 577 1011; x_wconf 90' lang='lat' dir='ltr'>si</span> <span class='ocrx_word' id='word_1_96' title='bbox 593 968 767 1012; x_wconf 90' lang='lat' dir='ltr'>ciuilior</span> <span class='ocrx_word' id='word_1_97' title='bbox 785 967 982 1011; x_wconf 88' lang='lat' dir='ltr'>creditur</span> <span class='ocrx_word' id='word_1_98' title='bbox 995 968 1265 1023; x_wconf 89' lang='lat' dir='ltr'>potentatus,</span> <span class='ocrx_word' id='word_1_99' title='bbox 1280 965 1430 1008; x_wconf 92' lang='lat' dir='ltr'>omnia</span> <span class='ocrx_word' id='word_1_100' title='bbox 1449 964 1739 1008; x_wconf 82' lang='lat' dir='ltr'>deliramenta</span> <span class='ocrx_word' id='word_1_101' title='bbox 1759 964 1854 1008; x_wconf 87' lang='lat' dir='ltr'>eius</span> 
     </span>
     <span class='ocr_line' id='line_1_13' title="bbox 385 1033 1855 1093; baseline -0.003 -13"><span class='ocrx_word' id='word_1_102' title='bbox 385 1037 628 1080; x_wconf 83' lang='lat' dir='ltr'>familiares</span> <span class='ocrx_word' id='word_1_103' title='bbox 656 1037 783 1093; x_wconf 89' lang='lat' dir='ltr'>quasi</span> <span class='ocrx_word' id='word_1_104' title='bbox 810 1036 1031 1079; x_wconf 91' lang='lat' dir='ltr'>clitellarii</span> <span class='ocrx_word' id='word_1_105' title='bbox 1058 1035 1323 1092; x_wconf 86' lang='lat' dir='ltr'>quibusdam</span> <span class='ocrx_word' id='word_1_106' title='bbox 1351 1034 1543 1077; x_wconf 89' lang='lat' dir='ltr'>nominis</span> <span class='ocrx_word' id='word_1_107' title='bbox 1569 1034 1638 1077; x_wconf 90' lang='lat' dir='ltr'>sui</span> <span class='ocrx_word' id='word_1_108' title='bbox 1659 1033 1855 1077; x_wconf 90' lang='lat' dir='ltr'>humeris</span> 
     </span>
     <span class='ocr_line' id='line_1_14' title="bbox 383 1103 1854 1164; baseline -0.002 -15"><span class='ocrx_word' id='word_1_109' title='bbox 383 1109 579 1164; x_wconf 90' lang='lat' dir='ltr'>portant,</span> <span class='ocrx_word' id='word_1_110' title='bbox 596 1106 672 1150; x_wconf 89' lang='lat' dir='ltr'>sed</span> <span class='ocrx_word' id='word_1_111' title='bbox 697 1111 812 1149; x_wconf 90' lang='lat' dir='ltr'>recte</span> <span class='ocrx_word' id='word_1_112' title='bbox 832 1109 1057 1163; x_wconf 87' lang='lat' dir='ltr'>gestorum</span> <span class='ocrx_word' id='word_1_113' title='bbox 1073 1104 1137 1146; x_wconf 91' lang='lat' dir='ltr'>nil</span> <span class='ocrx_word' id='word_1_114' title='bbox 1153 1104 1239 1147; x_wconf 90' lang='lat' dir='ltr'>nisi</span> <span class='ocrx_word' id='word_1_115' title='bbox 1254 1103 1522 1161; x_wconf 86' lang='lat' dir='ltr'>benignitati</span> <span class='ocrx_word' id='word_1_116' title='bbox 1546 1106 1625 1146; x_wconf 92' lang='lat' dir='ltr'>aut</span> <span class='ocrx_word' id='word_1_117' title='bbox 1645 1103 1854 1147; x_wconf 90' lang='lat' dir='ltr'>ciuilitati</span> 
     </span>
     <span class='ocr_line' id='line_1_15' title="bbox 383 1172 1854 1251; baseline -0.002 -33"><span class='ocrx_word' id='word_1_118' title='bbox 383 1176 580 1233; x_wconf 90' lang='lat' dir='ltr'>potentis</span> <span class='ocrx_word' id='word_1_119' title='bbox 619 1175 898 1218; x_wconf 85' lang='lat' dir='ltr'>adscribitur.</span> <span class='ocrx_word' id='word_1_120' title='bbox 978 1174 1047 1225; x_wconf 88' lang='lat' dir='ltr'>Et,</span> <span class='ocrx_word' id='word_1_121' title='bbox 1074 1174 1111 1217; x_wconf 88' lang='lat' dir='ltr'>si</span> <span class='ocrx_word' id='word_1_122' title='bbox 1147 1173 1411 1251; x_wconf 82' lang='lat' dir='ltr'>quandoque</span> <span class='ocrx_word' id='word_1_123' title='bbox 1445 1173 1638 1216; x_wconf 91' lang='lat' dir='ltr'>calculus</span> <span class='ocrx_word' id='word_1_124' title='bbox 1672 1172 1854 1230; x_wconf 87' lang='lat' dir='ltr'>grauior</span> 
     </span>
     <span class='ocr_line' id='line_1_16' title="bbox 382 1242 1913 1301; baseline -0.001 -14"><span class='ocrx_word' id='word_1_125' title='bbox 382 1245 598 1297; x_wconf 88' lang='lat' dir='ltr'>imminet,</span> <span class='ocrx_word' id='word_1_126' title='bbox 618 1245 745 1301; x_wconf 90' lang='lat' dir='ltr'>quasi</span> <span class='ocrx_word' id='word_1_127' title='bbox 765 1244 924 1301; x_wconf 89' lang='lat' dir='ltr'>pellem</span> <span class='ocrx_word' id='word_1_128' title='bbox 954 1258 1034 1300; x_wconf 92' lang='lat' dir='ltr'>pro</span> <span class='ocrx_word' id='word_1_129' title='bbox 1060 1243 1174 1300; x_wconf 91' lang='lat' dir='ltr'>pelle</span> <span class='ocrx_word' id='word_1_130' title='bbox 1208 1243 1402 1286; x_wconf 92' lang='lat' dir='ltr'>animam</span> <span class='ocrx_word' id='word_1_131' title='bbox 1429 1245 1554 1286; x_wconf 90' lang='lat' dir='ltr'>tuam</span> <span class='ocrx_word' id='word_1_132' title='bbox 1578 1242 1704 1285; x_wconf 87' lang='lat' dir='ltr'>dabit</span> <span class='ocrx_word' id='word_1_133' title='bbox 1727 1242 1852 1285; x_wconf 90' lang='lat' dir='ltr'>diues</span> <span class='ocrx_word' id='word_1_134' title='bbox 1873 1262 1913 1296; x_wconf 85' lang='lat'>15</span> 
     </span>
     <span class='ocr_line' id='line_1_17' title="bbox 382 1312 1854 1390; baseline -0.002 -33"><span class='ocrx_word' id='word_1_135' title='bbox 382 1329 464 1372; x_wconf 93' lang='lat' dir='ltr'>pro</span> <span class='ocrx_word' id='word_1_136' title='bbox 495 1314 616 1357; x_wconf 90' lang='lat' dir='ltr'>fama</span> <span class='ocrx_word' id='word_1_137' title='bbox 645 1329 726 1357; x_wconf 89' lang='lat' dir='ltr'>sua</span> <span class='ocrx_word' id='word_1_138' title='bbox 756 1317 812 1367; x_wconf 87' lang='lat' dir='ltr'>et,</span> <span class='ocrx_word' id='word_1_139' title='bbox 834 1317 886 1357; x_wconf 91' lang='lat' dir='ltr'>ut</span> <span class='ocrx_word' id='word_1_140' title='bbox 916 1314 963 1356; x_wconf 92' lang='lat' dir='ltr'>in</span> <span class='ocrx_word' id='word_1_141' title='bbox 993 1316 1038 1356; x_wconf 92' lang='lat' dir='ltr'>te</span> <span class='ocrx_word' id='word_1_142' title='bbox 1069 1315 1324 1390; x_wconf 83' lang='lat' dir='ltr'>retorqueat</span> <span class='ocrx_word' id='word_1_143' title='bbox 1353 1312 1528 1370; x_wconf 90' lang='lat' dir='ltr'>culpam</span> <span class='ocrx_word' id='word_1_144' title='bbox 1557 1327 1695 1363; x_wconf 92' lang='lat' dir='ltr'>suam,</span> <span class='ocrx_word' id='word_1_145' title='bbox 1719 1314 1854 1369; x_wconf 85' lang='lat' dir='ltr'>caput</span> 
     </span>
     <span class='ocr_line' id='line_1_18' title="bbox 383 1381 1855 1439; baseline 0 -12"><span class='ocrx_word' id='word_1_146' title='bbox 383 1387 514 1427; x_wconf 91' lang='lat' dir='ltr'>tuum</span> <span class='ocrx_word' id='word_1_147' title='bbox 553 1383 724 1426; x_wconf 89' lang='lat' dir='ltr'>meritis</span> <span class='ocrx_word' id='word_1_148' title='bbox 762 1383 1010 1433; x_wconf 85' lang='lat' dir='ltr'>criminum,</span> <span class='ocrx_word' id='word_1_149' title='bbox 1049 1382 1176 1439; x_wconf 90' lang='lat' dir='ltr'>penis</span> <span class='ocrx_word' id='word_1_150' title='bbox 1221 1396 1310 1424; x_wconf 90' lang='lat' dir='ltr'>non</span> <span class='ocrx_word' id='word_1_151' title='bbox 1353 1382 1581 1425; x_wconf 90' lang='lat' dir='ltr'>uerebitur</span> <span class='ocrx_word' id='word_1_152' title='bbox 1623 1381 1855 1427; x_wconf 89' lang='lat' dir='ltr'>obiectare.</span> 
     </span>
     <span class='ocr_line' id='line_1_19' title="bbox 386 1451 1855 1509; baseline -0.001 -13"><span class='ocrx_word' id='word_1_153' title='bbox 386 1453 486 1503; x_wconf 89' lang='lat' dir='ltr'>Sed,</span> <span class='ocrx_word' id='word_1_154' title='bbox 530 1453 648 1509; x_wconf 93' lang='lat' dir='ltr'>quod</span> <span class='ocrx_word' id='word_1_155' title='bbox 691 1453 833 1509; x_wconf 87' lang='lat' dir='ltr'>magis</span> <span class='ocrx_word' id='word_1_156' title='bbox 872 1451 1084 1502; x_wconf 90' lang='lat' dir='ltr'>mirabile,</span> <span class='ocrx_word' id='word_1_157' title='bbox 1124 1451 1436 1509; x_wconf 88' lang='lat' dir='ltr'>gratulabitur,</span> <span class='ocrx_word' id='word_1_158' title='bbox 1475 1451 1518 1495; x_wconf 73' lang='lat' dir='ltr'>si&#39;</span> <span class='ocrx_word' id='word_1_159' title='bbox 1559 1451 1728 1494; x_wconf 90' lang='lat' dir='ltr'>astutia</span> <span class='ocrx_word' id='word_1_160' title='bbox 1773 1465 1855 1494; x_wconf 84' lang='lat' dir='ltr'>sua</span> 
     </span>
     <span class='ocr_line' id='line_1_20' title="bbox 340 1520 1854 1566; baseline -0.001 -1"><span class='ocrx_word' id='word_1_161' title='bbox 340 1525 370 1566; x_wconf 88' lang='lat' dir='ltr'>d</span> <span class='ocrx_word' id='word_1_162' title='bbox 387 1522 632 1565; x_wconf 87' lang='lat' dir='ltr'>industriae</span> <span class='ocrx_word' id='word_1_163' title='bbox 652 1525 756 1565; x_wconf 91' lang='lat' dir='ltr'>tuae</span> <span class='ocrx_word' id='word_1_164' title='bbox 777 1522 948 1564; x_wconf 91' lang='lat' dir='ltr'>labores</span> <span class='ocrx_word' id='word_1_165' title='bbox 976 1525 1021 1564; x_wconf 92' lang='lat' dir='ltr'>et</span> <span class='ocrx_word' id='word_1_166' title='bbox 1047 1521 1366 1564; x_wconf 88' lang='lat' dir='ltr'>sollicitudines</span> <span class='ocrx_word' id='word_1_167' title='bbox 1393 1521 1475 1564; x_wconf 90' lang='lat' dir='ltr'>hac</span> <span class='ocrx_word' id='word_1_168' title='bbox 1500 1520 1698 1564; x_wconf 89' lang='lat' dir='ltr'>mercede</span> <span class='ocrx_word' id='word_1_169' title='bbox 1719 1520 1854 1563; x_wconf 89' lang='lat' dir='ltr'>dona-</span> 
     </span>
     <span class='ocr_line' id='line_1_21' title="bbox 386 1589 1916 1642; baseline -0.001 -8"><span class='ocrx_word' id='word_1_170' title='bbox 386 1592 514 1642; x_wconf 91' lang='lat' dir='ltr'>uerit,</span> <span class='ocrx_word' id='word_1_171' title='bbox 553 1594 606 1635; x_wconf 89' lang='lat' dir='ltr'>ut</span> <span class='ocrx_word' id='word_1_172' title='bbox 644 1594 689 1634; x_wconf 90' lang='lat' dir='ltr'>te</span> <span class='ocrx_word' id='word_1_173' title='bbox 730 1591 887 1634; x_wconf 90' lang='lat' dir='ltr'>reddat</span> <span class='ocrx_word' id='word_1_174' title='bbox 925 1590 1150 1642; x_wconf 82' lang='lat' dir='ltr'>infamem,</span> <span class='ocrx_word' id='word_1_175' title='bbox 1190 1593 1236 1634; x_wconf 89' lang='lat' dir='ltr'>et</span> <span class='ocrx_word' id='word_1_176' title='bbox 1275 1589 1431 1634; x_wconf 81' lang='lat' dir='ltr'>fecerit</span> <span class='ocrx_word' id='word_1_177' title='bbox 1468 1593 1549 1633; x_wconf 90' lang='lat' dir='ltr'>aut</span> <span class='ocrx_word' id='word_1_178' title='bbox 1589 1590 1771 1633; x_wconf 86' lang='lat' dir='ltr'>finxerit</span> <span class='ocrx_word' id='word_1_179' title='bbox 1807 1592 1853 1633; x_wconf 89' lang='lat' dir='ltr'>te</span> <span class='ocrx_word' id='word_1_180' title='bbox 1873 1607 1916 1632; x_wconf 65' lang='grc' dir='ltr'>σο</span> 
     </span>
     <span class='ocr_line' id='line_1_22' title="bbox 384 1659 1856 1708; baseline -0.002 -3"><span class='ocrx_word' id='word_1_181' title='bbox 384 1661 643 1705; x_wconf 87' lang='lat' dir='ltr'>criminibus</span> <span class='ocrx_word' id='word_1_182' title='bbox 674 1660 888 1704; x_wconf 88' lang='lat' dir='ltr'>inauditis</span> <span class='ocrx_word' id='word_1_183' title='bbox 921 1660 1174 1708; x_wconf 84' lang='lat' dir='ltr'>obnoxium.</span> <span class='ocrx_word' id='word_1_184' title='bbox 1234 1659 1338 1703; x_wconf 91' lang='lat' dir='ltr'>Non</span> <span class='ocrx_word' id='word_1_185' title='bbox 1367 1663 1435 1704; x_wconf 89' lang='lat' dir='ltr'>est</span> <span class='ocrx_word' id='word_1_186' title='bbox 1464 1660 1582 1703; x_wconf 92' lang='lat' dir='ltr'>enim</span> <span class='ocrx_word' id='word_1_187' title='bbox 1611 1659 1779 1702; x_wconf 91' lang='lat' dir='ltr'>malum</span> <span class='ocrx_word' id='word_1_188' title='bbox 1807 1659 1856 1702; x_wconf 91' lang='lat' dir='ltr'>in</span> 
     </span>
     <span class='ocr_line' id='line_1_23' title="bbox 386 1729 1857 1787; baseline -0.001 -14"><span class='ocrx_word' id='word_1_189' title='bbox 386 1730 570 1774; x_wconf 88' lang='lat' dir='ltr'>ciuitate</span> <span class='ocrx_word' id='word_1_190' title='bbox 600 1730 718 1787; x_wconf 90' lang='lat' dir='ltr'>quod</span> <span class='ocrx_word' id='word_1_191' title='bbox 748 1744 837 1772; x_wconf 92' lang='lat' dir='ltr'>non</span> <span class='ocrx_word' id='word_1_192' title='bbox 867 1730 914 1774; x_wconf 89' lang='lat' dir='ltr'>in</span> <span class='ocrx_word' id='word_1_193' title='bbox 944 1730 1099 1772; x_wconf 89' lang='lat' dir='ltr'>diuitis</span> <span class='ocrx_word' id='word_1_194' title='bbox 1133 1729 1404 1773; x_wconf 89' lang='lat' dir='ltr'>consiliarios</span> <span class='ocrx_word' id='word_1_195' title='bbox 1439 1730 1726 1787; x_wconf 88' lang='lat' dir='ltr'>impingatur,</span> <span class='ocrx_word' id='word_1_196' title='bbox 1755 1743 1857 1772; x_wconf 90' lang='lat' dir='ltr'>cum</span> 
     </span>
     <span class='ocr_line' id='line_1_24' title="bbox 387 1799 1856 1856; baseline 0.001 -15"><span class='ocrx_word' id='word_1_197' title='bbox 387 1799 533 1842; x_wconf 87' lang='lat' dir='ltr'>inanis</span> <span class='ocrx_word' id='word_1_198' title='bbox 553 1799 613 1842; x_wconf 88' lang='lat' dir='ltr'>sit</span> <span class='ocrx_word' id='word_1_199' title='bbox 633 1799 871 1849; x_wconf 80' lang='lat' dir='ltr'>excusatio,</span> <span class='ocrx_word' id='word_1_200' title='bbox 892 1813 943 1842; x_wconf 92' lang='lat' dir='ltr'>eo</span> <span class='ocrx_word' id='word_1_201' title='bbox 964 1799 1081 1855; x_wconf 90' lang='lat' dir='ltr'>quod</span> <span class='ocrx_word' id='word_1_202' title='bbox 1109 1813 1237 1842; x_wconf 90' lang='lat' dir='ltr'>omne</span> <span class='ocrx_word' id='word_1_203' title='bbox 1267 1799 1458 1843; x_wconf 90' lang='lat' dir='ltr'>officium</span> <span class='ocrx_word' id='word_1_204' title='bbox 1485 1799 1570 1842; x_wconf 87' lang='lat' dir='ltr'>sibi</span> <span class='ocrx_word' id='word_1_205' title='bbox 1597 1800 1856 1856; x_wconf 83' lang='lat' dir='ltr'>potentatus</span> 
     </span>
     <span class='ocr_line' id='line_1_25' title="bbox 386 1868 1854 1925; baseline -0.001 -13"><span class='ocrx_word' id='word_1_206' title='bbox 386 1868 647 1920; x_wconf 78' lang='lat' dir='ltr'>conformat,</span> <span class='ocrx_word' id='word_1_207' title='bbox 681 1883 896 1925; x_wconf 91' lang='lat' dir='ltr'>nemoque</span> <span class='ocrx_word' id='word_1_208' title='bbox 931 1868 1106 1925; x_wconf 87' lang='lat' dir='ltr'>sapiens</span> <span class='ocrx_word' id='word_1_209' title='bbox 1141 1868 1219 1911; x_wconf 92' lang='lat' dir='ltr'>diu</span> <span class='ocrx_word' id='word_1_210' title='bbox 1249 1869 1438 1912; x_wconf 89' lang='lat' dir='ltr'>fluctuat</span> <span class='ocrx_word' id='word_1_211' title='bbox 1472 1868 1653 1912; x_wconf 86' lang='lat' dir='ltr'>consilio</span> <span class='ocrx_word' id='word_1_212' title='bbox 1687 1868 1854 1925; x_wconf 90' lang='lat' dir='ltr'>impru-</span> 
     </span>
     <span class='ocr_line' id='line_1_26' title="bbox 386 1937 1915 1994; baseline 0.001 -13"><span class='ocrx_word' id='word_1_213' title='bbox 386 1938 596 1990; x_wconf 90' lang='lat' dir='ltr'>dentum;</span> <span class='ocrx_word' id='word_1_214' title='bbox 637 1938 786 1980; x_wconf 90' lang='lat' dir='ltr'>omnia</span> <span class='ocrx_word' id='word_1_215' title='bbox 824 1952 1015 1994; x_wconf 89' lang='lat' dir='ltr'>namque</span> <span class='ocrx_word' id='word_1_216' title='bbox 1055 1937 1266 1980; x_wconf 87' lang='lat' dir='ltr'>discernit</span> <span class='ocrx_word' id='word_1_217' title='bbox 1305 1940 1351 1981; x_wconf 91' lang='lat' dir='ltr'>et</span> <span class='ocrx_word' id='word_1_218' title='bbox 1390 1938 1568 1982; x_wconf 88' lang='lat' dir='ltr'>iudicat.</span> <span class='ocrx_word' id='word_1_219' title='bbox 1640 1937 1713 1980; x_wconf 93' lang='lat' dir='ltr'>An</span> <span class='ocrx_word' id='word_1_220' title='bbox 1752 1951 1853 1980; x_wconf 91' lang='lat' dir='ltr'>eum</span> <span class='ocrx_word' id='word_1_221' title='bbox 1873 1958 1915 1993; x_wconf 80' lang='lat'>²5</span> 
     </span>
     <span class='ocr_line' id='line_1_27' title="bbox 385 2007 1854 2065; baseline 0 -15"><span class='ocrx_word' id='word_1_222' title='bbox 385 2010 518 2065; x_wconf 84' lang='lat' dir='ltr'>putas</span> <span class='ocrx_word' id='word_1_223' title='bbox 548 2007 595 2049; x_wconf 89' lang='lat' dir='ltr'>in</span> <span class='ocrx_word' id='word_1_224' title='bbox 622 2007 889 2050; x_wconf 86' lang='lat' dir='ltr'>conscientia</span> <span class='ocrx_word' id='word_1_225' title='bbox 912 2022 993 2049; x_wconf 86' lang='lat' dir='ltr'>sua</span> <span class='ocrx_word' id='word_1_226' title='bbox 1021 2021 1222 2051; x_wconf 87' lang='lat' dir='ltr'>securum</span> <span class='ocrx_word' id='word_1_227' title='bbox 1253 2008 1485 2064; x_wconf 91' lang='lat' dir='ltr'>quiescere,</span> <span class='ocrx_word' id='word_1_228' title='bbox 1508 2007 1634 2051; x_wconf 90' lang='lat' dir='ltr'>cuius</span> <span class='ocrx_word' id='word_1_229' title='bbox 1660 2007 1854 2064; x_wconf 89' lang='lat' dir='ltr'>turpitu-</span> 
     </span>
     <span class='ocr_line' id='line_1_28' title="bbox 385 2076 1855 2134; baseline 0 -15"><span class='ocrx_word' id='word_1_230' title='bbox 385 2077 534 2119; x_wconf 89' lang='lat' dir='ltr'>dinem</span> <span class='ocrx_word' id='word_1_231' title='bbox 560 2076 799 2133; x_wconf 88' lang='lat' dir='ltr'>producere</span> <span class='ocrx_word' id='word_1_232' title='bbox 823 2079 948 2133; x_wconf 87' lang='lat' dir='ltr'>potes</span> <span class='ocrx_word' id='word_1_233' title='bbox 976 2076 1022 2118; x_wconf 88' lang='lat' dir='ltr'>in</span> <span class='ocrx_word' id='word_1_234' title='bbox 1050 2076 1191 2120; x_wconf 91' lang='lat' dir='ltr'>lucem</span> <span class='ocrx_word' id='word_1_235' title='bbox 1222 2081 1268 2120; x_wconf 89' lang='lat' dir='ltr'>et</span> <span class='ocrx_word' id='word_1_236' title='bbox 1294 2076 1492 2134; x_wconf 84' lang='lat' dir='ltr'>proferre</span> <span class='ocrx_word' id='word_1_237' title='bbox 1521 2076 1567 2119; x_wconf 90' lang='lat' dir='ltr'>in</span> <span class='ocrx_word' id='word_1_238' title='bbox 1595 2076 1855 2133; x_wconf 75' lang='lat' dir='ltr'>publicum?</span> 
     </span>
     <span class='ocr_line' id='line_1_29' title="bbox 387 2145 1856 2203; baseline -0.001 -14"><span class='ocrx_word' id='word_1_239' title='bbox 387 2145 519 2190; x_wconf 84' lang='lat' dir='ltr'>Certe</span> <span class='ocrx_word' id='word_1_240' title='bbox 558 2146 701 2189; x_wconf 89' lang='lat' dir='ltr'>omnis</span> <span class='ocrx_word' id='word_1_241' title='bbox 746 2146 821 2202; x_wconf 87' lang='lat' dir='ltr'>qui</span> <span class='ocrx_word' id='word_1_242' title='bbox 863 2146 1006 2189; x_wconf 84' lang='lat' dir='ltr'>malus</span> <span class='ocrx_word' id='word_1_243' title='bbox 1046 2150 1115 2189; x_wconf 87' lang='lat' dir='ltr'>est</span> <span class='ocrx_word' id='word_1_244' title='bbox 1154 2146 1250 2189; x_wconf 92' lang='lat' dir='ltr'>odit</span> <span class='ocrx_word' id='word_1_245' title='bbox 1289 2146 1444 2199; x_wconf 89' lang='lat' dir='ltr'>lucem,</span> <span class='ocrx_word' id='word_1_246' title='bbox 1476 2149 1522 2189; x_wconf 86' lang='lat' dir='ltr'>et</span> <span class='ocrx_word' id='word_1_247' title='bbox 1568 2160 1678 2203; x_wconf 90' lang='lat' dir='ltr'>opus</span> <span class='ocrx_word' id='word_1_248' title='bbox 1727 2159 1856 2189; x_wconf 89' lang='lat' dir='ltr'>omne</span> 
     </span>
     <span class='ocr_line' id='line_1_30' title="bbox 385 2214 1856 2273; baseline 0.001 -16"><span class='ocrx_word' id='word_1_249' title='bbox 385 2215 569 2258; x_wconf 86' lang='lat' dir='ltr'>artificis</span> <span class='ocrx_word' id='word_1_250' title='bbox 610 2214 679 2258; x_wconf 81' lang='lat' dir='ltr'>sui</span> <span class='ocrx_word' id='word_1_251' title='bbox 720 2214 881 2258; x_wconf 84' lang='lat' dir='ltr'>habere</span> <span class='ocrx_word' id='word_1_252' title='bbox 929 2215 1109 2258; x_wconf 88' lang='lat' dir='ltr'>uidetur</span> <span class='ocrx_word' id='word_1_253' title='bbox 1148 2215 1398 2273; x_wconf 87' lang='lat' dir='ltr'>imaginem.</span> <span class='ocrx_word' id='word_1_254' title='bbox 1477 2214 1856 2259; x_wconf 84' lang='lat' dir='ltr'>Meretricantium</span> 
     </span>
    </p>
   </div>
   <div class='ocr_carea' id='block_1_3' title="bbox 384 2328 1855 2463">
    <p class='ocr_par' dir='ltr' id='par_1_3' title="bbox 384 2328 1855 2463">
     <span class='ocr_line' id='line_1_31' title="bbox 384 2328 1855 2377; baseline -0.003 -7"><span class='ocrx_word' id='word_1_255' title='bbox 384 2334 406 2370; x_wconf 92' lang='lat'>8</span> <span class='ocrx_word' id='word_1_256' title='bbox 431 2330 612 2368; x_wconf 72' lang='lat' dir='ltr'>aonennis</span> <span class='ocrx_word' id='word_1_257' title='bbox 628 2330 679 2367; x_wconf 76' lang='lat' dir='ltr'>A:</span> <span class='ocrx_word' id='word_1_258' title='bbox 706 2328 927 2376; x_wconf 68' lang='lat' dir='ltr'>sollempnia</span> <span class='ocrx_word' id='word_1_259' title='bbox 944 2328 969 2366; x_wconf 82' lang='grc' dir='ltr'><strong>Β</strong></span> <span class='ocrx_word' id='word_1_260' title='bbox 1136 2340 1159 2377; x_wconf 91' lang='lat'>9</span> <span class='ocrx_word' id='word_1_261' title='bbox 1184 2330 1337 2377; x_wconf 88' lang='lat' dir='ltr'>oppinio</span> <span class='ocrx_word' id='word_1_262' title='bbox 1356 2330 1381 2367; x_wconf 85' lang='lat' dir='ltr'>S</span> <span class='ocrx_word' id='word_1_263' title='bbox 1551 2340 1593 2375; x_wconf 85' lang='lat'>14</span> <span class='ocrx_word' id='word_1_264' title='bbox 1619 2330 1771 2376; x_wconf 85' lang='lat' dir='ltr'>quando</span> <span class='ocrx_word' id='word_1_265' title='bbox 1789 2329 1855 2366; x_wconf 82' lang='lat' dir='ltr'>SM</span> 
     </span>
     <span class='ocr_line' id='line_1_32' title="bbox 384 2377 1854 2463; baseline -0.001 -47"><span class='ocrx_word' id='word_1_266' title='bbox 384 2389 433 2463; x_wconf 52' lang='grc' dir='ltr'>ΞΟ</span> <span class='ocrx_word' id='word_1_267' title='bbox 481 2384 533 2416; x_wconf 70' lang='lat' dir='ltr'>ost</span> <span class='ocrx_word' id='word_1_268' title='bbox 562 2381 601 2415; x_wconf 86' lang='lat' dir='ltr'>et</span> <span class='ocrx_word' id='word_1_269' title='bbox 627 2379 711 2415; x_wconf 83' lang='lat' dir='ltr'>add.</span> <span class='ocrx_word' id='word_1_270' title='bbox 738 2377 770 2414; x_wconf 75' lang='lat' dir='ltr'>ui</span> <span class='ocrx_word' id='word_1_271' title='bbox 802 2377 839 2414; x_wconf 82' lang='lat' dir='ltr'>M</span> <span class='ocrx_word' id='word_1_272' title='bbox 1006 2379 1051 2415; x_wconf 88' lang='lat'>28</span> <span class='ocrx_word' id='word_1_273' title='bbox 1085 2389 1196 2416; x_wconf 82' lang='lat' dir='ltr'>omne</span> <span class='ocrx_word' id='word_1_274' title='bbox 1224 2390 1314 2425; x_wconf 76' lang='lat' dir='ltr'>opus</span> <span class='ocrx_word' id='word_1_275' title='bbox 1344 2378 1378 2413; x_wconf 84' lang='lat' dir='ltr'>A</span> <span class='ocrx_word' id='word_1_276' title='bbox 1554 2388 1599 2424; x_wconf 89' lang='lat'>29</span> <span class='ocrx_word' id='word_1_277' title='bbox 1635 2377 1854 2425; x_wconf 78' lang='lat' dir='ltr'>ymaginem</span> 
     </span>
    </p>
   </div>
   <div class='ocr_carea' id='block_1_4' title="bbox 386 2532 1858 2809">
    <p class='ocr_par' dir='ltr' id='par_1_4' title="bbox 386 2532 1858 2809">
     <span class='ocr_line' id='line_1_33' title="bbox 434 2532 1855 2590; baseline 0.001 -19"><span class='ocrx_word' id='word_1_278' title='bbox 434 2546 456 2580; x_wconf 98' lang='grc'>4</span> <span class='ocrx_word' id='word_1_279' title='bbox 481 2537 665 2572; x_wconf 68' lang='lat' dir='ltr'>tolutarii:</span> <span class='ocrx_word' id='word_1_280' title='bbox 691 2547 720 2571; x_wconf 86' lang='lat' dir='ltr'>v.</span> <span class='ocrx_word' id='word_1_281' title='bbox 739 2535 827 2571; x_wconf 82' lang='lat' dir='ltr'>Seu.</span> <span class='ocrx_word' id='word_1_282' title='bbox 845 2535 916 2581; x_wconf 80' lang='lat' dir='ltr'>Ep.</span> <span class='ocrx_word' id='word_1_283' title='bbox 933 2535 976 2579; x_wconf 92' lang='grc'>87</span> <span class='ocrx_word' id='word_1_284' title='bbox 993 2532 1010 2581; x_wconf 72' lang='grc' dir='ltr'><strong>ξ</strong></span> <span class='ocrx_word' id='word_1_285' title='bbox 1029 2544 1081 2571; x_wconf 84' lang='grc' dir='ltr'>ιο.</span> <span class='ocrx_word' id='word_1_286' title='bbox 1153 2535 1358 2570; x_wconf 69' lang='lat' dir='ltr'>clitellarii:</span> <span class='ocrx_word' id='word_1_287' title='bbox 1376 2536 1528 2571; x_wconf 69' lang='lat' dir='ltr'>clitellas</span> <span class='ocrx_word' id='word_1_288' title='bbox 1539 2535 1640 2582; x_wconf 79' lang='lat' dir='ltr'>apud</span> <span class='ocrx_word' id='word_1_289' title='bbox 1654 2534 1855 2590; x_wconf 85' lang='lat' dir='ltr'>Horatium</span> 
     </span>
     <span class='ocr_line' id='line_1_34' title="bbox 388 2581 1855 2636; baseline 0.001 -18"><span class='ocrx_word' id='word_1_290' title='bbox 388 2583 477 2623; x_wconf 77' lang='lat' dir='ltr'>(Sat.</span> <span class='ocrx_word' id='word_1_291' title='bbox 497 2583 520 2620; x_wconf 89' lang='lat' dir='ltr'>i.</span> <span class='ocrx_word' id='word_1_292' title='bbox 541 2592 570 2629; x_wconf 85' lang='lat'>5.</span> <span class='ocrx_word' id='word_1_293' title='bbox 590 2592 659 2628; x_wconf 73' lang='lat'>473</span> <span class='ocrx_word' id='word_1_294' title='bbox 686 2584 756 2629; x_wconf 80' lang='lat' dir='ltr'>Ep.</span> <span class='ocrx_word' id='word_1_295' title='bbox 774 2581 797 2618; x_wconf 87' lang='lat' dir='ltr'>i.</span> <span class='ocrx_word' id='word_1_296' title='bbox 823 2592 874 2628; x_wconf 85' lang='lat'>13.</span> <span class='ocrx_word' id='word_1_297' title='bbox 893 2583 942 2625; x_wconf 85' lang='lat'>8),</span> <span class='ocrx_word' id='word_1_298' title='bbox 961 2581 1150 2626; x_wconf 73' lang='grc' dir='ltr'>ἰηνοηὶοες</span> <span class='ocrx_word' id='word_1_299' title='bbox 1178 2583 1251 2619; x_wconf 70' lang='lat' dir='ltr'>elit</span> <span class='ocrx_word' id='word_1_300' title='bbox 1251 2583 1387 2636; x_wconf 69' lang='lat' dir='ltr'>llamps</span> <span class='ocrx_word' id='word_1_301' title='bbox 1404 2585 1532 2619; x_wconf 84' lang='lat' dir='ltr'>tamen</span> <span class='ocrx_word' id='word_1_302' title='bbox 1552 2595 1627 2620; x_wconf 90' lang='lat' dir='ltr'>non</span> <span class='ocrx_word' id='word_1_303' title='bbox 1651 2582 1725 2619; x_wconf 84' lang='lat' dir='ltr'>nisi</span> <span class='ocrx_word' id='word_1_304' title='bbox 1751 2582 1855 2630; x_wconf 86' lang='lat' dir='ltr'>apud</span> 
     </span>
     <span class='ocr_line' id='line_1_35' title="bbox 387 2628 1852 2676; baseline 0 -9"><span class='ocrx_word' id='word_1_305' title='bbox 387 2630 688 2676; x_wconf 61' lang='lat' dir='ltr'>caton.‹1e210m</span> <span class='ocrx_word' id='word_1_306' title='bbox 705 2632 856 2667; x_wconf 76' lang='lat' dir='ltr'>Cultura</span> <span class='ocrx_word' id='word_1_307' title='bbox 874 2628 1000 2676; x_wconf 74' lang='lat' dir='ltr'>c.1o§</span> <span class='ocrx_word' id='word_1_308' title='bbox 1026 2639 1053 2673; x_wconf 86' lang='lat'>1,</span> <span class='ocrx_word' id='word_1_309' title='bbox 1068 2628 1368 2666; x_wconf 75' lang='grc' dir='ltr'>ΟυΙυιιιοΙΙειιηίἰ,</span> <span class='ocrx_word' id='word_1_310' title='bbox 1383 2640 1439 2667; x_wconf 86' lang='lat'>21.</span> <span class='ocrx_word' id='word_1_311' title='bbox 1540 2641 1583 2667; x_wconf 89' lang='lat'>10</span> <span class='ocrx_word' id='word_1_312' title='bbox 1601 2632 1775 2667; x_wconf 72' lang='lat' dir='ltr'>later-um:</span> <span class='ocrx_word' id='word_1_313' title='bbox 1802 2630 1852 2668; x_wconf 74' lang='lat' dir='ltr'>cf.</span> 
     </span>
     <span class='ocr_line' id='line_1_36' title="bbox 387 2677 1858 2731; baseline -0.001 -17"><span class='ocrx_word' id='word_1_314' title='bbox 387 2677 488 2714; x_wconf 76' lang='lat' dir='ltr'>infra</span> <span class='ocrx_word' id='word_1_315' title='bbox 514 2679 534 2713; x_wconf 93' lang='lat'><em>1</em></span> <span class='ocrx_word' id='word_1_316' title='bbox 537 2679 610 2712; x_wconf 77' lang='lat'>01·</span> <span class='ocrx_word' id='word_1_317' title='bbox 591 2690 641 2713; x_wconf 77' lang='lat' dir='ltr'>cr.</span> <span class='ocrx_word' id='word_1_318' title='bbox 661 2689 693 2714; x_wconf 87' lang='lat' dir='ltr'>v.</span> <span class='ocrx_word' id='word_1_319' title='bbox 712 2687 731 2713; x_wconf 86' lang='lat'>2</span> <span class='ocrx_word' id='word_1_320' title='bbox 752 2679 900 2724; x_wconf 77' lang='lat'>(5400).</span> <span class='ocrx_word' id='word_1_321' title='bbox 1026 2686 1067 2721; x_wconf 74' lang='grc'>14</span> <span class='ocrx_word' id='word_1_322' title='bbox 1091 2678 1251 2714; x_wconf 72' lang='lat' dir='ltr'>calculus</span> <span class='ocrx_word' id='word_1_323' title='bbox 1254 2679 1444 2731; x_wconf 72' lang='lat' dir='ltr'>ymnizor</span> <span class='ocrx_word' id='word_1_324' title='bbox 1473 2677 1632 2724; x_wconf 83' lang='lat' dir='ltr'>Anglicc</span> <span class='ocrx_word' id='word_1_325' title='bbox 1658 2691 1681 2714; x_wconf 89' lang='lat' dir='ltr'>a</span> <span class='ocrx_word' id='word_1_326' title='bbox 1714 2678 1858 2715; x_wconf 61' lang='lat' dir='ltr'>heuvim-</span> 
     </span>
     <span class='ocr_line' id='line_1_37' title="bbox 386 2723 1852 2809; baseline 0.001 -49"><span class='ocrx_word' id='word_1_327' title='bbox 386 2726 591 2809; x_wconf 50' lang='lat' dir='ltr'>falconum.</span> <span class='ocrx_word' id='word_1_328' title='bbox 737 2733 775 2772; x_wconf 80' lang='lat'>15</span> <span class='ocrx_word' id='word_1_329' title='bbox 798 2725 927 2772; x_wconf 75' lang='lat' dir='ltr'>pellem</span> <span class='ocrx_word' id='word_1_330' title='bbox 956 2725 1052 2762; x_wconf 46' lang='lat' dir='ltr'>otest</span> <span class='ocrx_word' id='word_1_331' title='bbox 1077 2735 1109 2760; x_wconf 83' lang='lat' dir='ltr'>v</span> <span class='ocrx_word' id='word_1_332' title='bbox 1140 2724 1207 2761; x_wconf 86' lang='lat' dir='ltr'>Iob</span> <span class='ocrx_word' id='word_1_333' title='bbox 1236 2723 1275 2761; x_wconf 84' lang='lat' dir='ltr'>ii.</span> <span class='ocrx_word' id='word_1_334' title='bbox 1304 2735 1336 2770; x_wconf 87' lang='grc'>4.</span> <span class='ocrx_word' id='word_1_335' title='bbox 1483 2727 1527 2762; x_wconf 84' lang='lat'>28</span> <span class='ocrx_word' id='word_1_336' title='bbox 1552 2738 1669 2763; x_wconf 75' lang='lat' dir='ltr'>omme</span> <span class='ocrx_word' id='word_1_337' title='bbox 1693 2727 1786 2763; x_wconf 86' lang='lat' dir='ltr'>etc.:</span> <span class='ocrx_word' id='word_1_338' title='bbox 1819 2737 1852 2762; x_wconf 83' lang='lat' dir='ltr'>v.</span> 
     </span>
     <span class='ocr_line' id='line_1_38' title="bbox 408 2781 667 2809; baseline -0.004 0"><span class='ocrx_word' id='word_1_339' title='bbox 408 2784 505 2809; x_wconf 65' lang='grc' dir='ltr'>σιω]</span> <span class='ocrx_word' id='word_1_340' title='bbox 538 2783 580 2808; x_wconf 83' lang='grc' dir='ltr'>ιιι</span> <span class='ocrx_word' id='word_1_341' title='bbox 612 2781 667 2808; x_wconf 88' lang='lat'>20.</span> 
     </span>
    </p>
   </div>
   <div class='ocr_carea' id='block_1_5' title="bbox 499 2852 562 2887">
    <p class='ocr_par' dir='ltr' id='par_1_5' title="bbox 499 2852 562 2887">
     <span class='ocr_line' id='line_1_39' title="bbox 499 2852 562 2887; baseline 0 -9"><span class='ocrx_word' id='word_1_342' title='bbox 499 2852 562 2887; x_wconf 79' lang='lat'>214</span> 
     </span>
    </p>
   </div>
  </div>
 </body>
</html>
