<?xml version="1.0" encoding="UTF-8"?>
<!DOCTYPE html PUBLIC "-//W3C//DTD XHTML 1.0 Transitional//EN"
    "http://www.w3.org/TR/xhtml1/DTD/xhtml1-transitional.dtd">
<html xmlns="http://www.w3.org/1999/xhtml" xml:lang="en" lang="en">
 <head>
  <title>
</title>
<meta http-equiv="Content-Type" content="text/html;charset=utf-8" />
  <meta name='ocr-system' content='tesseract 3.04.00' />
  <meta name='ocr-capabilities' content='ocr_page ocr_carea ocr_par ocr_line ocrx_word'/>
</head>
<body>
  <div class='ocr_page' id='page_1' title='image "./policraticisived01john_0024.png"; bbox 0 0 1994 3236; ppageno 0'>
   <div class='ocr_carea' id='block_1_1' title="bbox 905 205 1358 251">
    <p class='ocr_par' dir='ltr' id='par_1_1' title="bbox 905 205 1358 251">
     <span class='ocr_line' id='line_1_1' title="bbox 905 205 1358 251; baseline 0.002 -2"><span class='ocrx_word' id='word_1_1' title='bbox 905 205 1315 251; x_wconf 86' lang='lat' dir='ltr'>PROLEGOMEN</span> <span class='ocrx_word' id='word_1_2' title='bbox 1316 207 1358 250; x_wconf 88' lang='lat' dir='ltr'>A</span> 
     </span>
    </p>
   </div>
   <div class='ocr_carea' id='block_1_2' title="bbox 389 319 1861 2924">
    <p class='ocr_par' dir='ltr' id='par_1_2' title="bbox 397 319 1860 641">
     <span class='ocr_line' id='line_1_2' title="bbox 459 319 1858 379; baseline -0.001 -15"><span class='ocrx_word' id='word_1_3' title='bbox 459 320 522 379; x_wconf 92' lang='lat' dir='ltr'>(h)</span> <span class='ocrx_word' id='word_1_4' title='bbox 551 321 603 364; x_wconf 77' lang='lat' dir='ltr'>A.</span> <span class='ocrx_word' id='word_1_5' title='bbox 628 321 737 376; x_wconf 90' lang='lat'>1677</span> <span class='ocrx_word' id='word_1_6' title='bbox 772 319 820 362; x_wconf 94' lang='lat' dir='ltr'>in</span> <span class='ocrx_word' id='word_1_7' title='bbox 853 319 1120 364; x_wconf 75' lang='lat' dir='ltr'><em>Bibliotheca</em></span> <span class='ocrx_word' id='word_1_8' title='bbox 1157 320 1359 364; x_wconf 82' lang='lat' dir='ltr'>Patrwm</span> <span class='ocrx_word' id='word_1_9' title='bbox 1390 320 1529 379; x_wconf 88' lang='lat' dir='ltr'>Lugd.</span> <span class='ocrx_word' id='word_1_10' title='bbox 1565 323 1598 365; x_wconf 87' lang='lat' dir='ltr'>t.</span> <span class='ocrx_word' id='word_1_11' title='bbox 1629 320 1756 373; x_wconf 77' lang='lat' dir='ltr'>xxiii,</span> <span class='ocrx_word' id='word_1_12' title='bbox 1785 333 1858 377; x_wconf 87' lang='lat' dir='ltr'>pp.</span> 
     </span>
     <span class='ocr_line' id='line_1_3' title="bbox 402 389 1860 448; baseline -0.003 -14"><span class='ocrx_word' id='word_1_13' title='bbox 402 402 487 442; x_wconf 84' lang='lat'>242</span> <span class='ocrx_word' id='word_1_14' title='bbox 517 404 635 447; x_wconf 91' lang='lat' dir='ltr'>seqq.</span> <span class='ocrx_word' id='word_1_15' title='bbox 674 389 934 447; x_wconf 84' lang='lat' dir='ltr'>prodierunt</span> <span class='ocrx_word' id='word_1_16' title='bbox 973 389 1213 432; x_wconf 90' lang='lat' dir='ltr'>secundum</span> <span class='ocrx_word' id='word_1_17' title='bbox 1253 389 1490 433; x_wconf 71' lang='lat' dir='ltr'>editionem</span> <span class='ocrx_word' id='word_1_18' title='bbox 1527 390 1860 448; x_wconf 71' lang='lat' dir='ltr'>praecedentem</span> 
     </span>
     <span class='ocr_line' id='line_1_4' title="bbox 399 458 1860 517; baseline -0.001 -16"><span class='ocrx_word' id='word_1_19' title='bbox 399 459 565 502; x_wconf 78' lang='lat' dir='ltr'>Polior.</span> <span class='ocrx_word' id='word_1_20' title='bbox 605 461 652 502; x_wconf 89' lang='lat' dir='ltr'>et</span> <span class='ocrx_word' id='word_1_21' title='bbox 687 458 927 516; x_wconf 69' lang='lat' dir='ltr'>Epi-stolae,</span> <span class='ocrx_word' id='word_1_22' title='bbox 965 461 1142 502; x_wconf 88' lang='lat' dir='ltr'>tantum</span> <span class='ocrx_word' id='word_1_23' title='bbox 1181 458 1334 502; x_wconf 84' lang='lat' dir='ltr'>addito</span> <span class='ocrx_word' id='word_1_24' title='bbox 1383 459 1577 517; x_wconf 90' lang='lat' dir='ltr'>Philippi</span> <span class='ocrx_word' id='word_1_25' title='bbox 1625 459 1774 502; x_wconf 88' lang='lat' dir='ltr'>Labbe</span> <span class='ocrx_word' id='word_1_26' title='bbox 1813 459 1860 500; x_wconf 93' lang='lat' dir='ltr'>in</span> 
     </span>
     <span class='ocr_line' id='line_1_5' title="bbox 399 527 1858 584; baseline 0 -14"><span class='ocrx_word' id='word_1_27' title='bbox 399 531 435 571; x_wconf 90' lang='lat' dir='ltr'>t.</span> <span class='ocrx_word' id='word_1_28' title='bbox 456 528 472 570; x_wconf 93' lang='lat' dir='ltr'>i</span> <span class='ocrx_word' id='word_1_29' title='bbox 500 528 557 571; x_wconf 76' lang='lat' dir='ltr'>in</span> <span class='ocrx_word' id='word_1_30' title='bbox 583 527 921 572; x_wconf 77' lang='lat' dir='ltr'>Beltarminum</span> <span class='ocrx_word' id='word_1_31' title='bbox 948 527 1001 572; x_wconf 80' lang='lat' dir='ltr'>de</span> <span class='ocrx_word' id='word_1_32' title='bbox 1029 527 1193 584; x_wconf 80' lang='lat' dir='ltr'>Script.</span> <span class='ocrx_word' id='word_1_33' title='bbox 1221 528 1377 572; x_wconf 82' lang='lat' dir='ltr'>Eccles.</span> <span class='ocrx_word' id='word_1_34' title='bbox 1404 529 1460 572; x_wconf 91' lang='lat' dir='ltr'>de</span> <span class='ocrx_word' id='word_1_35' title='bbox 1488 529 1655 572; x_wconf 77' lang='lat' dir='ltr'>Ioanne</span> <span class='ocrx_word' id='word_1_36' title='bbox 1685 527 1858 571; x_wconf 87' lang='lat' dir='ltr'>Saresb.</span> 
     </span>
     <span class='ocr_line' id='line_1_6' title="bbox 397 597 664 641; baseline 0.004 -1"><span class='ocrx_word' id='word_1_37' title='bbox 397 597 664 641; x_wconf 86' lang='lat' dir='ltr'>testimonio.</span> 
     </span>
    </p>

    <p class='ocr_par' dir='ltr' id='par_1_3' title="bbox 396 666 1861 1347">
     <span class='ocr_line' id='line_1_7' title="bbox 456 666 1861 725; baseline -0.001 -14"><span class='ocrx_word' id='word_1_38' title='bbox 456 667 510 725; x_wconf 91' lang='lat' dir='ltr'>(i)</span> <span class='ocrx_word' id='word_1_39' title='bbox 552 667 746 711; x_wconf 73' lang='lat' dir='ltr'>Ioannis</span> <span class='ocrx_word' id='word_1_40' title='bbox 777 666 1121 711; x_wconf 79' lang='lat' dir='ltr'>Saresberiensis</span> <span class='ocrx_word' id='word_1_41' title='bbox 1146 670 1299 722; x_wconf 83' lang='lat' dir='ltr'>postea</span> <span class='ocrx_word' id='word_1_42' title='bbox 1331 666 1543 723; x_wconf 76' lang='lat' dir='ltr'><em>Episcopi</em></span> <span class='ocrx_word' id='word_1_43' title='bbox 1574 667 1861 711; x_wconf 62' lang='lat' dir='ltr'>carnotensis</span> 
     </span>
     <span class='ocr_line' id='line_1_8' title="bbox 400 735 1860 794; baseline 0 -14"><span class='ocrx_word' id='word_1_44' title='bbox 400 735 547 794; x_wconf 80' lang='lat' dir='ltr'>Opera</span> <span class='ocrx_word' id='word_1_45' title='bbox 578 736 748 780; x_wconf 75' lang='lat' dir='ltr'>Omnia</span> <span class='ocrx_word' id='word_1_46' title='bbox 777 750 906 780; x_wconf 73' lang='lat' dir='ltr'>‘num</span> <span class='ocrx_word' id='word_1_47' title='bbox 931 735 1147 792; x_wconf 72' lang='lat' dir='ltr'>primum</span> <span class='ocrx_word' id='word_1_48' title='bbox 1179 736 1235 779; x_wconf 77' lang='lat' dir='ltr'>in</span> <span class='ocrx_word' id='word_1_49' title='bbox 1271 750 1427 780; x_wconf 72' lang='lat' dir='ltr'>unum</span> <span class='ocrx_word' id='word_1_50' title='bbox 1466 737 1636 793; x_wconf 72' lang='lat' dir='ltr'>colteyit</span> <span class='ocrx_word' id='word_1_51' title='bbox 1674 740 1715 780; x_wconf 82' lang='lat' dir='ltr'>st</span> <span class='ocrx_word' id='word_1_52' title='bbox 1754 751 1860 780; x_wconf 82' lang='lat' dir='ltr'>cum</span> 
     </span>
     <span class='ocr_line' id='line_1_9' title="bbox 397 804 1861 861; baseline 0.001 -13"><span class='ocrx_word' id='word_1_53' title='bbox 397 805 624 850; x_wconf 70' lang='lat' dir='ltr'>codicibus</span> <span class='ocrx_word' id='word_1_54' title='bbox 640 805 968 861; x_wconf 73' lang='lat' dir='ltr'>manuscriptis</span> <span class='ocrx_word' id='word_1_55' title='bbox 983 804 1175 848; x_wconf 71' lang='lat' dir='ltr'>contulit</span> <span class='ocrx_word' id='word_1_56' title='bbox 1194 804 1235 847; x_wconf 92' lang='lat' dir='ltr'>I.</span> <span class='ocrx_word' id='word_1_57' title='bbox 1252 805 1308 848; x_wconf 84' lang='lat' dir='ltr'>A.</span> <span class='ocrx_word' id='word_1_58' title='bbox 1330 805 1443 850; x_wconf 51' lang='lat' dir='ltr'>Gelos</span> <span class='ocrx_word' id='word_1_59' title='bbox 1461 806 1494 849; x_wconf 94' lang='lat' dir='ltr'><strong><em>I</em></strong></span> <span class='ocrx_word' id='word_1_60' title='bbox 1490 820 1563 850; x_wconf 78' lang='lat' dir='ltr'>ur.</span> <span class='ocrx_word' id='word_1_61' title='bbox 1583 805 1681 849; x_wconf 74' lang='lat' dir='ltr'>Ciu.</span> <span class='ocrx_word' id='word_1_62' title='bbox 1698 806 1861 849; x_wconf 87' lang='lat' dir='ltr'>Doctor</span> 
     </span>
     <span class='ocr_line' id='line_1_10' title="bbox 398 873 1859 931; baseline 0 -13"><span class='ocrx_word' id='word_1_63' title='bbox 398 879 439 919; x_wconf 82' lang='lat' dir='ltr'>et</span> <span class='ocrx_word' id='word_1_64' title='bbox 479 875 661 931; x_wconf 75' lang='lat' dir='ltr'>Colleyii</span> <span class='ocrx_word' id='word_1_65' title='bbox 706 874 914 931; x_wconf 73' lang='lat' dir='ltr'><em>Corporis</em></span> <span class='ocrx_word' id='word_1_66' title='bbox 952 873 1122 918; x_wconf 79' lang='lat' dir='ltr'>Christi</span> <span class='ocrx_word' id='word_1_67' title='bbox 1160 873 1300 918; x_wconf 75' lang='lat' dir='ltr'>Ooeon.</span> <span class='ocrx_word' id='word_1_68' title='bbox 1341 875 1452 919; x_wconf 85' lang='lat' dir='ltr'>olim</span> <span class='ocrx_word' id='word_1_69' title='bbox 1495 875 1665 919; x_wconf 75' lang='lat' dir='ltr'>Sosius.</span> <span class='ocrx_word' id='word_1_70' title='bbox 1737 875 1859 919; x_wconf 87' lang='lat' dir='ltr'>Haec</span> 
     </span>
     <span class='ocr_line' id='line_1_11' title="bbox 398 943 1859 1002; baseline 0 -14"><span class='ocrx_word' id='word_1_71' title='bbox 398 944 547 997; x_wconf 87' lang='lat' dir='ltr'>editio,</span> <span class='ocrx_word' id='word_1_72' title='bbox 579 944 704 988; x_wconf 91' lang='lat' dir='ltr'>utilis</span> <span class='ocrx_word' id='word_1_73' title='bbox 743 944 921 1000; x_wconf 89' lang='lat' dir='ltr'>quidem</span> <span class='ocrx_word' id='word_1_74' title='bbox 964 943 1041 986; x_wconf 90' lang='lat' dir='ltr'>sed</span> <span class='ocrx_word' id='word_1_75' title='bbox 1079 958 1238 1000; x_wconf 84' lang='lat' dir='ltr'>pamm</span> <span class='ocrx_word' id='word_1_76' title='bbox 1277 947 1494 996; x_wconf 88' lang='lat' dir='ltr'>accurata,</span> <span class='ocrx_word' id='word_1_77' title='bbox 1535 945 1589 988; x_wconf 90' lang='lat' dir='ltr'>de</span> <span class='ocrx_word' id='word_1_78' title='bbox 1629 959 1717 1002; x_wconf 91' lang='lat' dir='ltr'>qua</span> <span class='ocrx_word' id='word_1_79' title='bbox 1755 945 1859 988; x_wconf 90' lang='lat' dir='ltr'>uide</span> 
     </span>
     <span class='ocr_line' id='line_1_12' title="bbox 398 1012 1859 1065; baseline 0 -7"><span class='ocrx_word' id='word_1_80' title='bbox 398 1013 791 1058; x_wconf 85' lang='lat' dir='ltr'>Schaarschmidtii</span> <span class='ocrx_word' id='word_1_81' title='bbox 825 1012 1037 1056; x_wconf 87' lang='lat' dir='ltr'>iudicium</span> <span class='ocrx_word' id='word_1_82' title='bbox 1072 1027 1162 1056; x_wconf 93' lang='lat' dir='ltr'>non</span> <span class='ocrx_word' id='word_1_83' title='bbox 1196 1013 1361 1056; x_wconf 85' lang='lat' dir='ltr'>iniuria</span> <span class='ocrx_word' id='word_1_84' title='bbox 1392 1015 1609 1065; x_wconf 87' lang='lat' dir='ltr'>acerbum,</span> <span class='ocrx_word' id='word_1_85' title='bbox 1644 1014 1692 1056; x_wconf 91' lang='lat' dir='ltr'>in</span> <span class='ocrx_word' id='word_1_86' title='bbox 1725 1014 1859 1058; x_wconf 91' lang='lat' dir='ltr'>tomis</span> 
     </span>
     <span class='ocr_line' id='line_1_13' title="bbox 396 1082 1859 1140; baseline 0.001 -15"><span class='ocrx_word' id='word_1_87' title='bbox 396 1098 428 1125; x_wconf 85' lang='lat' dir='ltr'>v</span> <span class='ocrx_word' id='word_1_88' title='bbox 466 1083 790 1140; x_wconf 87' lang='lat' dir='ltr'>comprehensa,</span> <span class='ocrx_word' id='word_1_89' title='bbox 824 1096 1012 1139; x_wconf 85' lang='lat' dir='ltr'>quorum</span> <span class='ocrx_word' id='word_1_90' title='bbox 1051 1082 1100 1124; x_wconf 89' lang='lat' dir='ltr'>iii</span> <span class='ocrx_word' id='word_1_91' title='bbox 1140 1085 1186 1125; x_wconf 90' lang='lat' dir='ltr'>et</span> <span class='ocrx_word' id='word_1_92' title='bbox 1219 1083 1267 1125; x_wconf 89' lang='lat' dir='ltr'>iv</span> <span class='ocrx_word' id='word_1_93' title='bbox 1300 1083 1627 1127; x_wconf 74' lang='lat' dir='ltr'>Policraticum</span> <span class='ocrx_word' id='word_1_94' title='bbox 1665 1083 1771 1135; x_wconf 92' lang='lat' dir='ltr'>siue,</span> <span class='ocrx_word' id='word_1_95' title='bbox 1806 1086 1859 1126; x_wconf 89' lang='lat' dir='ltr'>ut</span> 
     </span>
     <span class='ocr_line' id='line_1_14' title="bbox 396 1150 1855 1209; baseline -0.001 -14"><span class='ocrx_word' id='word_1_96' title='bbox 396 1152 571 1195; x_wconf 87' lang='lat' dir='ltr'>mauult</span> <span class='ocrx_word' id='word_1_97' title='bbox 602 1151 734 1203; x_wconf 85' lang='lat' dir='ltr'>Giles,</span> <span class='ocrx_word' id='word_1_98' title='bbox 767 1151 1105 1208; x_wconf 77' lang='lat' dir='ltr'>Polycraticum</span> <span class='ocrx_word' id='word_1_99' title='bbox 1138 1150 1211 1207; x_wconf 82' lang='lat' dir='ltr'>(cf.</span> <span class='ocrx_word' id='word_1_100' title='bbox 1243 1151 1654 1209; x_wconf 72' lang='lat' dir='ltr'>interpretationem</span> <span class='ocrx_word' id='word_1_101' title='bbox 1686 1153 1734 1194; x_wconf 94' lang='lat' dir='ltr'>in</span> <span class='ocrx_word' id='word_1_102' title='bbox 1763 1152 1855 1196; x_wconf 88' lang='lat' dir='ltr'>cod.</span> 
     </span>
     <span class='ocr_line' id='line_1_15' title="bbox 396 1220 1858 1278; baseline 0 -14"><span class='ocrx_word' id='word_1_103' title='bbox 396 1221 662 1273; x_wconf 86' lang='lat' dir='ltr'>Monacensi‚</span> <span class='ocrx_word' id='word_1_104' title='bbox 701 1221 756 1264; x_wconf 92' lang='lat' dir='ltr'>de</span> <span class='ocrx_word' id='word_1_105' title='bbox 803 1234 890 1277; x_wconf 92' lang='lat' dir='ltr'>quo</span> <span class='ocrx_word' id='word_1_106' title='bbox 939 1234 1084 1277; x_wconf 90' lang='lat' dir='ltr'>supra,</span> <span class='ocrx_word' id='word_1_107' title='bbox 1128 1220 1376 1278; x_wconf 86' lang='lat' dir='ltr'>inuentam)</span> <span class='ocrx_word' id='word_1_108' title='bbox 1414 1221 1654 1274; x_wconf 77' lang='lat' dir='ltr'>continent,</span> <span class='ocrx_word' id='word_1_109' title='bbox 1694 1221 1858 1265; x_wconf 85' lang='lat' dir='ltr'>Oxonii</span> 
     </span>
     <span class='ocr_line' id='line_1_16' title="bbox 396 1288 1731 1347; baseline 0 -13"><span class='ocrx_word' id='word_1_110' title='bbox 396 1305 436 1334; x_wconf 85' lang='lat' dir='ltr'>a.</span> <span class='ocrx_word' id='word_1_111' title='bbox 461 1290 571 1343; x_wconf 90' lang='lat'>1848</span> <span class='ocrx_word' id='word_1_112' title='bbox 593 1290 769 1347; x_wconf 87' lang='lat' dir='ltr'>prodiit.</span> <span class='ocrx_word' id='word_1_113' title='bbox 830 1289 999 1333; x_wconf 83' lang='lat' dir='ltr'>Victori</span> <span class='ocrx_word' id='word_1_114' title='bbox 1020 1288 1186 1333; x_wconf 90' lang='lat' dir='ltr'>Cousin</span> <span class='ocrx_word' id='word_1_115' title='bbox 1205 1303 1316 1346; x_wconf 88' lang='lat' dir='ltr'>opus</span> <span class='ocrx_word' id='word_1_116' title='bbox 1334 1290 1558 1334; x_wconf 88' lang='lat' dir='ltr'>dedicauit</span> <span class='ocrx_word' id='word_1_117' title='bbox 1577 1291 1731 1334; x_wconf 87' lang='lat' dir='ltr'>editor.</span> 
     </span>
    </p>

    <p class='ocr_par' dir='ltr' id='par_1_4' title="bbox 392 1359 1857 1902">
     <span class='ocr_line' id='line_1_17' title="bbox 457 1359 1857 1418; baseline 0 -15"><span class='ocrx_word' id='word_1_118' title='bbox 457 1359 518 1418; x_wconf 83' lang='lat' dir='ltr'>(k)</span> <span class='ocrx_word' id='word_1_119' title='bbox 546 1359 797 1403; x_wconf 87' lang='lat' dir='ltr'>Editionem</span> <span class='ocrx_word' id='word_1_120' title='bbox 823 1359 1119 1402; x_wconf 84' lang='lat' dir='ltr'>Oxoniensem</span> <span class='ocrx_word' id='word_1_121' title='bbox 1144 1361 1190 1402; x_wconf 88' lang='lat' dir='ltr'>et</span> <span class='ocrx_word' id='word_1_122' title='bbox 1218 1359 1370 1415; x_wconf 90' lang='lat' dir='ltr'>ipsam,</span> <span class='ocrx_word' id='word_1_123' title='bbox 1391 1362 1444 1402; x_wconf 92' lang='lat' dir='ltr'>ut</span> <span class='ocrx_word' id='word_1_124' title='bbox 1473 1359 1679 1411; x_wconf 81' lang='lat' dir='ltr'>diximus,</span> <span class='ocrx_word' id='word_1_125' title='bbox 1699 1374 1857 1418; x_wconf 86' lang='lat' dir='ltr'>parum</span> 
     </span>
     <span class='ocr_line' id='line_1_18' title="bbox 394 1428 1856 1486; baseline -0.001 -13"><span class='ocrx_word' id='word_1_126' title='bbox 394 1432 646 1474; x_wconf 77' lang='lat' dir='ltr'>accuratam</span> <span class='ocrx_word' id='word_1_127' title='bbox 675 1443 833 1486; x_wconf 87' lang='lat' dir='ltr'>parum</span> <span class='ocrx_word' id='word_1_128' title='bbox 862 1430 1065 1471; x_wconf 87' lang='lat' dir='ltr'>accurate</span> <span class='ocrx_word' id='word_1_129' title='bbox 1094 1428 1271 1471; x_wconf 88' lang='lat' dir='ltr'>rettulit</span> <span class='ocrx_word' id='word_1_130' title='bbox 1299 1428 1342 1471; x_wconf 86' lang='lat' dir='ltr'>J.</span> <span class='ocrx_word' id='word_1_131' title='bbox 1365 1428 1413 1471; x_wconf 89' lang='lat' dir='ltr'>P.</span> <span class='ocrx_word' id='word_1_132' title='bbox 1439 1428 1589 1486; x_wconf 87' lang='lat' dir='ltr'>Migne</span> <span class='ocrx_word' id='word_1_133' title='bbox 1619 1429 1715 1473; x_wconf 88' lang='lat' dir='ltr'>Par.</span> <span class='ocrx_word' id='word_1_134' title='bbox 1743 1431 1856 1485; x_wconf 85' lang='lat'>1855</span> 
     </span>
     <span class='ocr_line' id='line_1_19' title="bbox 394 1497 1855 1544; baseline 0.001 -2"><span class='ocrx_word' id='word_1_135' title='bbox 394 1499 441 1542; x_wconf 92' lang='lat' dir='ltr'>in</span> <span class='ocrx_word' id='word_1_136' title='bbox 474 1498 645 1542; x_wconf 85' lang='lat' dir='ltr'>Patrol.</span> <span class='ocrx_word' id='word_1_137' title='bbox 681 1498 778 1542; x_wconf 81' lang='lat' dir='ltr'>Lat.</span> <span class='ocrx_word' id='word_1_138' title='bbox 815 1500 847 1541; x_wconf 91' lang='lat' dir='ltr'>t.</span> <span class='ocrx_word' id='word_1_139' title='bbox 884 1498 1024 1541; x_wconf 81' lang='lat' dir='ltr'>cxcix.</span> <span class='ocrx_word' id='word_1_140' title='bbox 1096 1497 1324 1541; x_wconf 77' lang='lat' dir='ltr'>Notitiam</span> <span class='ocrx_word' id='word_1_141' title='bbox 1356 1498 1413 1541; x_wconf 76' lang='lat' dir='ltr'>in</span> <span class='ocrx_word' id='word_1_142' title='bbox 1443 1498 1671 1542; x_wconf 74' lang='lat' dir='ltr'>Ioannem</span> <span class='ocrx_word' id='word_1_143' title='bbox 1705 1500 1855 1544; x_wconf 72' lang='lat' dir='ltr'>Saros-</span> 
     </span>
     <span class='ocr_line' id='line_1_20' title="bbox 395 1566 1857 1621; baseline 0.001 -11"><span class='ocrx_word' id='word_1_144' title='bbox 395 1567 634 1611; x_wconf 66' lang='lat' dir='ltr'>berisnsem</span> <span class='ocrx_word' id='word_1_145' title='bbox 672 1581 729 1610; x_wconf 86' lang='lat' dir='ltr'>ex</span> <span class='ocrx_word' id='word_1_146' title='bbox 771 1566 885 1611; x_wconf 80' lang='lat' dir='ltr'>Gall.</span> <span class='ocrx_word' id='word_1_147' title='bbox 923 1566 1083 1611; x_wconf 81' lang='lat' dir='ltr'>Christ.</span> <span class='ocrx_word' id='word_1_148' title='bbox 1115 1580 1223 1610; x_wconf 73' lang='lat' dir='ltr'>‘nou-</span> <span class='ocrx_word' id='word_1_149' title='bbox 1260 1570 1293 1610; x_wconf 88' lang='lat' dir='ltr'>t.</span> <span class='ocrx_word' id='word_1_150' title='bbox 1331 1567 1422 1619; x_wconf 90' lang='lat' dir='ltr'>viii,</span> <span class='ocrx_word' id='word_1_151' title='bbox 1456 1568 1534 1612; x_wconf 88' lang='lat' dir='ltr'>col.</span> <span class='ocrx_word' id='word_1_152' title='bbox 1572 1571 1681 1621; x_wconf 92' lang='lat'><strong>1146</strong></span> <span class='ocrx_word' id='word_1_153' title='bbox 1716 1573 1762 1612; x_wconf 90' lang='lat' dir='ltr'>et</span> <span class='ocrx_word' id='word_1_154' title='bbox 1800 1584 1857 1612; x_wconf 84' lang='lat' dir='ltr'>ex</span> 
     </span>
     <span class='ocr_line' id='line_1_21' title="bbox 395 1635 1855 1695; baseline 0.001 -15"><span class='ocrx_word' id='word_1_155' title='bbox 395 1637 585 1680; x_wconf 77' lang='lat' dir='ltr'>Fabricii</span> <span class='ocrx_word' id='word_1_156' title='bbox 609 1635 816 1680; x_wconf 79' lang='lat' dir='ltr'>Biblioth.</span> <span class='ocrx_word' id='word_1_157' title='bbox 843 1636 957 1680; x_wconf 80' lang='lat' dir='ltr'>med.</span> <span class='ocrx_word' id='word_1_158' title='bbox 984 1638 1023 1679; x_wconf 79' lang='lat' dir='ltr'>et</span> <span class='ocrx_word' id='word_1_159' title='bbox 1049 1635 1136 1693; x_wconf 71' lang='lat' dir='ltr'>inf.</span> <span class='ocrx_word' id='word_1_160' title='bbox 1158 1635 1437 1687; x_wconf 76' lang='lat' dir='ltr'>Latinitatis,</span> <span class='ocrx_word' id='word_1_161' title='bbox 1458 1637 1518 1681; x_wconf 89' lang='lat' dir='ltr'>vi.</span> <span class='ocrx_word' id='word_1_162' title='bbox 1544 1650 1638 1695; x_wconf 82' lang='lat'>131,</span> <span class='ocrx_word' id='word_1_163' title='bbox 1657 1652 1736 1682; x_wconf 88' lang='lat' dir='ltr'>nec</span> <span class='ocrx_word' id='word_1_164' title='bbox 1765 1653 1855 1682; x_wconf 91' lang='lat' dir='ltr'>non</span> 
     </span>
     <span class='ocr_line' id='line_1_22' title="bbox 393 1704 1856 1764; baseline 0.002 -16"><span class='ocrx_word' id='word_1_165' title='bbox 393 1706 617 1749; x_wconf 84' lang='lat' dir='ltr'>interdum</span> <span class='ocrx_word' id='word_1_166' title='bbox 652 1705 768 1749; x_wconf 88' lang='lat' dir='ltr'>locos</span> <span class='ocrx_word' id='word_1_167' title='bbox 802 1719 859 1748; x_wconf 83' lang='lat' dir='ltr'>ex</span> <span class='ocrx_word' id='word_1_168' title='bbox 892 1704 1048 1748; x_wconf 88' lang='lat' dir='ltr'>Bibliis</span> <span class='ocrx_word' id='word_1_169' title='bbox 1089 1705 1235 1748; x_wconf 88' lang='lat' dir='ltr'>Sacris</span> <span class='ocrx_word' id='word_1_170' title='bbox 1273 1709 1319 1749; x_wconf 92' lang='lat' dir='ltr'>et</span> <span class='ocrx_word' id='word_1_171' title='bbox 1349 1720 1405 1749; x_wconf 87' lang='lat' dir='ltr'>ex</span> <span class='ocrx_word' id='word_1_172' title='bbox 1439 1707 1582 1764; x_wconf 89' lang='lat' dir='ltr'>poetis</span> <span class='ocrx_word' id='word_1_173' title='bbox 1613 1707 1856 1751; x_wconf 81' lang='lat' dir='ltr'>notissimis</span> 
     </span>
     <span class='ocr_line' id='line_1_23' title="bbox 393 1773 1856 1832; baseline 0.001 -14"><span class='ocrx_word' id='word_1_174' title='bbox 393 1790 420 1818; x_wconf 90' lang='lat' dir='ltr'>a</span> <span class='ocrx_word' id='word_1_175' title='bbox 459 1775 625 1818; x_wconf 83' lang='lat' dir='ltr'>Ioanne</span> <span class='ocrx_word' id='word_1_176' title='bbox 663 1774 822 1818; x_wconf 87' lang='lat' dir='ltr'>citatos</span> <span class='ocrx_word' id='word_1_177' title='bbox 861 1773 1108 1817; x_wconf 86' lang='lat' dir='ltr'>adnotauit.</span> <span class='ocrx_word' id='word_1_178' title='bbox 1180 1774 1366 1818; x_wconf 89' lang='lat' dir='ltr'>Numeri</span> <span class='ocrx_word' id='word_1_179' title='bbox 1407 1789 1516 1832; x_wconf 92' lang='lat' dir='ltr'>quos</span> <span class='ocrx_word' id='word_1_180' title='bbox 1562 1776 1609 1818; x_wconf 90' lang='lat' dir='ltr'>in</span> <span class='ocrx_word' id='word_1_181' title='bbox 1649 1776 1856 1820; x_wconf 81' lang='lat' dir='ltr'>editionis</span> 
     </span>
     <span class='ocr_line' id='line_1_24' title="bbox 392 1843 1834 1902; baseline 0.001 -14"><span class='ocrx_word' id='word_1_182' title='bbox 392 1848 569 1888; x_wconf 89' lang='lat' dir='ltr'>nostrae</span> <span class='ocrx_word' id='word_1_183' title='bbox 589 1843 862 1901; x_wconf 81' lang='lat' dir='ltr'>marginibus</span> <span class='ocrx_word' id='word_1_184' title='bbox 882 1843 1093 1895; x_wconf 89' lang='lat' dir='ltr'>inuenies,</span> <span class='ocrx_word' id='word_1_185' title='bbox 1111 1843 1336 1887; x_wconf 87' lang='lat' dir='ltr'>columnas</span> <span class='ocrx_word' id='word_1_186' title='bbox 1356 1844 1606 1902; x_wconf 84' lang='lat' dir='ltr'>Mignianas</span> <span class='ocrx_word' id='word_1_187' title='bbox 1625 1845 1834 1890; x_wconf 88' lang='lat' dir='ltr'>indicant.</span> 
     </span>
    </p>

    <p class='ocr_par' dir='ltr' id='par_1_5' title="bbox 392 1912 1851 2041">
     <span class='ocr_line' id='line_1_25' title="bbox 450 1912 1851 1967; baseline 0.002 -10"><span class='ocrx_word' id='word_1_188' title='bbox 450 1913 517 1957; x_wconf 92' lang='lat' dir='ltr'>De</span> <span class='ocrx_word' id='word_1_189' title='bbox 547 1913 815 1956; x_wconf 88' lang='lat' dir='ltr'>editionibus</span> <span class='ocrx_word' id='word_1_190' title='bbox 844 1912 947 1956; x_wconf 89' lang='lat' dir='ltr'>uide</span> <span class='ocrx_word' id='word_1_191' title='bbox 977 1913 1112 1955; x_wconf 88' lang='lat' dir='ltr'>etiam</span> <span class='ocrx_word' id='word_1_192' title='bbox 1138 1913 1602 1967; x_wconf 88' lang='lat' dir='ltr'>Schaarschmidtium‚</span> <span class='ocrx_word' id='word_1_193' title='bbox 1629 1914 1722 1959; x_wconf 91' lang='lat' dir='ltr'>Ioh.</span> <span class='ocrx_word' id='word_1_194' title='bbox 1750 1915 1851 1960; x_wconf 81' lang='lat' dir='ltr'>Sar.</span> 
     </span>
     <span class='ocr_line' id='line_1_26' title="bbox 392 1985 712 2041; baseline -0.003 -15"><span class='ocrx_word' id='word_1_195' title='bbox 392 1998 466 2041; x_wconf 89' lang='lat' dir='ltr'>pp.</span> <span class='ocrx_word' id='word_1_196' title='bbox 488 1985 570 2040; x_wconf 85' lang='lat'>283</span> <span class='ocrx_word' id='word_1_197' title='bbox 592 1997 712 2039; x_wconf 85' lang='lat' dir='ltr'>seqq.</span> 
     </span>
    </p>

    <p class='ocr_par' dir='ltr' id='par_1_6' title="bbox 390 2049 1855 2167">
     <span class='ocr_line' id='line_1_27' title="bbox 452 2049 1855 2111; baseline 0.002 -16"><span class='ocrx_word' id='word_1_198' title='bbox 452 2051 732 2095; x_wconf 89' lang='lat' dir='ltr'>Editionibus</span> <span class='ocrx_word' id='word_1_199' title='bbox 760 2049 1025 2094; x_wconf 54' lang='lat' dir='ltr'>Pola-ratini</span> <span class='ocrx_word' id='word_1_200' title='bbox 1053 2051 1322 2095; x_wconf 77' lang='lat' dir='ltr'>enumeratis</span> <span class='ocrx_word' id='word_1_201' title='bbox 1350 2052 1615 2110; x_wconf 85' lang='lat' dir='ltr'>subiungam</span> <span class='ocrx_word' id='word_1_202' title='bbox 1646 2068 1758 2111; x_wconf 88' lang='lat' dir='ltr'>quae</span> <span class='ocrx_word' id='word_1_203' title='bbox 1788 2054 1855 2097; x_wconf 88' lang='lat' dir='ltr'>di-</span> 
     </span>
     <span class='ocr_line' id='line_1_28' title="bbox 390 2120 1832 2167; baseline 0.001 -2"><span class='ocrx_word' id='word_1_204' title='bbox 390 2121 530 2165; x_wconf 86' lang='lat' dir='ltr'>cenda</span> <span class='ocrx_word' id='word_1_205' title='bbox 549 2134 642 2164; x_wconf 87' lang='lat' dir='ltr'>esse</span> <span class='ocrx_word' id='word_1_206' title='bbox 662 2120 873 2163; x_wconf 87' lang='lat' dir='ltr'>uidentur</span> <span class='ocrx_word' id='word_1_207' title='bbox 892 2120 946 2163; x_wconf 84' lang='lat' dir='ltr'>de</span> <span class='ocrx_word' id='word_1_208' title='bbox 967 2120 1165 2163; x_wconf 85' lang='lat' dir='ltr'>uirorum</span> <span class='ocrx_word' id='word_1_209' title='bbox 1186 2120 1414 2164; x_wconf 89' lang='lat' dir='ltr'>doctorum</span> <span class='ocrx_word' id='word_1_210' title='bbox 1435 2121 1832 2167; x_wconf 86' lang='lat' dir='ltr'>dissertationibus.</span> 
     </span>
    </p>

    <p class='ocr_par' dir='ltr' id='par_1_7' title="bbox 389 2189 1854 2875">
     <span class='ocr_line' id='line_1_29' title="bbox 449 2189 1852 2247; baseline 0.001 -13"><span class='ocrx_word' id='word_1_211' title='bbox 449 2190 516 2234; x_wconf 91' lang='lat' dir='ltr'>De</span> <span class='ocrx_word' id='word_1_212' title='bbox 537 2190 702 2233; x_wconf 82' lang='lat' dir='ltr'>Ioanne</span> <span class='ocrx_word' id='word_1_213' title='bbox 728 2189 1047 2233; x_wconf 87' lang='lat' dir='ltr'>Saresberiensi</span> <span class='ocrx_word' id='word_1_214' title='bbox 1073 2190 1238 2247; x_wconf 90' lang='lat' dir='ltr'>optime</span> <span class='ocrx_word' id='word_1_215' title='bbox 1268 2191 1431 2234; x_wconf 86' lang='lat' dir='ltr'>meruit</span> <span class='ocrx_word' id='word_1_216' title='bbox 1457 2190 1643 2235; x_wconf 82' lang='lat' dir='ltr'>Carolus</span> <span class='ocrx_word' id='word_1_217' title='bbox 1666 2192 1852 2236; x_wconf 88' lang='lat' dir='ltr'>Schaar-</span> 
     </span>
     <span class='ocr_line' id='line_1_30' title="bbox 391 2258 1854 2317; baseline 0.001 -13"><span class='ocrx_word' id='word_1_218' title='bbox 391 2259 654 2304; x_wconf 89' lang='lat' dir='ltr'>schmidtius</span> <span class='ocrx_word' id='word_1_219' title='bbox 700 2259 746 2301; x_wconf 93' lang='lat' dir='ltr'>in</span> <span class='ocrx_word' id='word_1_220' title='bbox 792 2258 940 2302; x_wconf 90' lang='lat' dir='ltr'>libello</span> <span class='ocrx_word' id='word_1_221' title='bbox 984 2259 1160 2317; x_wconf 87' lang='lat' dir='ltr'>egregio</span> <span class='ocrx_word' id='word_1_222' title='bbox 1207 2259 1282 2316; x_wconf 90' lang='lat' dir='ltr'>qui</span> <span class='ocrx_word' id='word_1_223' title='bbox 1330 2260 1589 2304; x_wconf 87' lang='lat' dir='ltr'>inscribitur</span> <span class='ocrx_word' id='word_1_224' title='bbox 1627 2261 1854 2306; x_wconf 71' lang='lat' dir='ltr'>Iohannes</span> 
     </span>
     <span class='ocr_line' id='line_1_31' title="bbox 390 2328 1853 2387; baseline 0.002 -14"><span class='ocrx_word' id='word_1_225' title='bbox 390 2328 734 2373; x_wconf 72' lang='lat' dir='ltr'>Sarisberiensis</span> <span class='ocrx_word' id='word_1_226' title='bbox 770 2328 887 2371; x_wconf 77' lang='lat' dir='ltr'>nach</span> <span class='ocrx_word' id='word_1_227' title='bbox 926 2328 1067 2373; x_wconf 68' lang='lat' dir='ltr'>haben</span> <span class='ocrx_word' id='word_1_228' title='bbox 1105 2328 1209 2373; x_wconf 79' lang='lat' dir='ltr'>wnd</span> <span class='ocrx_word' id='word_1_229' title='bbox 1246 2329 1453 2382; x_wconf 66' lang='lat' dir='ltr'>Studien,</span> <span class='ocrx_word' id='word_1_230' title='bbox 1486 2329 1716 2387; x_wconf 71' lang='lat' dir='ltr'>Schriften</span> <span class='ocrx_word' id='word_1_231' title='bbox 1750 2333 1853 2376; x_wconf 77' lang='lat' dir='ltr'>und</span> 
     </span>
     <span class='ocr_line' id='line_1_32' title="bbox 390 2397 1850 2457; baseline 0.002 -16"><span class='ocrx_word' id='word_1_232' title='bbox 390 2397 683 2455; x_wconf 64' lang='lat' dir='ltr'>Philosophia,</span> <span class='ocrx_word' id='word_1_233' title='bbox 703 2400 748 2440; x_wconf 88' lang='lat' dir='ltr'>et</span> <span class='ocrx_word' id='word_1_234' title='bbox 770 2397 943 2455; x_wconf 85' lang='lat' dir='ltr'>Lipsiae</span> <span class='ocrx_word' id='word_1_235' title='bbox 970 2412 1010 2441; x_wconf 89' lang='lat' dir='ltr'>a.</span> <span class='ocrx_word' id='word_1_236' title='bbox 1037 2398 1146 2441; x_wconf 86' lang='lat'>1862</span> <span class='ocrx_word' id='word_1_237' title='bbox 1177 2399 1353 2456; x_wconf 83' lang='lat' dir='ltr'>prodiit.</span> <span class='ocrx_word' id='word_1_238' title='bbox 1414 2398 1638 2457; x_wconf 85' lang='lat' dir='ltr'>Collegam</span> <span class='ocrx_word' id='word_1_239' title='bbox 1669 2404 1714 2444; x_wconf 91' lang='lat' dir='ltr'>et</span> <span class='ocrx_word' id='word_1_240' title='bbox 1743 2402 1850 2445; x_wconf 89' lang='lat' dir='ltr'>ami-</span> 
     </span>
     <span class='ocr_line' id='line_1_33' title="bbox 389 2466 1852 2524; baseline 0.002 -13"><span class='ocrx_word' id='word_1_241' title='bbox 389 2481 490 2511; x_wconf 89' lang='lat' dir='ltr'>cum</span> <span class='ocrx_word' id='word_1_242' title='bbox 539 2480 697 2519; x_wconf 85' lang='lat' dir='ltr'>meum,</span> <span class='ocrx_word' id='word_1_243' title='bbox 737 2466 1031 2524; x_wconf 84' lang='lat' dir='ltr'>Reginaldum</span> <span class='ocrx_word' id='word_1_244' title='bbox 1082 2467 1202 2511; x_wconf 88' lang='lat' dir='ltr'>Lane</span> <span class='ocrx_word' id='word_1_245' title='bbox 1252 2467 1393 2520; x_wconf 89' lang='lat' dir='ltr'>Poole,</span> <span class='ocrx_word' id='word_1_246' title='bbox 1432 2467 1486 2511; x_wconf 91' lang='lat' dir='ltr'>de</span> <span class='ocrx_word' id='word_1_247' title='bbox 1535 2468 1716 2513; x_wconf 87' lang='lat' dir='ltr'>Ioannis</span> <span class='ocrx_word' id='word_1_248' title='bbox 1754 2470 1852 2515; x_wconf 84' lang='lat' dir='ltr'>uita</span> 
     </span>
     <span class='ocr_line' id='line_1_34' title="bbox 389 2535 1851 2595; baseline 0.003 -15"><span class='ocrx_word' id='word_1_249' title='bbox 389 2536 650 2594; x_wconf 80' lang='lat' dir='ltr'>scriptisque</span> <span class='ocrx_word' id='word_1_250' title='bbox 685 2535 753 2579; x_wconf 90' lang='lat' dir='ltr'>bis</span> <span class='ocrx_word' id='word_1_251' title='bbox 788 2536 1113 2579; x_wconf 82' lang='lat' dir='ltr'>accuratissime</span> <span class='ocrx_word' id='word_1_252' title='bbox 1153 2540 1198 2580; x_wconf 90' lang='lat' dir='ltr'>et</span> <span class='ocrx_word' id='word_1_253' title='bbox 1233 2536 1555 2595; x_wconf 86' lang='lat' dir='ltr'>elegantissime</span> <span class='ocrx_word' id='word_1_254' title='bbox 1589 2541 1851 2585; x_wconf 83' lang='lat' dir='ltr'>tractauisse</span> 
     </span>
     <span class='ocr_line' id='line_1_35' title="bbox 390 2603 1849 2663; baseline 0.005 -17"><span class='ocrx_word' id='word_1_255' title='bbox 390 2604 478 2647; x_wconf 85' lang='lat' dir='ltr'>iam</span> <span class='ocrx_word' id='word_1_256' title='bbox 509 2604 555 2647; x_wconf 89' lang='lat' dir='ltr'>in</span> <span class='ocrx_word' id='word_1_257' title='bbox 586 2603 754 2662; x_wconf 84' lang='lat' dir='ltr'>Proleg.</span> <span class='ocrx_word' id='word_1_258' title='bbox 785 2606 808 2662; x_wconf 54' lang='grc' dir='ltr'>ᾧ</span> <span class='ocrx_word' id='word_1_259' title='bbox 843 2618 860 2647; x_wconf 92' lang='lat'>1</span> <span class='ocrx_word' id='word_1_260' title='bbox 895 2605 1150 2649; x_wconf 84' lang='lat' dir='ltr'>memoraui.</span> <span class='ocrx_word' id='word_1_261' title='bbox 1242 2605 1513 2663; x_wconf 87' lang='lat' dir='ltr'>Opusculum</span> <span class='ocrx_word' id='word_1_262' title='bbox 1544 2606 1670 2650; x_wconf 83' lang='lat' dir='ltr'>Pauli</span> <span class='ocrx_word' id='word_1_263' title='bbox 1702 2608 1849 2653; x_wconf 88' lang='lat' dir='ltr'>Genn-</span> 
     </span>
     <span class='ocr_line' id='line_1_36' title="bbox 389 2672 1848 2731; baseline 0.003 -14"><span class='ocrx_word' id='word_1_264' title='bbox 389 2672 516 2717; x_wconf 85' lang='lat' dir='ltr'>richii</span> <span class='ocrx_word' id='word_1_265' title='bbox 547 2672 721 2716; x_wconf 83' lang='lat' dir='ltr'>Gorhae</span> <span class='ocrx_word' id='word_1_266' title='bbox 751 2688 790 2716; x_wconf 90' lang='lat' dir='ltr'>a.</span> <span class='ocrx_word' id='word_1_267' title='bbox 816 2675 926 2728; x_wconf 84' lang='lat'>1894</span> <span class='ocrx_word' id='word_1_268' title='bbox 953 2674 1198 2731; x_wconf 84' lang='lat' dir='ltr'>uulgatum,</span> <span class='ocrx_word' id='word_1_269' title='bbox 1219 2674 1301 2718; x_wconf 64' lang='lat' dir='ltr'>Dia</span> <span class='ocrx_word' id='word_1_270' title='bbox 1327 2676 1478 2720; x_wconf 81' lang='lat' dir='ltr'>Staats</span> <span class='ocrx_word' id='word_1_271' title='bbox 1500 2677 1606 2720; x_wconf 81' lang='lat' dir='ltr'>wnd</span> <span class='ocrx_word' id='word_1_272' title='bbox 1631 2677 1848 2723; x_wconf 74' lang='lat' dir='ltr'>Kirche‘n-</span> 
     </span>
     <span class='ocr_line' id='line_1_37' title="bbox 389 2741 1846 2805; baseline 0.003 -19"><span class='ocrx_word' id='word_1_273' title='bbox 389 2741 504 2786; x_wconf 80' lang='lat' dir='ltr'>lehre</span> <span class='ocrx_word' id='word_1_274' title='bbox 541 2741 753 2787; x_wconf 77' lang='lat' dir='ltr'>Johawns</span> <span class='ocrx_word' id='word_1_275' title='bbox 783 2756 869 2786; x_wconf 76' lang='lat' dir='ltr'>von</span> <span class='ocrx_word' id='word_1_276' title='bbox 899 2742 1146 2799; x_wconf 74' lang='lat' dir='ltr'>Satisbury,</span> <span class='ocrx_word' id='word_1_277' title='bbox 1177 2758 1493 2802; x_wconf 86' lang='lat' dir='ltr'>nonnunquam</span> <span class='ocrx_word' id='word_1_278' title='bbox 1524 2746 1633 2790; x_wconf 88' lang='lat' dir='ltr'>mihi</span> <span class='ocrx_word' id='word_1_279' title='bbox 1663 2747 1846 2805; x_wconf 82' lang='lat' dir='ltr'>profuit.</span> 
     </span>
     <span class='ocr_line' id='line_1_38' title="bbox 391 2810 1849 2875; baseline 0.004 -20"><span class='ocrx_word' id='word_1_280' title='bbox 391 2810 445 2855; x_wconf 87' lang='lat' dir='ltr'>In</span> <span class='ocrx_word' id='word_1_281' title='bbox 479 2811 633 2856; x_wconf 81' lang='lat' dir='ltr'>Museo</span> <span class='ocrx_word' id='word_1_282' title='bbox 665 2811 921 2857; x_wconf 83' lang='lat' dir='ltr'>Britannico</span> <span class='ocrx_word' id='word_1_283' title='bbox 948 2811 1076 2871; x_wconf 88' lang='lat' dir='ltr'>(plut.</span> <span class='ocrx_word' id='word_1_284' title='bbox 1107 2825 1191 2870; x_wconf 86' lang='lat'>720</span> <span class='ocrx_word' id='word_1_285' title='bbox 1226 2813 1267 2857; x_wconf 93' lang='lat' dir='ltr'>b.</span> <span class='ocrx_word' id='word_1_286' title='bbox 1295 2814 1368 2874; x_wconf 86' lang='lat'>25)</span> <span class='ocrx_word' id='word_1_287' title='bbox 1393 2818 1599 2860; x_wconf 87' lang='lat' dir='ltr'>seruatur</span> <span class='ocrx_word' id='word_1_288' title='bbox 1624 2817 1849 2875; x_wconf 86' lang='lat' dir='ltr'>exemplar</span> 
     </span>
    </p>

    <p class='ocr_par' dir='ltr' id='par_1_8' title="bbox 505 2894 567 2924">
     <span class='ocr_line' id='line_1_39' title="bbox 505 2894 567 2924; baseline 0 0"><span class='ocrx_word' id='word_1_289' title='bbox 505 2894 567 2924; x_wconf 86' lang='lat' dir='ltr'>xx</span> 
     </span>
    </p>
   </div>
  </div>
 </body>
</html>
