1994 3190
286 180 364 221 52⁷
384 169 414 210 d
748 168 1008 213 IOANNIS
1047 167 1562 212 SARESBERIENSIS
1650 133 1654 137 ⁶
1710 167 1824 230 [mn.
1838 181 1889 214 ιν

382 297 412 338 <1
429 289 588 346 inquit,
622 304 697 333 cor
735 289 829 332 eius
860 289 908 331 in
939 289 1191 346 superbiam
1225 303 1357 346 super
1391 287 1553 332 fratres
1587 304 1699 334 suos.
1760 290 1890 344 Quod

428 359 662 416 praecipue
689 359 980 402 necessarium
1008 362 1086 410 est,
1106 358 1280 415 saepius
1306 358 1501 415 replicat,
1524 373 1575 402 eo
1602 359 1718 416 quod
1745 360 1889 402 humi-

429 428 533 471 litas
567 443 809 485 numquam
844 428 952 471 satis
983 428 1163 470 uidetur
1195 427 1500 471 commendata
1530 428 1815 486 principibus,
1845 433 1892 472 et

429 497 736 541 difficillimum
761 501 828 540 est
851 501 903 540 ut
928 497 1092 555 gradus
1120 497 1298 539 honoris
1319 499 1536 540 tumorem
1559 512 1648 540 non
1668 499 1815 555 pariat
1841 499 1890 541 in

429 567 578 610 animo
593 567 898 624 imprudentis.
946 566 1158 623 Superbis
1177 566 1332 623 utique
1352 566 1519 609 resistit
1538 566 1660 610 Deus
1680 571 1725 610 et
1745 568 1888 610 humi·
1908 588 1928 623 ⁵

429 636 547 679 libus
567 636 646 679 dat
664 637 867 694 gratiam.
926 636 1114 678 Prouide
1138 650 1243 693 ergo
1267 650 1347 678 rex
1373 638 1472 678 orat
1494 650 1550 678 ne
1575 637 1729 679 ueniat
1752 638 1792 680 ei
1812 652 1890 695 pes

431 706 673 763 superbiae,
694 706 798 763 quia
818 706 865 748 in
886 721 936 748 eo
959 705 1211 749 ceciderunt
1237 705 1314 761 qui
1337 707 1578 761 operantur
1596 705 1892 762 iniquitatem,

430 775 603 832 expulsi
633 779 739 818 sunt
769 790 849 819 nec
883 777 1125 832 potuerunt
1154 776 1282 816 stare.
1342 774 1445 816 Non
1480 774 1631 831 itaque
1665 775 1892 832 superbiat
1972 798 1974 800 ·

430 859 562 901 super
600 844 785 897 fratres;
835 845 924 894 sed,
956 858 1056 886 cum
1102 843 1294 886 fratrum
1339 843 1602 898 meminerit,
1642 843 1892 888 fraternum

429 913 637 956 subiectis
653 914 856 956 omnibus
871 913 1098 970 impendat
1118 913 1335 955 affectum.
1385 912 1443 955 Et
1459 912 1635 969 quidem
1651 902 1893 970 prudenter
1911 932 1953 956 10

428 983 727 1026 humilitatem
747 998 847 1026 cum
867 982 1128 1025 discretione
1149 984 1194 1024 et
1219 982 1404 1024 caritate
1428 982 1587 1024 indicit
1605 983 1892 1041 principibus,

428 1052 535 1108 quia
565 1053 659 1095 sine
698 1052 796 1095 istis
830 1052 1008 1094 omnino
1042 1051 1280 1094 subsistere
1314 1065 1403 1093 non
1431 1054 1578 1107 potest
1606 1053 1892 1110 principatus.

430 1121 640 1178 Quisquis
670 1135 774 1178 ergo
802 1121 989 1178 gradum
1016 1120 1219 1177 propriae
1249 1119 1522 1163 celsitudinis
1551 1124 1684 1174 amat,
1714 1122 1891 1164 humili-

283 1193 362 1240 528
382 1204 412 1234 a
429 1191 536 1233 tatis
565 1190 738 1233 culmen
773 1190 820 1232 in
850 1190 1046 1232 moribus
1075 1189 1411 1246 diligentissime
1444 1192 1605 1233 teneat.
1665 1190 1783 1233 Nam
1813 1191 1891 1248 qui

428 1259 486 1302 ab
518 1260 784 1302 humilitatis
819 1259 1024 1316 operibus
1052 1258 1228 1310 recedit,
1255 1273 1282 1301 a
1311 1258 1544 1316 dignitatis
1573 1274 1677 1302 suae
1708 1259 1890 1318 fastigio
1908 1277 1950 1312 15

428 1329 615 1371 tumoris
634 1329 825 1386 pondere
845 1329 976 1372 cadit.
1039 1328 1224 1371 Obtinet
1244 1328 1361 1371 enim
1381 1331 1594 1386 perpetuo
1618 1329 1723 1386 quia
1746 1329 1822 1386 qui
1843 1343 1890 1373 se

429 1398 636 1440 humiliat
652 1397 935 1448 exaltabitur,
951 1400 996 1440 et
1012 1397 1107 1440 uice
1123 1412 1253 1440 uersa
1268 1397 1343 1454 qui
1361 1412 1407 1440 se
1423 1397 1593 1441 exaltat
1607 1398 1890 1455 deprimetur.

429 1467 593 1524 Regem
635 1467 932 1510 Romanorum
975 1467 1266 1509 nouissimum
1313 1466 1603 1524 Tarquinium
1646 1467 1753 1511 fecit
1798 1483 1892 1512 esse

427 1536 645 1593 superbia,
668 1528 717 1579 et'
744 1536 784 1579 ei
820 1536 876 1579 ab
906 1536 1159 1579 humilitate
1189 1536 1330 1594 magis
1361 1537 1627 1580 necessarios
1656 1537 1892 1582 substituit

427 1606 728 1662 magistratus.
789 1605 991 1662 Denique
1026 1621 1156 1663 quem
1196 1606 1484 1663 superborum
1524 1606 1670 1664 legisti
1704 1622 1890 1665 regnare
1909 1629 1952 1654 πο

426 1675 628 1718 diutius?
686 1675 850 1718 Eorum
885 1679 1086 1731 namque,
1122 1675 1199 1732 qui
1233 1690 1312 1733 per
1345 1676 1596 1733 superbiam
1627 1675 1890 1728 ceciderunt,

427 1744 612 1786 historia
641 1745 814 1801 copiosa
842 1747 918 1787 est.
979 1744 1072 1788 Nec
1099 1748 1248 1788 tamen
1275 1747 1458 1788 eatenus
1487 1745 1738 1802 superbiam
1765 1745 1892 1798 uitet,

426 1816 479 1855 ut
506 1812 673 1855 incidat
699 1813 745 1855 in
773 1816 1099 1871 contemptum;
1129 1814 1234 1871 quia
1257 1814 1372 1858 sicut
1392 1814 1535 1865 elatio,
1555 1814 1620 1857 ita
1640 1817 1686 1858 et
1705 1814 1892 1859 abiectio

426 1881 687 1925 declinanda
708 1885 784 1925 est.
845 1883 970 1926 Vnde
991 1886 1037 1925 et
1056 1883 1102 1925 in
1123 1884 1218 1926 iure
1235 1884 1433 1927 Romano
1452 1886 1631 1927 cautum
1654 1886 1721 1927 est
1741 1887 1794 1927 ut
1813 1885 1890 1942 qui

427 1951 497 1994 ius
531 1951 688 2002 reddit,
723 1966 769 1994 se
804 1952 980 2008 quidem
1017 1953 1063 1994 in
1097 1953 1299 1996 adeundo
1333 1953 1508 1997 facilem
1538 1953 1759 2010 praebeat,
1788 1968 1890 1998 con·
1909 1973 1951 2009 ²5

380 2021 410 2060 b
428 2021 596 2078 tempni
637 2025 786 2064 tamen
826 2036 913 2064 non
954 2022 1175 2078 patiatur;
1220 2022 1442 2065 mandatis
1477 2037 1650 2079 quoque
1689 2023 1891 2075 adicitur,

427 2105 483 2134 ne
522 2091 744 2148 praesides
783 2090 1110 2147 prouinciarum
1150 2092 1197 2134 in
1244 2091 1496 2134 ulteriorem
1541 2091 1892 2136 familiaritatem

427 2160 718 2217 prouinciales
749 2160 1002 2211 admittant,
1035 2175 1085 2202 eo
1120 2160 1236 2217 quod
1273 2175 1328 2203 ex
1357 2161 1688 2204 conuersatione
1718 2162 1891 2219 aequali

427 2229 696 2286 contemptio
724 2229 920 2272 nascitur
947 2229 1192 2286 dignitatis
1253 2229 1499 2274 Veneretur
1524 2245 1628 2287 ergo
1648 2230 1695 2272 in
1715 2231 1892 2288 publico

428 2298 577 2355 populi
607 2298 881 2341 maiestatem
909 2303 953 2341 ct
981 2298 1098 2355 apud
1132 2314 1178 2342 sc
1205 2299 1406 2356 priuatae
1433 2299 1696 2343 conditionis
1723 2303 1891 2344 statum
1909 2325 1952 2360 30

428 2367 595 2425 pariter
615 2367 837 2410 metiatur.
891 2367 986 2410 Hoc
1002 2368 1145 2425 ipsum
1166 2368 1361 2425 antiquis
1381 2368 1740 2425 philosophorum
1761 2369 1891 2414 docu—

429 2468 447 2506 5
476 2458 615 2495 resistit
632 2459 763 2505 utique
780 2459 821 2496 0¹
941 2468 982 2504 ¹4
1007 2458 1175 2505 culmen]
1194 2459 1338 2496 cultum
1356 2458 1472 2496 A¹SM
1543 2459 1583 2496 in
1600 2472 1668 2498 om.
1686 2460 1727 2497 M
1849 2462 1893 2501 16

1208 2508 1243 2533 ιυΙ
1257 2516 1266 2531 ι
1306 2507 1448 2539 ›rima-tur)

427 2539 587 2586 Optinot
607 2539 643 2575 M
850 2549 890 2584 17
917 2539 1166 2587 deprimetur]
1184 2507 1449 2577 iiuniiliabitur
1466 2540 1495 2576 P
1607 2552 1652 2578 22
1669 2541 1839 2589 hystoria
1851 2542 1891 2579 M

476 2629 493 2667 5
522 2622 694 2667 Superbia
721 2626 815 2658 οἰοῖ
844 2621 913 2657 lac.
942 2620 987 2659 iv.
1016 2623 1059 2663 6:
1090 2631 1101 2658 1
1127 2621 1225 2658 Petr.
1251 2634 1281 2657 v.
1306 2630 1323 2668 5
1349 2622 1409 2666 (ex
1435 2621 1541 2657 Prov.
1569 2621 1622 2658 iii.
1650 2622 1722 2668 34).
1867 2624 1891 2661 6

428 2680 471 2703 m.
489 2670 614 2703 ueniae
631 2672 723 2705 ete:
752 2681 782 2704 v.
805 2668 859 2704 Ρη.
881 2680 986 2704 xxxv.
1013 2679 1063 2705 12.
1224 2671 1272 2711 16,
1298 2678 1336 2714 17
1361 2671 1426 2723 qui
1441 2682 1476 2705 em
1492 2670 1662 2706 humiliat
1680 2671 1775 2707 eta:
1802 2669 1890 2707 Luc.

428 2714 500 2751 xiv.
523 2725 576 2752 11.
745 2718 785 2752 18
812 2717 935 2761 Regem
954 2717 1024 2752 etc.
1041 2728 1048 2752 ε
1076 2716 1122 2753 os.
1142 2715 1222 2753 Val.
1242 2716 1339 2753 Max.
1358 2728 1404 2752 ιν.
1423 2727 1445 2761 4
1465 2715 1482 2763 §
1507 2726 1534 2753 ι.
1707 2727 1750 2764 19
1774 2720 1891 2764 mamb

427 2764 660 2845 cheuam'aemz
688 2762 846 2810 Anglicc
865 2775 958 2800 more
974 2764 1120 2810 hemely.
1307 2774 1360 2808 24,
1381 2773 1423 2811 25
1450 2766 1514 2811 qui
1530 2766 1588 2801 ius
1604 2765 1719 2801 reddit
1737 2766 1806 2802 eto.
1822 2777 1831 2800 z
1856 2777 1890 2803 v.

463 2821 511 2857 ²8·
531 2809 554 2845 i.
579 2811 618 2846 18
639 2810 656 2857 §
680 2821 731 2858 ¹9·

537 2884 601 2915 210
