1994 3190
184 175 285 208 car.
302 161 372 224 iv]
597 199 601 202 .
705 158 1142 205 POLICRATIGVS
1664 168 1740 210 519
1761 168 1792 199 a

184 284 306 327 uitae
344 296 462 334 suae,
499 283 553 324 ut
590 280 733 324 discat
776 279 934 322 timere
974 278 1215 322 Dominum
1255 278 1401 322 Deum
1440 293 1570 322 suum
1605 280 1651 321 et

184 351 405 397 custodire
427 350 566 394 uerba
595 352 642 392 et
666 348 926 392 cerimonias
950 347 1057 399 eius,
1078 362 1191 404 quae
1220 348 1268 390 in
1294 348 1391 405 lege
1418 349 1652 405 praecepta

184 423 301 465 sunt.
361 419 455 463 Nec
486 418 685 462 eleuetur
717 431 792 461 cor
826 417 921 460 eius
955 416 1004 458 in
1037 417 1289 473 superbiam
1325 431 1457 474 super
1488 416 1651 460 fratres

184 504 298 540 suos,
337 502 479 545 neque
518 486 708 530 declinet
746 486 795 528 in
833 488 1006 543 partem
1045 485 1251 527 dextram
1289 486 1362 528 uel
1401 486 1652 538 sinistram;

146 579 168 615 5
185 560 238 603 ut
271 558 403 615 longo
441 559 639 614 tempore
673 557 829 613 regnet
858 554 952 612 ipse
984 557 1030 597 et
1060 554 1180 597 filius
1215 554 1309 597 eius
1338 569 1471 612 super
1501 554 1652 599 Israel.

185 627 418 684 Numquid
452 639 614 683 quaeso
647 624 772 668 nulla
804 624 901 682 lege
934 626 1111 667 artatur
1144 638 1275 680 quem
1316 624 1389 666 lex
1430 624 1517 666 ista
1550 639 1651 668 con·
1669 626 1698 665 b

184 697 399 754 stringit?
470 695 592 739 Haec
631 694 787 751 utique
826 693 982 736 diuina
1021 694 1089 736 est
1118 694 1164 735 et
1198 692 1380 750 impune
1418 693 1531 736 solui
1563 707 1654 736 non

185 768 344 825 potest.
394 765 582 823 Singula
596 764 734 807 uerba
753 763 858 814 eius,
874 763 911 806 si
931 763 1120 820 sapiant,
1135 762 1182 804 in
1202 762 1385 805 auribus
1405 763 1656 820 principum

186 836 387 880 tonitrua
413 837 532 878 sunt.
592 834 731 877 Taceo
761 833 815 876 de
846 832 1056 876 electione
1087 834 1132 875 et
1162 831 1306 875 forma
1336 832 1442 882 eius,
1467 847 1580 888 quae
1609 832 1657 874 in

130 922 173 948 ιο
189 905 401 964 principis
434 904 655 948 creatione
689 903 908 960 exigitur3
952 901 1136 945 uiuendi
1175 901 1425 951 formulam,
1464 915 1577 958 quae
1617 901 1657 943 ei

189 974 462 1034 praescripta
495 975 574 1024 est,
608 987 779 1017 mecum
819 971 1044 1030 paulisper
1077 970 1270 1015 attende.
1336 970 1463 1021 Cum,
1498 970 1657 1028 inquit,

189 1043 329 1089 fuerit
358 1043 639 1095 constitutus,
669 1042 746 1100 qui
775 1056 822 1085 se
851 1041 990 1085 totius
1025 1041 1178 1098 populi
1214 1040 1400 1084 fratrem
1432 1040 1658 1098 religionis

189 1114 314 1159 cultu
334 1116 380 1157 et
403 1113 563 1156 affectu
593 1111 793 1156 caritatis
818 1111 1091 1168 profiteatur,
1111 1125 1200 1153 non
1226 1109 1542 1167 multiplicabit
1572 1109 1658 1152 sibi

190 1197 338 1241 equos,
363 1197 550 1240 quorum
578 1181 896 1225 numerositate
920 1181 980 1224 sit
1009 1180 1201 1223 subditis
1229 1194 1451 1224 onerosuS.
1511 1179 1660 1236 Equos

131 1272 174 1308 15
191 1252 395 1310 equidem
443 1251 739 1309 multiplicare
788 1252 856 1294 est
903 1250 1053 1308 plures
1099 1264 1232 1307 quam
1282 1249 1379 1306 ipsa
1423 1249 1661 1293 necessitas

192 1322 356 1380 exigat,
376 1336 519 1364 uanae
538 1321 705 1379 gloriae
725 1334 858 1364 causa
884 1319 956 1363 uel
982 1319 1142 1362 erroris
1162 1319 1358 1370 alterius,
1378 1333 1658 1377 congregare.

191 1391 385 1435 Multum
432 1390 550 1434 enim
597 1392 644 1434 et
688 1404 859 1448 parum,
898 1390 936 1432 si
982 1388 1375 1447 Peripateticorum
1415 1388 1659 1446 principem

191 1461 429 1519 sequimur,
458 1460 683 1518 legitimae
713 1459 980 1517 quantitatis
1015 1458 1355 1502 diminutionem
1390 1458 1438 1501 in
1473 1458 1661 1516 singulis

191 1545 340 1575 rerum
360 1530 597 1588 generibus
622 1530 877 1588 significant
901 1529 974 1572 uel
1000 1543 1238 1572 excessum.
1298 1527 1525 1571 Licebitne
1555 1541 1660 1585 ergo
1678 1542 1703 1572 c

129 1620 174 1646 πο
191 1615 321 1647 canes
351 1600 648 1658 multiplicare
682 1600 940 1643 uolucresue
980 1613 1159 1656 rapaces
1198 1601 1278 1641 aut
1316 1600 1463 1641 truces
1499 1598 1662 1641 bestias

192 1674 273 1716 aut
302 1670 525 1728 quaelibet
553 1673 762 1728 portenta
784 1671 983 1719 naturae,
1013 1668 1084 1712 cui
1116 1682 1341 1725 equorum,
1371 1668 1449 1725 qui
1487 1668 1544 1710 ad
1580 1668 1663 1710 mi-

191 1741 337 1786 litiam
376 1740 610 1784 necessarii
646 1742 752 1783 sunt
791 1742 837 1783 et
870 1753 1000 1782 usum
1032 1738 1172 1781 totius
1206 1738 1339 1788 uitae,
1370 1752 1427 1780 ex
1462 1737 1663 1795 legitima

193 1810 446 1870 quantitate
470 1810 731 1868 praefinitus
755 1811 822 1852 est
846 1810 1087 1851 numerus?
1147 1806 1266 1850 Nam
1293 1807 1348 1850 de
1372 1807 1664 1850 histrionibus

196 1884 242 1925 et
269 1880 428 1933 mimis,
458 1880 622 1924 scurris
652 1883 698 1923 et
727 1878 1045 1930 meretricibus,
1075 1877 1308 1920 lenonibus
1338 1880 1383 1920 et
1409 1876 1664 1920 huiusmodi

136 1965 179 2001 ²5
196 1949 410 2009 prodigiis
440 1949 683 2002 hominum,
714 1963 826 2006 quae
861 1948 1105 2005 principem
1135 1947 1284 2005 potius
1314 1949 1490 2004 oportet
1518 1949 1663 1990 exter-

196 2020 367 2063 minare
396 2033 529 2076 quam
559 2017 723 2069 fouere,
743 2032 833 2061 non
863 2017 1012 2060 fuerat
1041 2017 1088 2060 in
1119 2017 1215 2074 lege
1245 2017 1412 2059 mentio
1439 2015 1665 2068 facienda3

197 2085 310 2147 quae
322 2088 500 2146 quidem
512 2102 663 2131 omnes
677 2087 1027 2131 abominationes
1040 2087 1149 2130 istas
1162 2101 1252 2129 non
1267 2085 1398 2128 modo
1414 2101 1440 2128 a
1452 2085 1666 2143 principis

196 2158 300 2202 aula
319 2157 525 2208 excludit,
546 2157 622 2201 sed
643 2157 844 2200 eliminat
864 2171 891 2199 a
911 2155 1074 2214 populo
1095 2155 1190 2200 Dei.
1241 2155 1467 2212 Equorum
1489 2155 1666 2198 nomine

196 2228 336 2272 totius
373 2226 570 2270 familiae
609 2229 655 2270 et
697 2226 1114 2284 impedimentorum
1158 2225 1356 2268 omnium
1396 2225 1667 2268 necessarius

139 2312 183 2346 30
198 2297 466 2354 intelligitur
490 2310 623 2348 usus;
652 2296 777 2350 cuius
803 2295 1004 2353 legitima
1030 2294 1260 2352 quantitas
1287 2297 1365 2345 est,
1392 2308 1525 2351 quam
1552 2294 1668 2337 ratio

198 2388 224 2461 ἓ
247 2378 419 2415 dextram
435 2379 585 2425 partem
600 2376 655 2413 A:
682 2377 876 2414 dexteram
896 2375 927 2411 B
1086 2384 1104 2422 5
1131 2374 1271 2412 israhel
1287 2375 1321 2410 A
1485 2385 1508 2422 9
1532 2374 1613 2411 eius
1629 2375 1668 2411 et

219 2436 323 2462 orma
339 2424 379 2460 M
536 2433 576 2472 15
604 2424 758 2471 quidem
776 2423 815 2459 M
972 2432 1013 2468 17
1039 2422 1405 2470 peripatheticorum
1423 2421 1463 2457 M
1622 2432 1666 2458 22

202 2471 395 2520 legittima
411 2470 477 2508 SM
655 2481 700 2517 23
724 2470 982 2518 hystrionibus
999 2471 1038 2506 M
1223 2479 1266 2517 25
1295 2472 1447 2517 oportet
1462 2468 1590 2516 potius
1608 2468 1666 2505 BS

203 2529 247 2564 27
273 2518 598 2556 abhominationes
614 2518 682 2555 SM
824 2530 872 2565 30
895 2518 1088 2566 legittima
1104 2517 1205 2554 BSM

253 2597 296 2632 17
321 2589 480 2623 Multum
503 2589 597 2625 etc.:
622 2589 703 2625 Hoc
725 2600 848 2635 neque
871 2589 918 2625 ab
941 2588 1024 2635 ipso
1039 2587 1245 2625 Aristotele
1267 2587 1309 2624 in
1326 2586 1373 2624 iis
1393 2587 1500 2623 libris
1523 2586 1668 2623 dictum

202 2646 295 2681 quos
313 2634 446 2671 Latine
462 2645 584 2671 versos
600 2635 727 2683 legere
743 2635 913 2683 potuerit
930 2636 1094 2673 Ioannes
1109 2635 1415 2678 Saresberiensis‚
1427 2646 1550 2680 neque
1568 2635 1669 2680 apud

202 2684 377 2719 auctores
405 2682 452 2718 ab
477 2681 544 2718 illo
571 2682 730 2720 usitatos
757 2695 803 2719 ex
828 2683 1032 2720 Aristotele
1061 2683 1225 2720 citatum
1249 2682 1420 2719 invenire
1445 2681 1575 2728 potui;
1604 2682 1671 2718 sed

204 2730 255 2784 οξ.
279 2731 396 2774 Cateq.
413 2730 448 2765 6.
467 2728 525 2783 5))
544 2731 698 2784 16seqq.
748 2729 905 2767 Constat
922 2732 1252 2777 Metaphysicorum
1271 2730 1387 2766 libros
1409 2729 1561 2766 omnino
1579 2728 1670 2775 (nisi

203 2776 320 2814 titulo
342 2775 468 2822 tenus)
491 2787 720 2822 ignoravisse
736 2776 925 2820 Nostrum,
945 2778 1011 2813 ubi
1027 2781 1157 2815 tamen
1176 2777 1267 2823 quid
1285 2776 1503 2823 significent
1522 2780 1562 2812 τὸ
1578 2775 1671 2813 πολύ

205 2826 244 2862 et
261 2826 300 2861 τὸ
316 2823 663 2879 ὀλίγονῇεκρτθεεὶιιε
679 2824 790 2862 docet
807 2824 1054 2871 Aristoteles3
1079 2837 1111 2862 v.
1127 2825 1287 2871 Metaph.
1303 2839 1326 2861 ι.
1344 2826 1378 2862 6.
1402 2825 1492 2872 1056
1508 2823 1532 2859 b
1547 2832 1672 2869 17-19.

1498 2887 1564 2921 245·
