1994 3190
185 175 284 207 cAr.
300 160 350 223 v]
460 206 462 208 ,
711 160 1112 206 POLICRATICV
1115 160 1147 205 S
1663 162 1748 216 483
1767 172 1792 202 c

183 283 273 326 oris
302 281 359 324 ad
388 284 434 324 te
464 279 777 337 impellendum
806 279 1022 322 uanitatis
1051 279 1258 336 spiritum
1288 279 1499 337 proferat,
1526 280 1564 324 si
1595 283 1646 324 tu
1665 295 1691 326 c

182 351 357 394 aurium
373 350 472 393 uela
487 352 532 392 et
546 349 829 391 latitudinem
849 349 992 391 cordis
1007 349 1064 391 ad
1078 352 1297 392 tumorem
1313 350 1646 407 concipiendum

183 419 419 476 oppandas.
498 418 557 460 Et
596 417 701 474 quia
735 417 947 460 uidentur
978 417 1036 460 ab
1074 418 1290 469 omnibus,
1324 418 1500 462 facilius
1539 419 1646 463 haec

182 502 210 531 a
239 487 460 544 plerisque
496 486 712 529 uanitatis
746 486 957 542 obsequia
995 489 1382 542 contempnuntur.
1460 488 1645 530 Verum-

145 577 164 611 5
181 559 330 600 tamen
351 556 428 598 illa
447 555 588 612 magis
609 554 818 606 timenda,
840 555 946 611 quia
965 555 1106 612 magis
1126 556 1370 612 perniciosa
1396 559 1512 606 sunt,
1533 571 1646 612 quae

181 625 370 682 quodam
390 625 586 668 cautelae
606 624 857 667 uelamento
877 623 1118 666 studiosius
1142 624 1421 667 occultantur
1449 628 1494 667 et
1519 626 1646 681 quasi

179 694 264 738 sub
283 694 475 751 imagine
501 693 814 750 increpationis
841 696 920 736 aut
946 693 1228 736 correctionis
1252 693 1492 736 alteriusue
1515 693 1646 737 officii

179 766 260 806 aut
279 763 462 806 uirtutis
482 762 694 820 irrepunt.
754 762 882 815 Quod
903 762 1151 813 nonnullos,
1171 762 1278 805 dum
1300 762 1645 806 beniuolentiam

180 832 513 876 immoderatius
544 834 739 889 captant,
772 830 926 874 fecisse
959 832 1159 889 reperies.
1219 831 1300 874 Ait
1331 832 1450 874 enim
1485 831 1646 884 Lelius,

124 923 166 949 ιο
181 917 271 946 non
310 902 385 945 ille
423 901 539 944 lator
577 901 686 958 legis
725 901 946 944 amicitiae
986 901 1062 944 sed
1096 916 1250 944 suasor
1284 901 1387 944 belli
1423 901 1567 945 ciuilis
1603 905 1648 945 et

181 971 345 1016 furoris
374 972 584 1025 incentor,
615 972 691 1028 qui
717 974 763 1014 et
791 971 849 1014 ab
878 971 978 1014 aliis
1007 971 1223 1017 Lentulus
1253 971 1528 1029 appellatur:

298 1069 425 1122 Quod
455 1072 548 1112 tam
578 1068 699 1112 lenta
729 1071 830 1112 tuas
861 1069 1007 1111 tenuit
1036 1069 1254 1126 patientia
1283 1068 1414 1121 uires,

296 1128 614 1184 conquerimur.
674 1127 894 1170 Deeratne
923 1127 1006 1170 tibi
1036 1127 1198 1170 fiducia
1228 1127 1399 1170 nostri?

296 1185 415 1228 Dum
445 1188 595 1228 mouet
624 1185 731 1228 haec
761 1185 929 1228 calidus
958 1185 1176 1242 spirantia
1205 1200 1388 1242 corpora
1417 1184 1611 1243 sanguis,
1662 1193 1691 1233 (1

123 1269 163 1304 15
295 1246 341 1286 et
370 1243 476 1286 dum
506 1243 599 1300 pila
627 1243 780 1286 ualent
811 1243 949 1286 fortes
979 1248 1184 1300 torquere
1215 1244 1380 1295 lacerti,

296 1301 556 1359 degenerem
586 1301 754 1358 patiere
784 1304 934 1358 togam
965 1316 1238 1358 regnumque
1268 1302 1482 1345 senatus?

296 1374 435 1416 usque
465 1359 574 1403 adeo
603 1360 813 1402 miserum
844 1364 911 1403 est
941 1360 1062 1403 ciuili
1093 1360 1269 1403 uincere
1299 1360 1443 1404 bello?

179 1450 253 1496 Sic
274 1459 319 1494 et
338 1451 385 1494 in
409 1450 617 1494 comediis
643 1465 871 1494 seruorum
895 1451 1139 1495 calliditate
1169 1451 1336 1494 domini
1363 1452 1649 1504 deluduntur,

178 1521 430 1579 praemissis
470 1521 845 1578 increpationibus
894 1521 1088 1564 rationes
1133 1535 1236 1564 suas
1284 1522 1501 1564 infirmari
1548 1537 1646 1580 per-

120 1607 162 1631 κο
180 1589 379 1641 mittunt,
410 1593 455 1633 et
485 1590 665 1633 tandem
695 1605 740 1633 se
772 1590 914 1634 uictos
945 1591 1169 1641 simulant,
1204 1593 1256 1634 ut
1288 1594 1333 1634 et
1367 1591 1645 1635 credulorum

180 1673 333 1703 senum
353 1659 613 1703 confirment
633 1674 824 1703 errorem
846 1663 890 1703 et
906 1660 959 1702 de
975 1660 1239 1717 proditionis
1254 1661 1439 1717 perfidia
1454 1661 1646 1718 gratiam

179 1732 467 1786 aucupentur,
506 1743 669 1786 magna
711 1732 965 1787 satagentes
1003 1729 1226 1772 industria
1268 1733 1322 1773 ut
1367 1730 1429 1780 sic
1475 1745 1649 1788 semper

179 1798 402 1856 decipiant
446 1801 500 1842 ut
538 1813 781 1855 numquam
822 1799 994 1856 possint
1033 1799 1162 1856 argui
1205 1798 1444 1852 falsitati83
1494 1814 1646 1843 eorum

179 1881 369 1924 namque
388 1867 555 1910 ueritas
575 1868 803 1911 mendacio
818 1868 968 1911 seruit.
1028 1868 1147 1921 Quid
1167 1868 1284 1925 quod
1306 1883 1497 1926 aucupes
1517 1870 1644 1913 noui-

122 1952 164 1988 ²⁵
180 1939 326 1981 tatum
346 1938 620 1981 rumusculos
640 1941 885 1996 congerunt
905 1938 1155 1996 eisdemque
1170 1939 1442 1983 curiosorum
1463 1940 1647 1984 auribus

179 2006 472 2058 satisfaciunt,
497 2010 549 2050 ut
578 2008 660 2051 hac
690 2008 766 2050 uia
794 2008 1145 2066 compendiosius
1168 2009 1225 2052 ad
1256 2009 1302 2051 id
1329 2010 1447 2066 quod
1477 2010 1645 2053 deside-

179 2079 306 2119 ratur
325 2076 563 2126 accedant?
621 2077 848 2134 Temporis
879 2093 1052 2135 quoque
1082 2078 1413 2136 diligentissimi
1439 2079 1644 2123 obserua-
1662 2080 1744 2130 484
1764 2090 1795 2119 a

179 2147 297 2188 tores
344 2148 461 2198 sunt,
511 2161 568 2189 ne
617 2147 724 2204 quid
774 2147 1086 2204 intempestiue
1133 2148 1352 2205 ingerant,
1401 2149 1478 2191 sed
1528 2149 1648 2192 inter

179 2214 485 2271 prandendum
529 2218 609 2259 aut
648 2230 748 2259 cum
787 2217 894 2259 uino
929 2217 1028 2273 quis
1072 2217 1348 2260 exhilaratus
1387 2217 1526 2261 fuerit
1566 2222 1646 2262 aut

122 2305 165 2338 30
181 2283 492 2341 cuiuscumque
518 2299 693 2342 compos
720 2285 976 2343 uoluptatis.
1039 2286 1186 2330 Huius
1216 2287 1414 2330 cautelae
1443 2288 1648 2332 meminit

182 2351 318 2405 Mam,
356 2367 455 2396 cum
501 2353 558 2396 ad
605 2344 771 2397 Eneam
821 2355 1116 2398 reuocandum
1161 2371 1353 2398 sororem
1398 2371 1426 2399 a
1474 2356 1648 2400 Didone

180 2420 360 2464 missam
392 2422 559 2473 asserit,
594 2437 706 2480 quae
738 2424 832 2467 sola
866 2425 954 2467 uiri
990 2425 1144 2468 molles
1178 2425 1328 2468 aditus
1363 2429 1408 2469 et
1447 2429 1649 2484 tempora

182 2552 206 2588 9
228 2541 419 2588 repperies
433 2542 467 2578 A
610 2553 650 2581 11
678 2543 870 2591 apellatur
886 2543 911 2580 S
1053 2555 1101 2591 29
1127 2545 1334 2582 exilaratus
1351 2545 1376 2582 S

234 2661 276 2688 12
303 2653 403 2696 Quod
427 2657 502 2688 tam
530 2653 625 2690 eta:
661 2653 749 2691 Luc.
776 2656 907 2691 Pham.
933 2653 958 2691 i.
988 2656 1164 2701 361-366.
1310 2657 1353 2693 18
1377 2658 1563 2693 comediis:
1599 2668 1648 2693 sc.

183 2697 433 2735 Terentianis.
590 2710 647 2745 24,
668 2711 711 2748 25
737 2714 895 2748 aucupes
918 2704 1165 2740 rumusculos:
1190 2715 1222 2739 v.
1249 2703 1325 2740 Cic.
1350 2706 1394 2739 de
1417 2706 1502 2749 Ley.
1528 2703 1583 2739 iii.
1608 2706 1649 2741 16

184 2745 352 2839 ῗναέἑξΐ.
372 2745 447 2783 Cic.
462 2758 532 2793 pro
551 2747 723 2793 Cluentio,
743 2752 787 2795 38
807 2749 824 2794 ξ
849 2750 943 2796 105).
1133 2761 1180 2797 32
1204 2752 1280 2787 sola
1298 2753 1395 2788 etc.:
1420 2751 1532 2797 Verg.
1556 2754 1649 2788 Aen.

1474 2871 1534 2903 181
