1994 3190
259 241 338 283 575
356 242 382 272 c
725 231 987 276 IOANNIS
1026 231 1540 278 SARESBERIENSIS
1707 231 1818 294 [ΜΒ.
1832 244 1869 278 ν’

396 352 599 396 euocabit
627 355 673 396 et
702 353 760 396 ad
788 353 1093 397 testimonium
1121 354 1354 412 compellet
1382 354 1571 407 inuitos3
1611 354 1682 398 his
1711 356 1863 398 tamen

395 422 604 479 exceptis,
626 437 735 480 quos
754 422 967 467 aduersus
991 426 1134 468 certas
1159 438 1368 481 personas
1394 423 1622 468 testificari
1647 423 1759 483 iura
1772 438 1863 467 non

395 495 573 549 cogunt.

397 606 505 664 Cap.
541 617 611 664 15.
672 607 796 662 Quae
827 607 1092 664 pertineant
1131 609 1194 652 ad
1233 608 1495 665 reliyiomm
1537 607 1863 664 proconsulm

351 684 381 724 d
506 677 776 734 praesidum
817 682 856 721 et
900 677 1253 722 ordinariorum
1290 678 1515 730 iudicum,
1555 681 1594 721 et
1640 681 1864 734 quatenus
1881 696 1899 730 5

512 747 669 791 exenia
710 747 929 804 protendi
966 748 1096 791 liceat
1108 766 1127 798 ;
1175 751 1216 791 et
1263 748 1317 791 de
1356 747 1574 801 Cicerone,
1612 746 1862 799 Bernardo,

509 815 732 871 Martino,
766 816 991 874 Gaufrido
1022 816 1300 860 Garnotensi.

454 901 653 945 Pertinet
690 905 841 946 autem
881 903 938 946 ad
977 903 1235 960 religionem
1274 903 1490 960 praesidis
1527 903 1760 960 prouidere
1805 917 1862 947 ne

394 972 665 1028 potentiores
693 972 781 1014 uiri
811 972 986 1015 iniuriis
1016 972 1210 1016 afficiant
1237 972 1506 1025 humiliores,
1526 987 1583 1016 ne
1611 971 1863 1016 defensores

396 1054 547 1083 eorum
596 1040 908 1098 calumpniosis
956 1041 1215 1085 criminibus
1271 1041 1545 1084 insectentur
1593 1041 1861 1085 innocentes.
1882 1058 1924 1083 10

397 1109 739 1166 Prohibebitque
779 1109 927 1153 illatas
971 1110 1224 1154 exactiones
1263 1113 1308 1154 et
1351 1110 1588 1154 uiolentius
1631 1110 1774 1154 factas
1817 1113 1863 1154 et

396 1181 595 1222 extortas
634 1182 757 1221 metu
799 1180 1078 1223 uenditiones
1124 1182 1170 1223 et
1208 1180 1434 1223 cautiones
1473 1180 1546 1223 uel
1585 1180 1680 1223 sine
1728 1179 1863 1237 pretii

395 1248 713 1299 numeratione,
733 1263 789 1291 ne
810 1251 856 1292 et
876 1249 969 1306 ipse
993 1249 1268 1306 prouinciam
1294 1249 1342 1291 in
1369 1249 1631 1306 praebendis
1658 1248 1863 1306 hospitiis

395 1321 559 1368 oneret,
593 1318 783 1375 denique
822 1333 878 1361 ne
917 1318 1016 1375 quis
1055 1318 1257 1375 iniquum
1297 1318 1470 1362 lucrum
1508 1318 1581 1362 uel
1620 1318 1864 1376 dampnum

395 1387 572 1438 sentiat,
601 1388 894 1444 praecauebit.
959 1387 1179 1446 Congruit
1210 1388 1327 1431 enim
1358 1388 1474 1431 bono
1504 1391 1549 1431 et
1578 1388 1707 1446 graui
1737 1402 1862 1445 prae·
1883 1401 1923 1436 15

396 1455 480 1498 sidi
508 1471 662 1499 curare
689 1460 742 1499 ut
770 1460 928 1514 pacata
953 1460 998 1500 et
1030 1458 1182 1514 quieta
1208 1457 1267 1500 sit
1294 1457 1546 1515 prouincia3
1586 1457 1704 1514 quod
1734 1456 1864 1500 facile

397 1525 628 1582 optinebit,
660 1526 698 1569 si
730 1526 915 1570 sollicite
946 1530 1051 1584 agat
1085 1530 1138 1570 ut
1171 1527 1300 1570 malis
1338 1526 1591 1570 hominibus
1631 1526 1862 1583 prouincia

245 1600 328 1650 576
349 1610 379 1639 a
396 1598 544 1638 careat
564 1610 723 1652 eosque
742 1596 986 1653 conquirat.
1045 1596 1164 1639 Nam
1191 1599 1236 1639 et
1261 1596 1495 1654 sacrilegos
1522 1596 1715 1639 latrones
1741 1595 1864 1639 fures

396 1665 618 1722 plagarios
657 1666 913 1722 conquirere
951 1666 1083 1709 debet
1121 1669 1177 1717 et,
1216 1669 1350 1723 prout
1389 1665 1574 1722 quisque
1613 1665 1862 1722 deliquerit,

395 1734 443 1776 in
468 1749 568 1777 eum
603 1734 955 1778 animaduertere
987 1738 1366 1793 receptatoresque
1393 1750 1556 1786 eorum,
1579 1734 1674 1778 sine
1701 1735 1862 1792 quibus
1881 1752 1924 1777 πο

396 1803 512 1846 latro
542 1803 711 1847 diutius
741 1804 878 1847 latere
908 1819 998 1848 non
1031 1807 1191 1862 potest.
1249 1804 1382 1848 Omni
1416 1819 1522 1847 uero
1556 1804 1626 1847 ius
1660 1804 1863 1848 reddenti

397 1873 722 1916 obseruandum
757 1877 825 1917 est
859 1877 911 1916 ut
940 1874 986 1916 in
1017 1873 1219 1917 adeundo
1249 1873 1427 1931 quidem
1458 1872 1633 1916 facilem
1663 1888 1709 1916 se
1738 1887 1863 1931 prae-

397 1942 500 1985 beat
526 1942 603 1985 sed
630 1943 882 2000 contempni
904 1958 992 1986 non
1013 1943 1222 2000 patiatur.
1282 1943 1409 1986 Vnde
1429 1943 1653 1986 mandatis
1673 1942 1865 1987 adicitur

394 2026 450 2054 ne
477 2012 699 2069 praesides
729 2012 775 2054 in
805 2012 1058 2055 ulteriorem
1086 2012 1436 2055 familiaritatem
1465 2012 1757 2069 prouinciales
1786 2012 1862 2056 ad-

395 2081 601 2134 mittant3
632 2096 733 2124 nam
755 2096 811 2124 ex
831 2082 1164 2125 conuersatione
1185 2081 1357 2138 aequali
1378 2081 1647 2138 contemptio
1663 2081 1862 2126 nascitur
1881 2097 1922 2132 ²5

395 2150 642 2207 dignitatis.
715 2150 773 2193 Et
793 2151 1048 2194 summatim
1070 2151 1135 2194 ita
1155 2150 1224 2193 ius
1245 2150 1369 2193 reddi
1395 2150 1525 2193 debet
1546 2154 1596 2193 ut
1623 2151 1862 2194 auctorita-

396 2223 486 2263 tem
507 2219 741 2276 dignitatis
767 2220 945 2277 ingenio
965 2235 1045 2263 suo
1071 2223 1245 2278 augeat.
1304 2219 1392 2263 Sed
1420 2222 1465 2263 et
1491 2219 1538 2261 in
1565 2219 1864 2277 cognoscendo

396 2303 476 2332 nec
516 2289 828 2332 excandescere
868 2289 1082 2332 aduersus
1132 2304 1205 2333 eos
1252 2303 1361 2347 quos
1411 2288 1549 2332 malos
1598 2292 1743 2346 putat,
1783 2303 1863 2334 nec

401 2402 442 2438 14
467 2393 628 2429 honeret
646 2392 670 2429 S
856 2401 895 2439 15
923 2392 1063 2430 sentiet
1081 2392 1147 2429 BA
1331 2401 1372 2437 17
1399 2391 1588 2429 obtinebit
1605 2392 1633 2430 C
1817 2394 1864 2432 26

395 2440 574 2477 sumatim
593 2439 617 2476 S

449 2555 476 2590 1,
489 2555 509 2581 2
527 2546 584 2580 his
600 2550 718 2580 tamen
729 2545 900 2590 exceptio:
918 2542 1014 2587 Quos
1026 2541 1150 2589 excipi
1162 2544 1337 2589 oporteat
1360 2542 1497 2579 Paulus
1509 2543 1620 2581 docet
1630 2542 1668 2580 in
1680 2544 1762 2591 Da'q.
1773 2543 1864 2582 xxii.

399 2602 430 2639 5.
449 2604 482 2637 4.
596 2595 616 2627 8
643 2593 802 2627 Pertinet
820 2596 937 2627 autem
957 2592 1047 2626 εἴας
1077 2591 1157 2635 Dv'y.
1175 2590 1198 2626 i.
1222 2592 1273 2627 18.
1291 2592 1314 2626 6
1333 2570 1350 2637 ᾗ
1371 2601 1401 2627 2.
1528 2601 1565 2628 11
1594 2592 1864 2639 Prohibebitque

397 2644 469 2677 etc.
488 2652 495 2675 ε
522 2651 552 2675 ν.
576 2641 658 2684 De'a.
677 2638 700 2675 i.
726 2639 777 2675 18.
795 2640 828 2675 6.
851 2637 933 2674 init.
1030 2639 1173 2674 illatas:
1199 2639 1347 2674 illicitas
1364 2636 1477 2675 habet
1496 2640 1577 2683 Diy.
1690 2666 1698 2675 .
1821 2649 1834 2676 1

396 2700 441 2723 ne
458 2693 489 2722 e!
508 2688 584 2732 ipse
601 2690 672 2723 ctc.
688 2699 695 2721 :
721 2698 753 2722 v.
772 2687 855 2732 1219.
876 2685 898 2721 i.
922 2686 973 2722 16.
991 2695 1022 2729 4,
1043 2684 1126 2721 init.
1299 2695 1340 2729 14
1367 2698 1410 2720 ne
1428 2688 1509 2732 quis
1525 2687 1595 2723 etc.
1611 2698 1618 2721 :
1646 2684 1864 2723 Revertitur

396 2735 442 2771 ad
466 2736 543 2779 1159.
564 2733 586 2769 i.
610 2735 663 2770 18.
681 2734 713 2770 6.
876 2742 915 2779 15
946 2734 1118 2777 Corum-uit
1136 2734 1229 2769 ctc.:
1256 2733 1337 2779 Diq.
1356 2731 1379 2768 i.
1403 2735 1452 2769 18.
1475 2743 1526 2778 13.
1683 2743 1724 2769 21
1755 2734 1864 2770 Omni

395 2794 481 2818 uero
500 2784 557 2816 iun
576 2793 691 2835 unque
709 2780 755 2816 ml
781 2782 928 2825 denyse:
957 2781 1037 2824 Dry.
1059 2779 1081 2815 i.
1107 2781 1157 2816 18.
1183 2789 1234 2826 19.
1395 2782 1439 2816 26
1465 2781 1514 2816 Et
1537 2782 1745 2816 summatim
1764 2782 1862 2819 etth:

396 2829 438 2865 ln
459 2830 539 2873 Diffi.
562 2828 701 2874 legitur
717 2830 785 2865 Sed
801 2834 832 2864 ee
850 2830 889 2863 in
907 2829 1139 2874 coynoscendo
1157 2854 1165 2864 .
1184 2854 1192 2864 .
1212 2854 1220 2864 .
1238 2828 1364 2874 deteqit
1382 2830 1422 2864 ct
1444 2830 1574 2874 postea
1589 2829 1639 2864 Ee
1655 2830 1863 2865 summatim

396 2904 405 2915 .
425 2904 433 2914 .
450 2905 457 2913 .
472 2881 612 2922 (ιιιριάἰ.

507 2956 571 2990 344
