1994 3190
254 202 338 242 504
358 202 383 232 e
724 189 986 234 IOANNIS
1025 187 1539 234 SARESBERIENSIS
1674 186 1784 248 [mn.
1803 198 1866 231 111

400 311 691 354 Multitudine
724 311 875 368 itaque
904 311 994 354 tuti
1023 313 1130 355 sunt
1163 313 1210 354 et
1239 310 1427 354 artificio
1462 312 1515 352 ut
1548 309 1667 367 ipsos
1695 308 1868 366 possint

400 382 535 424 etiam
555 395 680 439 reges
708 383 754 424 et
779 381 999 438 principes
1020 394 1302 438 expugnare3
1332 382 1378 422 et
1396 379 1510 422 miro
1536 378 1666 422 modo
1685 377 1868 421 inermis

399 450 589 507 populus
613 450 840 507 praeualet
860 450 907 492 in
933 452 1127 492 armatos
1153 452 1199 492 et
1222 449 1407 492 mollitie
1428 463 1540 505 quae
1560 448 1868 492 robustissima

399 522 506 562 sunt
544 522 750 576 potenter
789 522 1028 576 expugnat.
1102 518 1417 575 Disposueram
1456 520 1606 561 tamen
1645 518 1774 561 silere
1812 517 1868 560 de

354 593 383 632 d
400 588 607 631 mollibus
633 589 722 645 qui,
746 589 861 633 sicut
887 588 1180 646 ignominiosi,
1207 587 1275 630 ita
1297 590 1403 631 sunt
1430 589 1475 630 et
1501 587 1714 630 uidentur
1743 587 1867 645 igno-
1886 599 1907 635 s

400 657 642 701 minabiles.
701 658 939 701 Silentium
974 657 1132 700 indicit
1170 657 1420 700 reuerentia
1449 671 1635 708 morum,
1664 659 1710 699 et
1743 671 1868 699 uere-

397 726 570 770 cundus
592 727 767 771 animus
793 730 956 770 natura
982 727 1178 770 dictante
1205 726 1383 770 illorum
1410 725 1603 768 declinat
1630 728 1868 783 aspectum.

399 796 518 849 Quid
538 796 712 839 multa?

604 886 653 930 Si
683 889 846 929 natura
875 888 1021 943 negat,
1051 884 1161 928 facit
1191 884 1441 943 indignatio
1470 884 1667 927 uerbum.

399 978 532 1036 Apud
568 978 676 1021 istos
710 992 783 1021 ars
818 981 886 1020 est
916 992 1042 1020 suam
1077 976 1338 1033 pudicitiam
1369 977 1647 1034 prostituere,
1679 977 1870 1021 alienam
1889 993 1931 1016 10

398 1047 565 1092 uiolare
585 1046 657 1089 uel
677 1060 944 1103 oppugnare.
1005 1045 1098 1088 Nec
1120 1044 1298 1102 quidem
1325 1045 1586 1102 simpliciter
1612 1060 1750 1097 suam,
1769 1060 1871 1089 cum

399 1115 671 1159 matrimonii
692 1117 965 1158 temerentur
984 1114 1083 1156 iura
1103 1116 1148 1156 et
1168 1113 1367 1171 coniugis
1387 1113 1656 1157 adulterium
1676 1114 1872 1158 coniunx

401 1188 615 1243 procuret.
667 1184 785 1227 Dum
807 1183 1034 1242 egreditur
1053 1197 1214 1240 sponsa
1234 1183 1288 1226 de
1304 1183 1512 1234 thalamo,
1528 1184 1759 1241 coniugem
1779 1183 1871 1227 noli

401 1254 613 1297 maritum
643 1253 818 1296 credere
852 1253 929 1296 sed
963 1252 1176 1294 lenonem.
1238 1252 1449 1296 Producit
1483 1267 1592 1304 eam,
1622 1252 1871 1297 libidinosis

402 1324 586 1380 exponit
615 1326 670 1373 et,
691 1323 728 1365 si
759 1337 858 1379 spes
887 1322 1026 1365 dolosi
1051 1321 1222 1364 nummi
1246 1321 1479 1380 refulgeat,
1504 1323 1687 1366 affectus
1709 1322 1870 1366 callida
1889 1340 1930 1375 ¹5

403 1392 684 1435 simulatione
724 1391 967 1449 prostituit.
1042 1390 1156 1433 Filia
1195 1405 1394 1447 namque·
1430 1390 1666 1443 decentior,
1705 1394 1786 1435 aut
1831 1391 1870 1434 si

256 1467 338 1509 505
356 1468 386 1497 a
404 1462 510 1518 quid
551 1460 672 1503 aliud
711 1461 758 1502 in
799 1459 970 1503 familia
1009 1459 1181 1516 placeat
1219 1459 1383 1510 ditiori,
1417 1459 1594 1517 publica
1632 1475 1758 1503 merx
1792 1462 1872 1511 est,

404 1531 606 1588 exposita
639 1530 817 1587 quidem
852 1529 890 1572 si
926 1532 1168 1586 emptorem
1199 1528 1413 1573 inueniat.
1453 1528 1561 1572 ·Sed
1589 1529 1694 1573 licet
1727 1529 1872 1573 iustus

403 1601 528 1644 dolor
548 1615 620 1643 eos
640 1600 921 1656 aliquatenus
941 1599 1117 1649 cruciet,
1133 1598 1210 1655 qui
1230 1598 1349 1642 thori
1369 1598 1605 1656 participes
1625 1598 1873 1642 admittunt

404 1672 484 1712 aut
501 1669 684 1719 faciunt,
712 1667 917 1725 egritudo
939 1671 1090 1710 tamen
1111 1667 1337 1710 utilitatis
1360 1667 1622 1724 compendio
1637 1667 1872 1725 mitigatur
1890 1686 1935 1711 ao

404 1738 476 1781 uel
496 1738 653 1780 saltem
674 1737 837 1779 doloris
864 1735 1115 1779 dissimulat
1141 1736 1397 1779 cruciatum.
1457 1736 1506 1779 Si
1530 1736 1647 1779 enim
1668 1751 1737 1780 res
1757 1737 1872 1781 serio

404 1810 576 1863 agatur,
611 1805 647 1848 si
681 1805 819 1847 libera
854 1804 1075 1847 donentur
1108 1804 1279 1848 cunctis
1314 1804 1488 1856 iudicia,
1523 1820 1612 1848 non
1647 1808 1714 1849 est
1748 1805 1874 1850 dolor

403 1875 519 1918 sicut
543 1875 668 1918 dolor
692 1875 766 1917 ille
793 1888 880 1931 quo
904 1888 1062 1930 corpus
1089 1888 1219 1916 suum
1246 1874 1346 1931 quis
1374 1874 1499 1917 uidet
1524 1874 1668 1917 aliena
1687 1875 1873 1920 libidine

404 1944 553 2001 pollui.
612 1943 772 1988 Cetera
793 1957 982 1999 namque
1003 1946 1182 2000 peccata
1209 1946 1338 1985 extra
1361 1957 1518 2000 corpus
1539 1948 1668 1996 sunt3
1698 1945 1775 1988 sed
1795 1945 1872 2002 qui

404 2013 661 2062 fornicatur,
702 2013 748 2054 in
788 2027 945 2069 corpus
985 2026 1114 2054 suum
1154 2014 1314 2068 peccat.
1383 2011 1490 2062 Hoc,
1530 2012 1687 2069 inquit,
1727 2028 1776 2057 os
1815 2028 1872 2057 ex
1891 2023 1932 2058 ²⁵

405 2082 575 2126 ossibus
606 2082 725 2131 meis,
754 2084 799 2124 et
828 2096 929 2124 caro
959 2081 1013 2124 de
1044 2096 1174 2124 carne
1205 2095 1314 2131 mea,
1343 2083 1396 2123 ut
1425 2095 1514 2123 non
1546 2081 1634 2124 iam
1663 2082 1752 2125 duo
1781 2082 1874 2126 sint

405 2152 478 2194 uir
497 2155 542 2194 et
569 2151 738 2200 mulier,
759 2150 834 2194 sed
863 2165 953 2193 una
979 2164 1093 2193 caro.
1154 2150 1275 2193 Haec
1303 2150 1458 2207 utique
1485 2150 1579 2193 sine
1606 2150 1754 2194 dolore
1785 2166 1875 2195 non

406 2220 624 2265 scinditur
643 2235 783 2278 neque
803 2220 897 2263 sine
920 2219 1089 2262 inuidia
1107 2219 1468 2263 communicatur.

543 2301 644 2344 Non
676 2301 785 2344 bene
815 2315 913 2344 cum
944 2300 1072 2343 sociis
1103 2315 1239 2357 regna
1270 2300 1505 2357 Venusque
1535 2304 1739 2354 manent;

361 2385 390 2423 b
407 2386 452 2425 ct
472 2381 586 2424 sicut
607 2380 730 2423 nulla
751 2381 858 2423 fides
880 2381 1003 2438 regni
1020 2380 1159 2430 sociis,
1181 2380 1245 2423 ita
1264 2395 1344 2424 nec
1364 2381 1495 2424 thori.
1545 2380 1675 2425 Certe
1698 2381 1872 2426 facilius
1891 2404 1936 2439 30

412 2484 453 2520 13
475 2479 555 2520 pont
572 2473 739 2511 thalamo
757 2476 840 2510 add.
859 2485 922 2510 nuo
941 2474 978 2509 M
1096 2482 1156 2557 ik
1163 2472 1326 2519 nummi]
1346 2484 1542 2510 numerum
1563 2473 1601 2509 M
1619 2472 1715 2521 ΟΨ)
1831 2483 1873 2519 17

407 2532 550 2557 mercen
569 2521 606 2556 M
752 2523 797 2557 26
824 2533 900 2558 non
918 2520 1018 2557 duo
1008 2532 1084 2557 iam
1182 2520 1257 2557 iam
1276 2532 1350 2557 non
1369 2520 1444 2557 duo
1464 2521 1501 2556 M

455 2601 478 2636 9
501 2592 543 2626 Si
574 2597 709 2627 natura
743 2594 839 2628 ctc.:
879 2591 1058 2628 1uv.s1e.
1091 2590 1114 2627 i.
1145 2599 1200 2636 79.
1373 2593 1543 2628 uerbum.
1581 2604 1727 2629 uersum
1759 2592 1876 2631 habet

409 2638 605 2675 Iuvenalis.
843 2641 875 2674 εἰ
890 2652 969 2686 epea
986 2641 1082 2675 etc:
1110 2638 1395 2675 Pcrs.Pt·ol.12.
1569 2642 1609 2675 18
1634 2642 1668 2675 ⁸⁸·
1684 2645 1875 2686 emptorem

409 2687 598 2724 inueniat:
625 2698 654 2723 v.
674 2685 762 2723 Sall.
806 2699 861 2732 ηρ.
880 2696 922 2733 35
950 2686 967 2732 ξ
992 2697 1042 2722 ιο.
1188 2695 1245 2730 22,
1265 2695 1308 2731 23
1335 2697 1406 2721 non
1430 2691 1480 2721 est
1504 2688 1607 2723 dolor
1627 2689 1720 2724 sicut
1744 2689 1870 2724 dolor:

409 2745 440 2770 v.
457 2732 595 2769 Thi-en.
615 2732 637 2769 i.
661 2744 712 2778 14.
879 2744 924 2779 24
954 2736 1074 2769 cerem
1101 2735 1197 2769 etc:
1231 2746 1262 2768 v.
1287 2743 1297 2769 1
1323 2732 1403 2769 Cor.
1427 2732 1473 2769 vi.
1506 2736 1557 2770 18
1724 2743 1766 2779 25
1794 2735 1872 2772 Hoc

408 2783 504 2817 ctc.:
535 2792 563 2817 v.
589 2780 683 2817 Gon.
710 2780 748 2818 ii
774 2791 830 2827 23,
850 2792 907 2826 24,
928 2781 1037 2817 Matr.
1064 2780 1136 2816 xix.
1162 2782 1195 2816 6.
1325 2790 1370 2826 29
1396 2782 1478 2817 Non
1495 2782 1578 2817 bene
1595 2782 1691 2819 cta·
1717 2781 1874 2819 Ov..4re

410 2829 527 2864 Amat
549 2827 600 2864 iii
622 2830 699 2876 564.
834 2839 879 2875 30
904 2830 1110 2874 'nullastdeo
1126 2830 1221 2865 etc:
1248 2826 1331 2864 Luc.
1351 2829 1479 2865 Pham.
1499 2828 1523 2864 i.
1547 2839 1604 2876 92.

524 2896 586 2929 218
