1994 3190
256 163 344 211 426
362 171 388 202 e
732 160 993 205 IOANNIS
1033 160 1546 206 SARESBERIENSIS
1699 157 1816 221 [Lm.
1832 173 1872 205 11

404 280 670 337 temptauit;
699 294 779 323 nec
806 279 952 323 defuit
978 282 1175 323 euentus.
1235 279 1478 338 Imperium
1506 295 1680 338 quoque
1706 281 1801 324 eius
1827 283 1874 324 et

402 349 612 392 interitus
638 349 808 392 Vitellii
839 352 884 392 et
914 349 1104 399 Othonis,
1125 349 1202 406 qui
1231 348 1334 392 fedo
1365 349 1533 392 Neroni
1563 352 1872 401 successerant,

403 418 606 475 pluribus
635 418 861 462 celestium
892 419 1030 476 signis
1060 419 1425 476 praenuntiatum
1455 422 1524 462 est
1555 422 1600 462 et
1631 434 1712 477 pro
1745 421 1873 477 parte

402 488 645 545 stupendis.

527 594 634 653 Cap.
662 609 726 640 11.
755 595 903 653 Siqua
933 611 1015 640 esse
1044 611 1158 653 qucae
1185 600 1344 640 contra
1372 601 1597 642 naturam
1611 597 1755 654 fiunt.
1889 613 1908 648 5

462 699 587 752 Quae
617 714 723 743 uero
753 699 1006 742 huiusmodi
1037 702 1218 756 stupore
1248 699 1385 756 digna
1418 699 1467 742 in
1501 699 1572 743 his
1605 701 1874 758 contingunt

403 768 663 825 plerumque
697 769 825 826 signa
865 783 958 811 esse
997 783 1088 810 non
1127 768 1316 825 ambigit
1355 769 1554 826 quisquis
1594 769 1874 827 euangelicae

359 844 389 885 d
405 838 706 895 promissionis
740 838 931 881 fideliter
965 837 1179 887 meminit,
1214 852 1314 880 cum
1349 838 1564 895 scriptum
1598 839 1683 882 sit:
1729 839 1875 882 Erunt

403 907 531 965 signa
555 908 603 950 in
629 908 719 950 sole
744 910 789 950 et
819 907 926 949 luna
951 909 996 949 et
1023 906 1174 957 stellis,
1195 909 1240 949 et
1269 909 1425 950 cetera.
1486 907 1552 950 Ea
1579 910 1731 951 tamen
1761 923 1874 965 quae

402 977 475 1020 hic
513 977 898 1034 praenuntiantur,
939 976 1032 1018 sine
1077 976 1348 1032 praeiudicio
1392 977 1639 1020 sententiae
1679 977 1874 1021 melioris
1893 995 1935 1020 10

402 1060 454 1088 ea
473 1046 762 1103 intelligenda
788 1046 992 1096 arbitror,
1013 1060 1126 1102 quae
1146 1046 1194 1087 in
1221 1046 1292 1088 his
1318 1048 1472 1089 contra
1497 1049 1705 1089 naturam
1731 1047 1874 1100 fiunt;

402 1115 532 1172 quale
571 1118 638 1159 est
678 1115 796 1172 quod
842 1115 890 1157 in
929 1115 1131 1172 passione
1171 1115 1352 1158 Domini
1392 1116 1457 1159 sol
1497 1116 1756 1160 obscuratus
1796 1119 1874 1168 est,

401 1185 551 1227 uelum
578 1185 773 1235 scissum,
793 1187 945 1241 petrae
976 1187 1145 1241 ruptae,
1172 1187 1328 1242 aperta
1354 1188 1651 1237 monumenta,
1678 1188 1724 1229 et
1749 1201 1874 1230 sanc-

400 1256 549 1297 torum
588 1269 771 1311 corpora
811 1254 887 1311 qui
937 1254 1210 1297 dormierant
1259 1257 1560 1298 surrexerunt.
1640 1255 1872 1299 Naturalis

401 1324 565 1366 etenim
581 1324 754 1380 eclipsis
774 1338 866 1366 esse
886 1338 976 1366 non
996 1324 1155 1381 potuit,
1168 1338 1280 1381 quae
1299 1324 1469 1367 lunaris
1488 1325 1682 1382 corporis
1697 1325 1872 1369 obiectu
1892 1339 1932 1374 15

399 1393 631 1450 contingit,
670 1408 770 1436 cum
809 1396 982 1436 constet
1029 1393 1172 1450 pridie
1221 1394 1374 1437 lunam
1413 1397 1619 1451 quartam
1657 1395 1872 1438 decimam

402 1463 614 1513 extitisse,
645 1463 730 1505 nisi
762 1463 878 1506 forte
909 1463 1008 1520 quis
1038 1464 1092 1506 de
1123 1463 1306 1507 Iudaica
1334 1465 1520 1521 perfidia
1549 1465 1874 1508 incredulitatis

403 1547 508 1576 suae
544 1533 751 1575 solatium
786 1535 1028 1584 mutuetur,
1058 1548 1258 1577 asserens
1293 1549 1392 1577 cum
1424 1535 1487 1577 eis
1517 1535 1733 1578 Venerem
1763 1537 1874 1579 tunc

402 1603 449 1644 in
470 1603 670 1659 ecliptica
691 1603 808 1646 linea
832 1603 913 1646 soli
941 1602 1078 1646 fuisse
1098 1604 1357 1660 oppositam,
1379 1619 1490 1661 quae
1512 1605 1690 1662 quidem
1709 1620 1873 1662 magna

401 1674 469 1714 est
496 1675 541 1714 et
573 1671 643 1729 (ut
672 1672 884 1729 astrologi
910 1671 1112 1730 tradunt)
1139 1673 1232 1716 sola
1259 1673 1314 1716 de
1342 1673 1536 1730 quinque
1570 1674 1787 1717 sideribus
1817 1674 1872 1718 de
1891 1690 1934 1715 20

255 1756 335 1798 427
356 1758 387 1789 a
403 1744 529 1784 nocte
569 1741 772 1783 umbram
811 1741 865 1784 de
906 1756 952 1784 se
992 1742 1160 1784 emittit
1194 1745 1247 1785 ut
1290 1743 1408 1787 luna.
1480 1743 1608 1796 Quod
1649 1744 1754 1800 quia
1793 1758 1872 1787 nee

402 1811 518 1853 ratio
545 1810 705 1867 probat
731 1825 811 1854 nee
838 1812 1080 1854 auctoritas
1108 1815 1188 1855 aut
1217 1813 1327 1856 fides
1354 1814 1583 1871 approbat,
1611 1814 1874 1871 repudiatur

402 1882 454 1922 ut
489 1879 631 1922 futile.
693 1880 742 1922 Si
778 1880 895 1923 enim
930 1881 1040 1923 adeo
1077 1881 1346 1925 luminosum
1381 1886 1448 1926 est
1484 1883 1668 1927 Veneris
1703 1873 1872 1941 corpus,

402 1949 619 2006 quomodo
648 1952 799 1992 tantas
828 1950 948 2007 parit
977 1951 1216 1994 tenebras?
1275 1951 1502 1996 Dionisius
1532 1953 1796 2011 Ariopagita
1825 1954 1873 1997 in

402 2018 589 2076 epistola
617 2019 674 2061 ad
706 2019 982 2077 Policarpum
1013 2021 1166 2064 scribit
1202 2036 1248 2064 se
1283 2024 1328 2064 et
1357 2022 1506 2079 plures
1535 2022 1644 2066 alios
1679 2023 1870 2079 philoso-
1891 2035 1932 2070 ²5

402 2089 591 2146 phantes
630 2091 737 2132 tune
776 2089 939 2132 uidisse
980 2090 1131 2133 lunam
1172 2091 1253 2134 soli
1293 2091 1572 2142 incidentem,
1612 2094 1657 2135 et
1692 2092 1871 2149 quidem

401 2160 556 2202 contra
585 2161 816 2211 naturam;
857 2174 945 2201 non
977 2160 1094 2202 enim
1125 2163 1222 2203 erat
1251 2161 1393 2204 coitus
1426 2163 1612 2218 tempus.
1673 2161 1801 2215 Quod
1832 2162 1872 2205 ei

401 2227 682 2285 postmodum
734 2227 870 2271 Paulo
916 2229 1198 2285 praedicante
1243 2230 1542 2274 conuersionis
1587 2229 1711 2273 dedit
1752 2246 1873 2275 occa·

401 2297 580 2340 sionem.
660 2296 761 2340 Seio
811 2300 960 2340 tamen
1008 2298 1156 2355 plures
1204 2298 1336 2342 aliter
1385 2299 1488 2342 hinc
1536 2299 1736 2353 locut0s;
1797 2300 1871 2343 sed

403 2366 654 2409 Dionisium
686 2365 899 2423 praefero,
921 2366 1026 2423 quia
1056 2367 1173 2424 quod
1204 2367 1320 2410 uidit
1349 2368 1537 2426 scripsit,
1565 2368 1641 2411 alii
1672 2370 1874 2427 proprias
1892 2386 1935 2420 30

402 2487 423 2513 2
451 2475 648 2512 interitum
667 2475 698 2510 A
826 2475 953 2512 otonis
971 2475 1008 2510 M
1181 2486 1220 2522 ¹3
1247 2475 1382 2512 eissum
1402 2476 1426 2512 S
1597 2479 1640 2515 16
1666 2477 1830 2514 xiiiimm
1849 2479 1873 2517 S

402 2534 450 2559 20
471 2536 491 2558 v
509 2523 533 2558 S
630 2522 823 2569 syderibus
841 2521 868 2559 C

453 2619 470 2656 5
496 2610 589 2646 Cum
611 2622 719 2657 capp.
743 2620 794 2652 ιι,
822 2620 872 2652 12,
892 2608 938 2645 cf.
958 2608 1049 2655 Aug.
1067 2610 1109 2645 de
1136 2610 1207 2645 civ.
1230 2610 1308 2653 Dei,
1326 2609 1400 2647 xxi.
1420 2619 1453 2657 7,
1468 2612 1489 2647 8
1513 2610 1671 2659 (Migne‚
1690 2614 1730 2648 P.
1744 2614 1788 2649 L.
1805 2613 1872 2651 xli.

402 2661 470 2701 718
488 2670 551 2703 neq
583 2661 616 2699 .).
716 2659 737 2694 8
763 2658 886 2693 Erunt
900 2658 1006 2702 eu‘yna
1023 2659 1117 2693 etc.:
1146 2656 1233 2693 Luc.
1253 2656 1326 2694 xxi.
1348 2667 1407 2705 25.
1529 2669 1570 2695 12
1595 2661 1648 2695 sol
1664 2661 1873 2698 obscuratus

402 2708 496 2741 ete:
522 2717 552 2739 v.
604 2716 658 2740 uc.
680 2703 782 2740 xxiii.
799 2714 843 2751 45
861 2718 868 2747 ;
896 2703 1006 2741 Matt.
1025 2703 1137 2740 xxvii.
1162 2714 1216 2750 5¹.
1236 2713 1291 2751 52.
1391 2715 1439 2741 20
1454 2707 1530 2742 sola
1547 2708 1590 2742 de
1605 2709 1761 2755 quinque
1777 2710 1871 2746 etc.:

403 2751 614 2788 Martianus
638 2751 794 2798 Capella
819 2751 893 2788 viii.
923 2753 1002 2796 883.
1101 2753 1362 2835 ἺΔΒίοηίεὴι-«ι
1385 2755 1478 2790 eta:
1507 2753 1618 2790 Dion.
1643 2755 1777 2802 Areop.
1796 2757 1867 2803 Ep.

401 2798 462 2835 vii.
482 2811 552 2835 sec.
574 2798 783 2836 versionem
812 2798 963 2836 Ioannis
989 2797 1092 2836 Scoti
1112 2800 1125 2846 (
1170 2798 1270 2847 igne,
1288 2801 1328 2836 P.
1347 2801 1389 2837 L.
1406 2799 1518 2838 cxxii.
1543 2804 1608 2839 180
1621 2803 1668 2849 o).

510 2874 553 2913 8⁴
