1994 3190
223 177 304 227 488
325 187 349 216 c
692 173 953 218 IOANNIS
993 173 1503 224 SARESBERIENSIS
1637 172 1750 232 [1213.
1767 183 1829 215 111

364 297 444 338 aut
474 296 686 351 quattuor
714 293 841 351 paria
869 293 917 336 in
946 308 1107 337 amore.
1168 293 1266 337 Hoc
1293 293 1439 351 ipsum
1469 293 1652 337 Arbiter
1679 295 1831 336 noster

364 363 626 421 ingemiscit,
658 363 742 406 etsi
776 363 959 407 alterius
994 363 1202 406 uideatur
1235 363 1430 406 induisse
1463 376 1722 420 personam3
1764 361 1830 404 ait

365 447 506 476 enlm:

541 530 715 573 Nomen
745 530 964 573 amicitiae
993 530 1031 573 si
1061 532 1279 587 quatenus
1309 530 1489 587 expedit
1517 530 1656 582 heret,

597 589 790 632 calculus
818 589 866 631 in
896 589 1050 632 tabula
1077 589 1238 631 mobile
1267 588 1391 631 ducit
1419 603 1540 645 opus.
1848 604 1868 638 5

320 644 349 684 d
539 661 640 690 cum
669 646 852 690 fortuna
880 650 1042 697 manet,
1071 646 1247 689 uultum
1278 646 1466 689 seruatis
1495 646 1651 698 amici3

599 719 699 748 cum
728 705 897 757 cecidit,
926 705 1049 761 turpi
1078 705 1255 747 uertitis
1284 719 1362 747 ora
1392 704 1441 746 fu
1475 719 1512 748 a.

540 762 661 806 Grex
690 763 786 820 agit
814 763 861 805 in
891 777 1021 806 scena
1049 763 1247 814 mimum,
1277 765 1404 819 pater
1433 762 1507 805 ile
1536 763 1734 813 uocatur,

597 821 716 864 filius
746 821 828 871 hic,
858 835 1018 864 nomen
1048 821 1202 863 diuitis
1232 820 1306 863 ille
1335 823 1484 872 tenet3

539 893 644 922 mox
673 879 750 922 ubi
780 879 987 921 ridendas
1016 879 1195 921 inclusit
1224 878 1388 935 pagina
1416 881 1577 934 partes,
1819 887 1823 892 ·
1850 893 1893 917 10

597 951 704 980 uera
733 937 850 980 redit
879 937 1026 987 facies,
1056 937 1334 979 dissimulata
1361 936 1490 993 perit.

520 1083 627 1142 Cap.
659 1085 696 1129 8.
746 1084 811 1128 De
838 1083 1086 1129 mundana
1116 1085 1325 1137 comedia,
1354 1085 1427 1128 uel
1456 1084 1678 1141 trayedz'a.

428 1181 488 1225 Et
518 1182 695 1239 quidem
726 1182 918 1240 eleganti
948 1183 1094 1226 utitur
1125 1183 1428 1234 similitudine,
1458 1183 1563 1240 quia
1593 1182 1686 1226 fere
1713 1181 1834 1239 quic-

368 1251 476 1308 quid
495 1251 543 1294 in
563 1252 696 1295 turba
714 1252 967 1309 prophanae
982 1252 1282 1295 multitudinis
1296 1252 1447 1310 agitur
1460 1251 1681 1295 comediae
1701 1265 1835 1308 quam

369 1321 433 1364 rei
464 1324 615 1378 gestae
649 1321 837 1364 similius
871 1325 950 1365 est.
1020 1322 1195 1373 Militia,
1230 1322 1389 1379 inquit,
1416 1325 1483 1365 est
1512 1322 1609 1364 uita
1642 1321 1834 1364 hominis
1853 1334 1894 1370 15

370 1404 503 1447 super
529 1393 705 1433 terram.
764 1390 837 1441 At,
868 1391 905 1433 si
932 1395 1084 1435 nostra
1113 1394 1313 1448 tempora
1342 1391 1624 1448 propheticus
1651 1390 1836 1448 spiritus

370 1459 650 1516 concepisset,
667 1459 887 1503 diceretur
906 1460 1080 1518 egregie
1101 1460 1206 1517 quia
1225 1461 1421 1504 comedia
1441 1465 1508 1504 est
1528 1461 1625 1503 uita
1644 1459 1836 1504 hominis

371 1544 503 1586 super
534 1532 712 1581 terram,
736 1529 814 1571 ubi
844 1529 1029 1586 quisque
1058 1530 1127 1573 sui
1159 1530 1323 1573 oblitus
1358 1545 1589 1587 personam
1625 1529 1838 1587 exprimit

307 1600 312 1605 '
370 1598 573 1642 alienam.
632 1597 719 1641 Sed
750 1597 866 1641 forte
896 1613 947 1642 eo
975 1599 1215 1656 prophetae
1244 1599 1391 1643 tendit
1418 1600 1655 1650 oraculum,
1680 1602 1733 1642 ut
1762 1613 1836 1642 eos

220 1674 307 1724 489
325 1685 355 1715 a
372 1682 481 1725 quos
501 1667 697 1710 nondum
718 1671 839 1711 terra
858 1667 1098 1721 absorbuit,
1109 1669 1263 1712 doceat
1283 1669 1448 1727 iugiter
1467 1670 1671 1712 militare.
1717 1669 1835 1712 Nam
1855 1679 1900 1704 ²0

371 1736 448 1794 qui
468 1737 635 1794 captiui
656 1737 868 1780 uitiorum
889 1737 1082 1795 impulsu
1106 1738 1348 1781 trahuntur
1367 1738 1424 1781 ad
1444 1753 1602 1796 penam
1624 1738 1739 1782 sicut
1758 1738 1838 1782 bos

372 1806 667 1849 immolandus
706 1806 762 1849 ad
802 1807 1042 1861 uictimam,
1074 1808 1287 1851 abeuntes
1325 1811 1426 1865 post
1464 1808 1839 1865 concupiscentias

373 1890 487 1928 suas,
515 1876 598 1918 etsi
629 1890 808 1933 corpore
838 1876 1077 1919 uideantur
1103 1877 1354 1921 inhabitare
1381 1878 1654 1935 superficiem
1682 1880 1839 1929 terrae,

373 1945 467 1988 uiui
490 1949 638 1988 tamen
659 1946 825 1989 absorti
843 1949 949 1989 sunt
968 1949 1014 1988 et
1034 1946 1306 1990 descendunt
1322 1947 1368 1989 in
1385 1947 1606 1990 infernum
1622 1946 1837 1990 uiuentes.

374 2014 444 2065 Et,
464 2015 501 2058 81
522 2014 658 2057 alium
674 2015 886 2058 orationis
901 2015 1126 2073 sequimur
1141 2019 1330 2074 tropum,
1344 2019 1507 2059 terram
1523 2030 1837 2073 usquequaque
1858 2029 1899 2065 25

373 2084 629 2127 inhabitant
649 2099 836 2141 quorum
857 2085 1132 2128 conuersatio
1153 2085 1333 2128 minime
1357 2085 1403 2128 in
1424 2085 1528 2129 celis
1559 2089 1626 2128 est
1649 2099 1728 2128 nec
1752 2085 1837 2129 sibi

372 2153 519 2197 sciunt
537 2153 706 2210 aliquid
734 2153 780 2195 111
811 2154 902 2196 8810
923 2168 1027 2206 8888,
1048 2158 1093 2198 et
1120 2154 1165 2197 id
1195 2154 1432 2198 dumtaxat
1458 2154 1667 2198 affectant
1691 2155 1839 2199 animo

374 2222 491 2279 quod
512 2222 709 2266 cernitur
727 2237 860 2279 super
875 2226 1049 2266 terram.
1110 2223 1195 2266 His
1215 2238 1388 2281 quoque
1408 2223 1570 2267 militia
1590 2223 1706 2282 iugis
1727 2224 1840 2267 indi-

373 2291 502 2342 citur,
532 2291 693 2348 quibus
724 2294 792 2343 (ut
823 2291 878 2334 ad
909 2291 1083 2335 fabulas
1113 2292 1359 2349 redeamus)
1390 2307 1469 2336 nec
1503 2292 1624 2335 unda
1651 2292 1840 2344 Tantali,

375 2360 484 2405 Ticii
519 2360 685 2411 uultur,
717 2364 814 2404 rota
844 2360 1043 2413 Yxionis,
1085 2362 1287 2405 Belidum
1324 2377 1448 2415 urna,
1480 2376 1638 2405 saxum
1673 2362 1841 2420 sisiphi
1860 2379 1903 2415 30

376 2505 396 2532 2
423 2494 587 2531 indui-e
614 2494 791 2531 uideatur
820 2494 851 2530 A
1029 2495 1083 2540 16,
1109 2503 1150 2539 17
1176 2494 1227 2531 At
1254 2493 1285 2531 81
1316 2495 1444 2532 nostra
1461 2522 1470 2533 .
1488 2521 1496 2531 .
1514 2522 1522 2531 .
1541 2493 1706 2531 hominis
1731 2506 1843 2542 super

376 2545 515 2579 terram
532 2543 573 2579 ob
589 2542 883 2579 homoeoteleuton
902 2554 969 2578 om.
989 2540 1063 2586 CB,
1099 2554 1208 2579 oreon
1227 2541 1271 2578 A¹
1396 2543 1436 2579 18
1463 2542 1544 2590 ubi]
1564 2541 1635 2578 11181
1652 2541 1684 2578 A
1797 2552 1841 2590 23

377 2602 489 2638 nuper
506 2589 642 2627 faeiem
660 2590 755 2626 CBA
899 2591 945 2627 26
968 2589 1009 2626 in
1026 2602 1067 2626 cc
1086 2589 1116 2626 18
1137 2591 1194 2626 eut
1210 2588 1366 2627 minime
1386 2589 1425 2626 Μ
1570 2600 1616 2635 30
1639 2588 1778 2627 ixionis
1795 2590 1827 2627 A

423 2727 446 2762 4
472 2718 611 2753 Nomen
629 2719 722 2754 etc:
748 2715 900 2754 Petu-on.
917 2718 989 2752 Sat.
1011 2714 1028 2763 ξ
1049 2716 1105 2752 80.
1299 2725 1338 2763 ¹⁵
1365 2716 1504 2752 Militia
1522 2716 1614 2753 etc:
1641 2714 1707 2753 Iob
1725 2714 1787 2751 vii.
1810 2723 1841 2752 1.

378 2775 397 2802 2
446 2766 622 2819 81818101
650 2765 695 2801 cf.
716 2763 850 2801 Duritia
867 2764 1020 2809 lusor-no
1043 2761 1173 2821 xnxx'iii.
1196 2772 1256 2820 131
1273 2775 1394 2847 seqq..
1484 2773 1563 2818 ...²⁴
1588 2765 1672 2799 uiui
1688 2764 1783 2801 etc.:
1809 2774 1842 2801 v.

413 2824 486 2849 11111.
503 2823 578 2849 xvi.
596 2822 652 2859 30.
796 2813 841 2849 26
865 2816 1088 2848 muner-atto
1105 2823 1146 2847 m
1162 2812 1267 2848 calu:
1297 2810 1325 2847 P
1354 2809 1462 2857 xlipp.
1481 2822 1536 2847 111.
1557 2820 1613 2847 20.

489 2891 552 2928 190
