1994 3190
229 197 319 238 399
338 188 368 226 b
719 183 979 228 IOANNIS
1009 183 1522 228 SARESBERIENSIS
1709 181 1818 244 [ΗΒ.
1835 190 1857 226 Ι·

387 304 631 362 perfectam
662 308 708 348 et
735 304 977 348 maximam
1007 304 1266 347 armoniam.
1331 302 1446 348 Cum
1475 319 1583 348 uero
1612 304 1660 347 in
1690 304 1856 347 eisdem

388 375 614 418 armonica
656 374 908 417 arismetica
950 374 1022 416 uel
1066 373 1334 430 geometrica
1356 373 1515 416 >trium
1563 374 1855 418 terminorum

388 443 626 486 medietate
646 443 831 493 exultat,
844 443 1085 499 semiplena
1104 441 1292 484 uictoria
1314 444 1393 485 est.
1440 442 1634 495 Quaeuis
1654 443 1856 494 aliarum,

389 512 474 555 etsi
501 513 764 570 contingant
790 512 903 555 citra
926 511 1143 567 triumphi
1171 511 1370 567 gloriam,
1390 514 1470 554 aut
1495 511 1690 555 ludentis
1718 510 1856 554 felici·

390 585 530 624 tatem
556 583 636 623 aut
661 581 773 624 artis
798 581 1006 638 peritiam
1033 582 1351 637 protestantur.
1412 580 1657 623 Iocundum
1678 580 1858 637 quidem
1879 600 1897 633 5

389 654 436 693 et
456 649 735 693 fructuosum
762 653 830 693 est
853 664 1138 692 numerorum
1158 664 1285 692 nosse
1306 650 1559 701 certamina,
1580 651 1657 707 qui
1678 651 1859 707 deprae-

389 719 560 762 dationi
590 720 879 762 inueniantur
898 719 1090 769 obnoxii,
1112 722 1157 761 et
1187 733 1276 775 qua
1305 719 1476 763 ratione
1506 720 1554 762 in
1582 720 1739 763 castris
1768 720 1860 762 sint

389 789 468 831 alii
488 789 688 839 tutiores,
708 789 905 831 omnium
926 788 1221 845 periculorum
1242 788 1400 846 ignari,
1420 789 1507 832 nisi
1531 789 1648 832 forte
1674 789 1858 832 circum-

390 858 515 901 uenti
536 858 593 900 ab
613 858 816 901 hostibus
836 858 1132 915 captiuentur.
1184 858 1333 901 Huius
1353 858 1584 915 uoluptate
1605 857 1860 901 certaminis

348 943 374 973 c
393 928 692 978 Tholomeum‚
721 927 1038 977 Alexandrum,
1066 926 1285 979 Cesarem,
1316 926 1543 978 Catonem,
1573 928 1720 985 ipsum
1753 941 1859 984 quo·
1879 944 1924 970 ιο

391 1011 476 1054 que
524 997 724 1040 Samium
764 996 992 1054 grauiores
1031 1011 1186 1053 operas
1225 997 1413 1054 legimus
1451 1000 1732 1054 temperasse,
1773 1011 1861 1053 quo

391 1067 527 1109 etiam
548 1067 666 1110 inter
684 1067 926 1109 ludendum
947 1066 994 1108 id
1022 1069 1216 1123 agerent,
1237 1066 1354 1110 unde
1375 1070 1522 1110 essent
1546 1066 1861 1124 philosophicis

391 1136 582 1193 negotiis
631 1136 836 1193 aptiores.
912 1135 1024 1178 Alea
1062 1151 1170 1179 uero
1209 1136 1356 1179 exciso
1395 1151 1531 1194 regno
1570 1136 1704 1179 Asiae
1743 1136 1862 1178 inter

391 1205 626 1248 manubias
641 1219 819 1247 euersae
839 1205 962 1247 urbis
983 1220 1072 1247 non
1092 1205 1175 1248 sub
1190 1220 1281 1248 una
1295 1208 1473 1248 tantum
1489 1206 1632 1263 specie
1647 1205 1862 1263 migrauit

392 1274 450 1317 ad
472 1274 673 1317 Graecos.
735 1274 853 1317 Hinc
881 1275 1093 1324 thessara,
1113 1275 1317 1326 calculus,
1337 1275 1503 1326 tabula,
1523 1275 1622 1318 urio
1649 1275 1721 1318 uel
1748 1274 1859 1317 Dar—
1882 1291 1922 1325 15

393 1344 510 1387 dana
538 1358 701 1401 pugna,
722 1344 915 1396 tricolus,
937 1344 1070 1397 senio,
1094 1345 1371 1397 monarchus,
1391 1345 1589 1396 orbiculi,
1609 1344 1862 1396 taliorchus,

393 1413 562 1470 uulpes,
594 1428 781 1470 quorum
816 1416 957 1456 artem
991 1414 1147 1457 utilius
1182 1417 1250 1457 est
1279 1414 1500 1459 dediscere
1530 1429 1663 1471 quam
1693 1414 1861 1457 docere.

396 1482 506 1536 Quis
527 1482 642 1525 enim
664 1497 752 1525 non
774 1483 1013 1534 erubescat,
1035 1484 1072 1526 si
1093 1484 1226 1527 sortis
1246 1498 1351 1526 suae
1377 1483 1570 1541 gratiam
1590 1498 1679 1526 non
1700 1483 1863 1526 uirtuti

395 1550 555 1594 debeat
575 1551 651 1594 sed
672 1552 873 1596 taxillis?
923 1553 1034 1606 Quis
1054 1553 1210 1596 fretilli
1238 1553 1456 1596 cautelam
1477 1568 1581 1596 suae
1601 1552 1864 1610 prudentiae

400 1635 489 1663 non
510 1620 657 1663 doleat
677 1621 921 1666 anteferri?
982 1623 1142 1666 Nonne
1163 1623 1272 1666 satis
1292 1623 1542 1680 improbata
1563 1626 1630 1666 est
1650 1622 1862 1679 cuiusque
1883 1639 1928 1665 ao

401 1690 511 1733 artis
533 1690 803 1743 exercitatio,
816 1706 904 1748 qua
920 1695 1087 1749 quanto
1108 1693 1293 1750 quisque
1309 1693 1489 1744 doctior,
1501 1695 1629 1736 tanto
1648 1692 1864 1749 nequior‘l

349 1764 379 1804 d
399 1759 582 1802 Aleator
602 1760 779 1816 quidem
799 1761 942 1804 omnis
971 1762 1043 1804 hic
1073 1767 1153 1805 est.
1214 1762 1543 1805 Mendaciorum
1573 1761 1791 1819 siquidem
1821 1764 1868 1805 et

397 1829 691 1886 periuriorum
713 1833 856 1872 mater
875 1834 943 1873 est
970 1831 1077 1884 alea,
1100 1835 1144 1874 et
1166 1846 1222 1874 ex
1242 1832 1376 1875 alieni
1403 1831 1758 1889 concupiscentia
1784 1845 1866 1874 sua

396 1899 605 1956 prodigit,
637 1902 683 1941 et
714 1899 883 1942 nullam
923 1901 1090 1944 habens
1125 1901 1382 1958 patrimonii
1422 1901 1729 1954 reuerentiam,
1764 1915 1864 1944 cum

397 1968 507 2011 illud
536 1968 753 2019 effuderit,
773 1969 933 2013 sensim
956 1970 1002 2012 in
1031 1970 1155 2013 furta
1174 1971 1390 2014 dilabitur
1410 1974 1455 2015 et
1481 1971 1672 2028 rapinas.
1733 1970 1863 2014 Illam
1885 1987 1928 2022 ²5

398 2052 504 2081 uero
531 2037 732 2080 nonnulli
761 2038 1031 2095 praeferunt,
1053 2039 1100 2081 in
1130 2055 1219 2096 qua
1246 2041 1400 2083 Vlixes
1427 2040 1582 2083 lusisse
1610 2040 1787 2099 legitur,
1815 2055 1866 2084 eo

399 2106 516 2164 quod
544 2106 710 2164 ingenii
739 2107 1020 2164 aliquatenus
1040 2109 1182 2151 multa
1209 2109 1497 2153 meditatione
1522 2110 1716 2153 excitare
1746 2109 1867 2153 uide-

398 2179 503 2220 atur
541 2190 737 2220 acumen.
796 2177 885 2219 Sed
915 2192 971 2220 ex
1006 2193 1057 2220 eo
1103 2179 1237 2222 michi
1284 2179 1464 2222 uidetur
1502 2179 1729 2237 perditior,
1768 2194 1868 2223 cum

400 2245 536 2290 nichil
564 2245 785 2289 infelicius
813 2246 872 2290 sit
900 2262 1031 2304 quam
1060 2248 1106 2290 in
1138 2263 1199 2299 eo,
1221 2249 1267 2290 in
1288 2263 1376 2306 quo
1396 2249 1630 2292 minimum
1654 2248 1869 2306 proficias,

401 2362 423 2388 2
449 2349 695 2388 arismethica
712 2349 799 2387 GBS
971 2362 1012 2389 12
1038 2351 1320 2398 phylosophicis
1338 2350 1398 2388 CB
1563 2353 1605 2389 16
1629 2363 1828 2389 monarcus
1845 2351 1870 2388 S

451 2457 471 2483 2
495 2447 730 2492 qeometrica.
774 2445 857 2481 vide
892 2444 992 2491 quod
1026 2444 1070 2480 de
1107 2443 1363 2490 progressione
1426 2443 1632 2481 eometrica
1665 2443 1705 2479 in
1739 2444 1872 2481 tabula

402 2493 590 2530 scaccarin.
615 2493 915 2530 demonstratum
941 2503 1021 2528 esse
1044 2494 1221 2527 narratur
1246 2504 1305 2538 ap.
1330 2491 1387 2538 Hy
1417 2503 1447 2534 e,
1468 2493 1563 2527 ΙΙιει.
1592 2493 1814 2538 Shahaudii,
1831 2491 1871 2530 ii.

403 2554 441 2588 p.
458 2550 509 2588 55.
560 2541 615 2576 Cf.
628 2540 756 2585 Linde,
773 2541 892 2577 Gesch.
906 2541 1026 2575 unda
1027 2541 1117 2575 iuer.
1128 2541 1189 2574 des
1202 2519 1456 2585 Schachspiels’,
1470 2538 1494 2575 i.
1509 2551 1571 2585 pp.
1584 2550 1718 2585 4seqq.
1817 2549 1872 2595 15,

410 2599 451 2634 19
484 2589 618 2632 tabula,
649 2568 812 2624 maxillis.
845 2587 892 2624 de
934 2588 1140 2623 tabularum
1176 2588 1214 2622 ct
1251 2588 1463 2622 taxillorum
1501 2587 1603 2633 apud
1638 2587 1720 2624 aevi
1755 2587 1871 2625 medii

406 2635 641 2673 academicos
673 2634 935 2672 aestimatione
969 2634 1225 2689 comparativa
1258 2634 1305 2671 cf.
1342 2633 1533 2678 Rashdall,
1574 2635 1804 2671 Unitersitiee
1835 2636 1881 2681 of

406 2685 554 2729 Europe
571 2686 610 2719 in
629 2685 685 2718 the
703 2685 840 2719 Middle
858 2684 962 2728 Aaou,
980 2682 1003 2717 i.
1022 2694 1056 2728 p.
1077 2691 1153 2728 195,
1165 2694 1200 2718 n.
1299 2692 1343 2717 22
1370 2662 1643 2717 Mandaei-orum
1658 2685 1751 2718 etc:
1777 2682 1872 2719 citat

408 2732 585 2768 chancer.
606 2732 625 2766 1
629 2731 820 2766 ’ardonem
840 2731 927 2766 Tale
945 2738 1021 2777 591,
1274 2739 1318 2774 23
1345 2741 1389 2763 ex
1404 2730 1519 2764 alwni
1535 2731 1629 2765 ete.:
1661 2742 1693 2766 v.
1721 2728 1870 2766 Sallust.

411 2780 518 2815 Catil.
547 2787 587 2824 5:
622 2779 670 2814 cs.
696 2778 782 2816 Tac.
809 2779 926 2814 Germ.
953 2738 1163 2824 31,5?‹10n.
1186 2776 1310 2823 Apoll.
1336 2775 1389 2813 iii.
1415 2786 1446 2823 5,
1467 2776 1598 2813 Ioann.
1626 2776 1771 2814 Saresb.
1803 2778 1872 2814 Vo't.

408 2827 575 2863 Annelmt'
592 2826 654 2864 vii.

518 2897 562 2942 26
