1994 3190
155 213 254 250 oar.
267 202 360 263 vn]
663 201 1098 246 POLICRATICVS
1631 202 1712 251 526
1731 211 1763 240 a

154 324 388 382 diligentes
410 337 480 366 me
500 324 546 365 et
574 322 803 364 thesauros
829 321 1005 364 illorum
1031 322 1237 378 repleam.
1297 322 1436 366 Item:
1465 322 1614 365 Meum

154 396 223 437 est
260 392 490 437 consilium
536 393 582 434 et
627 390 838 447 aequitas,
876 404 974 432 mea
1014 392 1081 432 est
1119 391 1367 446 prudentia,
1407 407 1504 435 mea
1547 395 1615 435 est

153 461 381 506 fortitudo.
443 460 502 503 Et
521 459 651 502 alibi:
680 458 878 516 Accipite
899 459 1176 515 disciplinam
1197 463 1242 502 et
1261 475 1349 502 non
1370 462 1612 518 pecuniam,

152 531 397 574 doctrinam
432 528 574 586 magis
613 543 746 585 quam
780 542 939 570 aurum
974 527 1134 585 eligite.
1195 529 1352 571 Melior
1390 533 1458 572 est
1496 531 1614 573 enim

115 617 135 652 5
153 599 370 657 sapientia
388 598 557 641 cunctis
577 597 733 654 opibus
754 596 1092 654 pretiosissimiS,
1113 599 1158 639 et
1177 611 1305 639 omne
1326 598 1614 642 desiderabile

152 669 194 713 ei
226 683 316 711 11011
350 670 497 726 potest
526 666 783 724 comparari.
842 665 956 710 Cum
991 666 1178 722 gentiles
1209 666 1343 709 nichil
1375 667 1469 709 sine
1498 671 1613 710 nutu

151 738 385 781 numinum
411 736 639 781 crederent
668 735 933 787 faciendum,
962 750 1101 778 unum
1131 738 1281 778 tamen
1312 736 1438 792 quasi
1469 736 1612 778 Deum

151 807 332 851 deorum
346 809 390 850 et
402 806 599 850 omnium
611 805 853 863 principem
867 803 1136 854 excolebant,
1149 803 1314 847 scilicet
1327 804 1612 860 Sapientiam,
1631 805 1661 844 b

152 876 251 920 ideo
272 876 422 933 quod
409 890 505 933 ipsa
520 875 723 918 omnibus
738 877 922 931 praeest.
973 873 1099 916 Vnde
1115 876 1160 916 et
1175 873 1425 931 philosophi
1442 877 1614 918 ueteres

95 959 137 985 10
152 946 390 1003 imaginem
413 944 666 1002 Sapientiae
690 958 771 1001 pro
791 943 961 986 foribus
982 943 1179 986 omnium
1199 942 1464 1000 templorum
1485 943 1610 1002 pingi

152 1017 198 1060 et
217 1015 324 1058 haec
343 1014 481 1057 uerba
499 1013 630 1057 scribi
650 1013 807 1056 debere
826 1015 1117 1056 censuerunt:

325 1095 441 1137 Vsus
470 1109 540 1138 me
569 1094 735 1152 genuit,
765 1094 938 1151 peperit
967 1094 1203 1146 Memoria;

325 1152 535 1210 Sophiam
565 1167 635 1196 me
664 1155 827 1195 uocant
857 1151 994 1204 Graii,
1024 1166 1103 1195 uos
1133 1151 1419 1209 Sapientiam.

153 1233 212 1278 Et
231 1234 337 1277 haec
356 1234 486 1277 item:
518 1233 612 1290 Ego
639 1233 711 1276 odi
739 1233 938 1276 homines
964 1232 1125 1276 stultos
1152 1235 1197 1275 et
1223 1233 1387 1290 ignaua
1410 1247 1543 1290 opera
1570 1236 1616 1277 et

94 1315 134 1351 13
153 1302 477 1361 philosophicas
515 1302 769 1346 sententias.
843 1300 902 1344 Et
941 1301 1118 1358 quidem
1159 1302 1383 1359 eleganter
1422 1303 1487 1345 illi
1528 1304 1616 1347 ista

151 1374 390 1425 finxerunt,
404 1372 507 1415 licet
522 1371 757 1414 ueritatem
777 1371 918 1428 ipsam
939 1371 1066 1428 plene
1081 1386 1170 1414 non
1185 1372 1415 1424 nouerint3
1445 1373 1501 1415 ad
1518 1388 1615 1416 eam

150 1445 301 1486 tamffl
338 1441 616 1498 aliquatenus
653 1439 918 1490 accedentes,
953 1440 1059 1482 dum
1100 1439 1376 1497 Sapientiam
1414 1442 1612 1485 omnium

151 1525 264 1568 quae
293 1512 409 1553 recte
438 1510 566 1562 fiunt,
594 1509 749 1552 ducem
780 1513 825 1552 et
851 1509 1094 1566 principem
1125 1509 1412 1562 arbitrantur,
1441 1525 1541 1553 cum
1569 1515 1614 1555 et

151 1579 249 1637 ipsa
278 1579 495 1622 ueraciter
524 1577 740 1636 glorietur
770 1578 887 1635 quod
925 1578 971 1620 in
1007 1578 1126 1621 omni
1156 1582 1289 1636 gente
1319 1582 1364 1622 et
1394 1580 1556 1636 populo
1586 1596 1614 1623 a

93 1663 137 1690 σο
151 1645 366 1704 principio
395 1645 636 1703 primatum
666 1645 813 1688 tenuit
839 1645 1128 1702 superborum
1156 1649 1200 1688 et
1230 1645 1473 1689 sullimium
1503 1648 1615 1690 colla

151 1712 331 1771 propria
364 1712 533 1755 uirtute
567 1712 751 1755 calcans.
813 1711 1021 1754 Salomon
1056 1726 1229 1768 quoque
1269 1727 1315 1755 se
1354 1727 1450 1755 eam
1481 1728 1614 1771 super
1631 1723 1656 1753 c

150 1782 338 1826 salutem
380 1784 426 1825 et
454 1781 603 1824 omnia
636 1781 821 1839 pulchra
850 1780 1055 1824 dilexisse
1086 1781 1267 1834 fatetur,
1298 1785 1343 1825 et
1374 1782 1431 1825 ad
1467 1783 1613 1840 ipsum

149 1865 250 1895 cum
279 1865 330 1895 ea
359 1851 474 1894 bona
502 1851 651 1894 omnia
679 1850 918 1895 accessisse.

151 1961 257 2020 Cap.
281 1973 317 2018 7.
347 1960 476 2016 Quod
499 1961 708 2006 timorem
732 1961 817 2004 Dei
842 1961 990 2004 doceri
1013 1960 1143 2014 debet,
1169 1965 1209 2006 et
1237 1961 1431 2008 humilis
1457 1980 1550 2015 esse,
1574 1970 1612 2009 et

92 2043 135 2080 ²3
266 2031 328 2076 sic
343 2046 515 2075 servare
530 2030 849 2081 humilitatem,
865 2031 983 2087 quod
993 2025 1248 2075 ‘auctoritas
1264 2033 1498 2090 principis
1515 2049 1613 2078 ‘non

267 2100 517 2144 minuatur
528 2118 547 2150 ;
582 2104 620 2144 et
650 2100 769 2158 quod
789 2104 1132 2158 praeceptorum
1161 2101 1260 2145 alia
1288 2101 1490 2155 mobilia,
1510 2104 1611 2147 alia

262 2169 528 2214 immobilia.

208 2249 440 2308 Sequitur:
480 2250 543 2294 Vt
576 2250 718 2294 discat
749 2251 906 2294 timere
941 2251 1181 2294 Dominum
1214 2252 1358 2295 Deum
1392 2268 1534 2304 suum,
1566 2257 1613 2297 et

150 2319 370 2364 custodire
389 2318 526 2362 uerba
546 2319 640 2363 eius
664 2335 787 2378 quae⁴
803 2321 850 2363 in
874 2321 970 2378 lege
989 2325 1223 2378 praecepta
1243 2326 1358 2365 sunt.
1419 2322 1611 2366 Causam

152 2433 169 2461 1
198 2423 346 2460 Mecum
364 2423 404 2459 Μ
575 2423 755 2471 4eligite
772 2435 883 2470 quam
903 2436 1039 2460 aurum
1055 2425 1089 2461 A
1267 2436 1309 2471 14
1334 2425 1489 2473 ignauia
1505 2427 1613 2464 CBA¹

154 2479 195 2517 15
222 2469 512 2524 phylosophicas
529 2435 598 2507 Μ4
711 2482 756 2507 20
781 2471 974 2508 sullimum
992 2471 1023 2508 B
1168 2483 1211 2509 22
1237 2474 1372 2520 pulcra
1387 2473 1446 2510 As
1567 2486 1612 2532 ².3

151 2516 280 2555 omnia
294 2517 395 2553 bona
411 2517 450 2553 M
612 2528 660 2563 24
683 2517 754 2556 Dei
770 2530 837 2556 om.
856 2519 896 2555 M
1063 2529 1106 2567 25
1132 2532 1168 2567 p.
1186 2520 1273 2558 SM.
1298 2520 1451 2568 publica.
1471 2522 1552 2568 Cyr.
1571 2525 1612 2559 in

150 2566 297 2600 rubrica
313 2566 469 2610 capitulo
478 2567 651 2610 praefixa

202 2659 218 2686 1
245 2651 368 2685 Meum
385 2654 434 2684 est
450 2651 546 2686 etc..
571 2650 674 2687 va.
691 2650 770 2687 viii.
792 2661 847 2694 14.
936 2662 966 2706 3
993 2653 1256 2698 Accipiteetca
1275 2653 1379 2690 Prov.
1396 2654 1472 2691 viii.
1489 2666 1612 2700 10,11.

153 2707 176 2744 9
205 2698 306 2732 Vnde
323 2701 355 2731 et
365 2697 573 2742 philosophi
589 2699 685 2734 etc.:
711 2710 743 2734 v.
762 2698 858 2735 Gen.
878 2698 958 2735 xiii.
973 2700 994 2735 8
1013 2699 1054 2746 §§
1075 2711 1108 2746 3,
1126 2711 1160 2746 4.
1318 2710 1358 2746 17
1384 2683 1613 2748 Sapientiam

151 2746 312 2781 omnium
329 2745 420 2779 eto.:
446 2743 494 2779 cf.
512 2743 586 2780 Cic.
604 2746 647 2780 de
665 2745 759 2790 Off
748 2757 773 2781 1.
791 2756 836 2791 43
856 2745 874 2792 ξ
898 2755 1213 2802 153.1·9
1229 2749 1269 2783 in
1287 2751 1387 2784 omni
1398 2755 1499 2795 yeme
1517 2753 1611 2786 etc.:

153 2790 271 2828 Eccli.
289 2789 386 2826 xxiv.
404 2800 435 2835 9,
456 2801 509 2826 10.
628 2802 669 2828 21
696 2793 864 2829 Salomon
881 2795 952 2830 etc.
968 2806 977 2830 :
1002 2806 1035 2831 v.
1051 2792 1138 2841 Sap.
1158 2795 1219 2831 vii.
1243 2806 1297 2841 10,
1319 2806 1372 2833 11.
1493 2800 1538 2834 28
1572 2799 1614 2834 Vt

151 2840 266 2875 discat
282 2840 376 2874 etc..
401 2836 512 2875 Deut.
529 2837 614 2874 xvii.
636 2848 689 2885 19.

209 2908 290 2928 mnu
862 2906 887 2934 1.
904 2894 921 2934 1
1437 2910 1502 2947 ²57
