<?xml version="1.0" encoding="UTF-8"?>
<!DOCTYPE html PUBLIC "-//W3C//DTD XHTML 1.0 Transitional//EN"
    "http://www.w3.org/TR/xhtml1/DTD/xhtml1-transitional.dtd">
<html xmlns="http://www.w3.org/1999/xhtml" xml:lang="en" lang="en">
 <head>
  <title>
</title>
<meta http-equiv="Content-Type" content="text/html;charset=utf-8" />
  <meta name='ocr-system' content='tesseract 3.04.00' />
  <meta name='ocr-capabilities' content='ocr_page ocr_carea ocr_par ocr_line ocrx_word'/>
</head>
<body>
  <div class='ocr_page' id='page_1' title='image "./policraticisived01john_0280.png"; bbox 0 0 1994 3190; ppageno 0'>
   <div class='ocr_carea' id='block_1_1' title="bbox 242 167 1856 228">
    <p class='ocr_par' dir='ltr' id='par_1_1' title="bbox 242 167 1856 228">
     <span class='ocr_line' id='line_1_1' title="bbox 242 167 1856 228; baseline -0.001 -16"><span class='ocrx_word' id='word_1_1' title='bbox 242 171 326 221; x_wconf 88' lang='lat'>508</span> <span class='ocrx_word' id='word_1_2' title='bbox 344 170 373 210; x_wconf 85' lang='lat' dir='ltr'>d</span> <span class='ocrx_word' id='word_1_3' title='bbox 719 168 920 213; x_wconf 90' lang='lat' dir='ltr'>IOANN</span> <span class='ocrx_word' id='word_1_4' title='bbox 921 168 980 212; x_wconf 87' lang='lat' dir='ltr'>IS</span> <span class='ocrx_word' id='word_1_5' title='bbox 1021 167 1536 212; x_wconf 83' lang='lat' dir='ltr'>SARESBERIENSIS</span> <span class='ocrx_word' id='word_1_6' title='bbox 1670 167 1780 228; x_wconf 68' lang='grc' dir='ltr'><strong>[ΜΒ.</strong></span> <span class='ocrx_word' id='word_1_7' title='bbox 1796 177 1856 211; x_wconf 90' lang='lat'>111</span> 
     </span>
    </p>
   </div>
   <div class='ocr_carea' id='block_1_2' title="bbox 242 287 1983 2437">
    <p class='ocr_par' dir='ltr' id='par_1_2' title="bbox 242 287 1983 2437">
     <span class='ocr_line' id='line_1_2' title="bbox 388 287 1857 346; baseline -0.001 -14"><span class='ocrx_word' id='word_1_8' title='bbox 388 289 663 346; x_wconf 88' lang='lat' dir='ltr'>iniquissime</span> <span class='ocrx_word' id='word_1_9' title='bbox 689 288 828 332; x_wconf 86' lang='lat' dir='ltr'>ferret</span> <span class='ocrx_word' id='word_1_10' title='bbox 852 291 899 332; x_wconf 88' lang='lat' dir='ltr'>et</span> <span class='ocrx_word' id='word_1_11' title='bbox 923 288 1199 332; x_wconf 87' lang='lat' dir='ltr'>deficientem</span> <span class='ocrx_word' id='word_1_12' title='bbox 1225 287 1433 345; x_wconf 77' lang='lat' dir='ltr'>capillum</span> <span class='ocrx_word' id='word_1_13' title='bbox 1457 302 1484 331; x_wconf 87' lang='lat' dir='ltr'>a</span> <span class='ocrx_word' id='word_1_14' title='bbox 1510 288 1677 332; x_wconf 86' lang='lat' dir='ltr'>ceruice</span> <span class='ocrx_word' id='word_1_15' title='bbox 1697 301 1857 331; x_wconf 90' lang='lat' dir='ltr'>conuo-</span> 
     </span>
     <span class='ocr_line' id='line_1_3' title="bbox 387 357 1858 410; baseline -0.002 -8"><span class='ocrx_word' id='word_1_16' title='bbox 387 362 508 402; x_wconf 88' lang='lat' dir='ltr'>caret</span> <span class='ocrx_word' id='word_1_17' title='bbox 542 359 600 401; x_wconf 85' lang='lat' dir='ltr'>ad</span> <span class='ocrx_word' id='word_1_18' title='bbox 628 358 835 410; x_wconf 80' lang='lat' dir='ltr'>frontem,</span> <span class='ocrx_word' id='word_1_19' title='bbox 864 359 921 401; x_wconf 88' lang='lat' dir='ltr'>ab</span> <span class='ocrx_word' id='word_1_20' title='bbox 950 358 1065 401; x_wconf 88' lang='lat' dir='ltr'>irato</span> <span class='ocrx_word' id='word_1_21' title='bbox 1094 358 1236 401; x_wconf 88' lang='lat' dir='ltr'>milite</span> <span class='ocrx_word' id='word_1_22' title='bbox 1266 358 1307 401; x_wconf 91' lang='lat' dir='ltr'>ei</span> <span class='ocrx_word' id='word_1_23' title='bbox 1337 358 1505 402; x_wconf 89' lang='lat' dir='ltr'>dictum</span> <span class='ocrx_word' id='word_1_24' title='bbox 1535 360 1625 401; x_wconf 87' lang='lat' dir='ltr'>est:</span> <span class='ocrx_word' id='word_1_25' title='bbox 1666 357 1858 400; x_wconf 76' lang='lat' dir='ltr'>Facilius</span> 
     </span>
     <span class='ocr_line' id='line_1_4' title="bbox 390 427 1859 484; baseline -0.001 -13"><span class='ocrx_word' id='word_1_26' title='bbox 390 432 468 478; x_wconf 88' lang='lat' dir='ltr'>est,</span> <span class='ocrx_word' id='word_1_27' title='bbox 485 427 631 481; x_wconf 80' lang='lat' dir='ltr'><strong>Cesar,</strong></span> <span class='ocrx_word' id='word_1_28' title='bbox 646 431 692 471; x_wconf 88' lang='lat' dir='ltr'>te</span> <span class='ocrx_word' id='word_1_29' title='bbox 711 428 886 472; x_wconf 87' lang='lat' dir='ltr'>caluum</span> <span class='ocrx_word' id='word_1_30' title='bbox 906 442 996 471; x_wconf 90' lang='lat' dir='ltr'>non</span> <span class='ocrx_word' id='word_1_31' title='bbox 1016 442 1109 471; x_wconf 87' lang='lat' dir='ltr'>esse</span> <span class='ocrx_word' id='word_1_32' title='bbox 1130 442 1263 484; x_wconf 89' lang='lat' dir='ltr'>quam</span> <span class='ocrx_word' id='word_1_33' title='bbox 1283 442 1354 470; x_wconf 91' lang='lat' dir='ltr'>me</span> <span class='ocrx_word' id='word_1_34' title='bbox 1373 427 1421 470; x_wconf 89' lang='lat' dir='ltr'>in</span> <span class='ocrx_word' id='word_1_35' title='bbox 1441 427 1639 470; x_wconf 87' lang='lat' dir='ltr'>exercitu</span> <span class='ocrx_word' id='word_1_36' title='bbox 1659 427 1859 470; x_wconf 84' lang='lat' dir='ltr'>Romano</span> 
     </span>
     <span class='ocr_line' id='line_1_5' title="bbox 390 496 1859 555; baseline -0.001 -15"><span class='ocrx_word' id='word_1_37' title='bbox 390 498 627 554; x_wconf 89' lang='lat' dir='ltr'>quicquam</span> <span class='ocrx_word' id='word_1_38' title='bbox 661 497 802 555; x_wconf 78' lang='lat' dir='ltr'>egisse</span> <span class='ocrx_word' id='word_1_39' title='bbox 834 497 907 540; x_wconf 92' lang='lat' dir='ltr'>uel</span> <span class='ocrx_word' id='word_1_40' title='bbox 946 502 1150 540; x_wconf 88' lang='lat' dir='ltr'>acturum</span> <span class='ocrx_word' id='word_1_41' title='bbox 1189 512 1282 540; x_wconf 88' lang='lat' dir='ltr'>esse</span> <span class='ocrx_word' id='word_1_42' title='bbox 1321 497 1532 540; x_wconf 91' lang='lat' dir='ltr'>timidius.</span> <span class='ocrx_word' id='word_1_43' title='bbox 1602 496 1727 539; x_wconf 85' lang='lat' dir='ltr'>Idem</span> <span class='ocrx_word' id='word_1_44' title='bbox 1766 496 1859 538; x_wconf 93' lang='lat' dir='ltr'>lato</span> 
     </span>
     <span class='ocr_line' id='line_1_6' title="bbox 390 565 1897 623; baseline -0.002 -13"><span class='ocrx_word' id='word_1_45' title='bbox 390 567 516 610; x_wconf 89' lang='lat' dir='ltr'>clauo</span> <span class='ocrx_word' id='word_1_46' title='bbox 540 581 680 623; x_wconf 88' lang='lat' dir='ltr'>usque</span> <span class='ocrx_word' id='word_1_47' title='bbox 709 566 767 609; x_wconf 89' lang='lat' dir='ltr'>ad</span> <span class='ocrx_word' id='word_1_48' title='bbox 790 581 948 609; x_wconf 86' lang='lat' dir='ltr'>manus</span> <span class='ocrx_word' id='word_1_49' title='bbox 977 566 1201 610; x_wconf 88' lang='lat' dir='ltr'>fimbriato</span> <span class='ocrx_word' id='word_1_50' title='bbox 1230 568 1372 616; x_wconf 90' lang='lat' dir='ltr'>utens,</span> <span class='ocrx_word' id='word_1_51' title='bbox 1398 566 1545 609; x_wconf 86' lang='lat' dir='ltr'>laxius</span> <span class='ocrx_word' id='word_1_52' title='bbox 1573 565 1836 623; x_wconf 89' lang='lat' dir='ltr'>cingebatur</span> <span class='ocrx_word' id='word_1_53' title='bbox 1848 578 1858 617; x_wconf 94' lang='lat'>;</span> <span class='ocrx_word' id='word_1_54' title='bbox 1878 581 1897 615; x_wconf 87' lang='lat'>5</span> 
     </span>
     <span class='ocr_line' id='line_1_7' title="bbox 390 632 1860 693; baseline -0.001 -15"><span class='ocrx_word' id='word_1_55' title='bbox 390 637 510 679; x_wconf 91' lang='lat' dir='ltr'>unde</span> <span class='ocrx_word' id='word_1_56' title='bbox 535 636 647 679; x_wconf 87' lang='lat' dir='ltr'>Silla</span> <span class='ocrx_word' id='word_1_57' title='bbox 676 636 914 693; x_wconf 70' lang='lat' dir='ltr'>optimates</span> <span class='ocrx_word' id='word_1_58' title='bbox 941 636 1116 692; x_wconf 89' lang='lat' dir='ltr'>saepius</span> <span class='ocrx_word' id='word_1_59' title='bbox 1139 636 1381 678; x_wconf 88' lang='lat' dir='ltr'>admonens</span> <span class='ocrx_word' id='word_1_60' title='bbox 1401 635 1575 678; x_wconf 91' lang='lat' dir='ltr'>dicebat</span> <span class='ocrx_word' id='word_1_61' title='bbox 1593 637 1646 677; x_wconf 92' lang='lat' dir='ltr'>ut</span> <span class='ocrx_word' id='word_1_62' title='bbox 1671 632 1860 692; x_wconf 83' lang='lat' dir='ltr'>puerum</span> 
     </span>
     <span class='ocr_line' id='line_1_8' title="bbox 390 703 1860 762; baseline -0.002 -14"><span class='ocrx_word' id='word_1_63' title='bbox 390 706 505 748; x_wconf 88' lang='lat' dir='ltr'>male</span> <span class='ocrx_word' id='word_1_64' title='bbox 524 705 825 762; x_wconf 85' lang='lat' dir='ltr'>praecinctum</span> <span class='ocrx_word' id='word_1_65' title='bbox 845 707 1064 748; x_wconf 83' lang='lat' dir='ltr'>canerent.</span> <span class='ocrx_word' id='word_1_66' title='bbox 1124 705 1357 747; x_wconf 87' lang='lat' dir='ltr'>Praeterea</span> <span class='ocrx_word' id='word_1_67' title='bbox 1375 704 1719 761; x_wconf 75' lang='lat' dir='ltr'>margaritarum</span> <span class='ocrx_word' id='word_1_68' title='bbox 1739 703 1860 760; x_wconf 88' lang='lat' dir='ltr'>cupi-</span> 
     </span>
     <span class='ocr_line' id='line_1_9' title="bbox 390 772 1862 831; baseline -0.001 -13"><span class='ocrx_word' id='word_1_69' title='bbox 390 775 599 818; x_wconf 84' lang='lat' dir='ltr'>dissimus</span> <span class='ocrx_word' id='word_1_70' title='bbox 614 777 721 825; x_wconf 88' lang='lat' dir='ltr'>erat,</span> <span class='ocrx_word' id='word_1_71' title='bbox 737 789 858 831; x_wconf 87' lang='lat' dir='ltr'>quas,</span> <span class='ocrx_word' id='word_1_72' title='bbox 873 775 1046 831; x_wconf 88' lang='lat' dir='ltr'>pondus</span> <span class='ocrx_word' id='word_1_73' title='bbox 1061 788 1212 816; x_wconf 87' lang='lat' dir='ltr'>earum</span> <span class='ocrx_word' id='word_1_74' title='bbox 1228 773 1453 816; x_wconf 89' lang='lat' dir='ltr'>interdum</span> <span class='ocrx_word' id='word_1_75' title='bbox 1468 787 1604 815; x_wconf 86' lang='lat' dir='ltr'>manu</span> <span class='ocrx_word' id='word_1_76' title='bbox 1619 772 1862 823; x_wconf 84' lang='lat' dir='ltr'>conferens,</span> 
     </span>
     <span class='ocr_line' id='line_1_10' title="bbox 390 841 1891 901; baseline -0.001 -14"><span class='ocrx_word' id='word_1_77' title='bbox 390 844 679 888; x_wconf 71' lang='lat' dir='ltr'>discernebat.</span> <span class='ocrx_word' id='word_1_78' title='bbox 728 843 842 888; x_wconf 87' lang='lat' dir='ltr'>Cum</span> <span class='ocrx_word' id='word_1_79' title='bbox 858 858 963 901; x_wconf 89' lang='lat' dir='ltr'>ergo</span> <span class='ocrx_word' id='word_1_80' title='bbox 979 842 1142 887; x_wconf 88' lang='lat' dir='ltr'>Cecilio</span> <span class='ocrx_word' id='word_1_81' title='bbox 1156 843 1300 886; x_wconf 87' lang='lat' dir='ltr'>inuito</span> <span class='ocrx_word' id='word_1_82' title='bbox 1315 857 1409 885; x_wconf 89' lang='lat' dir='ltr'>rem</span> <span class='ocrx_word' id='word_1_83' title='bbox 1429 844 1481 885; x_wconf 92' lang='lat' dir='ltr'>ut</span> <span class='ocrx_word' id='word_1_84' title='bbox 1497 841 1662 885; x_wconf 86' lang='lat' dir='ltr'>faceret</span> <span class='ocrx_word' id='word_1_85' title='bbox 1681 843 1862 885; x_wconf 86' lang='lat' dir='ltr'>senatus</span> <span class='ocrx_word' id='word_1_86' title='bbox 1887 881 1891 886; x_wconf 94' lang='lat'>.</span> 
     </span>
     <span class='ocr_line' id='line_1_11' title="bbox 391 910 1923 963; baseline -0.003 -7"><span class='ocrx_word' id='word_1_87' title='bbox 391 914 658 956; x_wconf 87' lang='lat' dir='ltr'>auctoritate</span> <span class='ocrx_word' id='word_1_88' title='bbox 686 913 1003 963; x_wconf 86' lang='lat' dir='ltr'>denuntiasset,</span> <span class='ocrx_word' id='word_1_89' title='bbox 1032 915 1086 955; x_wconf 90' lang='lat' dir='ltr'>ut</span> <span class='ocrx_word' id='word_1_90' title='bbox 1115 913 1156 955; x_wconf 91' lang='lat' dir='ltr'>ei</span> <span class='ocrx_word' id='word_1_91' title='bbox 1186 912 1436 963; x_wconf 89' lang='lat' dir='ltr'>uidebatur,</span> <span class='ocrx_word' id='word_1_92' title='bbox 1457 911 1692 954; x_wconf 88' lang='lat' dir='ltr'>iniustam:</span> <span class='ocrx_word' id='word_1_93' title='bbox 1729 910 1860 962; x_wconf 87' lang='lat' dir='ltr'>Ante,</span> <span class='ocrx_word' id='word_1_94' title='bbox 1881 925 1923 950; x_wconf 81' lang='lat'>10</span> 
     </span>
     <span class='ocr_line' id='line_1_12' title="bbox 391 979 1864 1039; baseline -0.001 -15"><span class='ocrx_word' id='word_1_95' title='bbox 391 983 551 1039; x_wconf 91' lang='lat' dir='ltr'>inquit,</span> <span class='ocrx_word' id='word_1_96' title='bbox 591 982 822 1026; x_wconf 86' lang='lat' dir='ltr'>satiaberis</span> <span class='ocrx_word' id='word_1_97' title='bbox 860 982 1127 1039; x_wconf 87' lang='lat' dir='ltr'>margaritis.</span> <span class='ocrx_word' id='word_1_98' title='bbox 1196 981 1260 1024; x_wconf 94' lang='lat' dir='ltr'>At</span> <span class='ocrx_word' id='word_1_99' title='bbox 1298 981 1406 1024; x_wconf 87' lang='lat' dir='ltr'>haec</span> <span class='ocrx_word' id='word_1_100' title='bbox 1445 979 1562 1024; x_wconf 89' lang='lat' dir='ltr'>forte</span> <span class='ocrx_word' id='word_1_101' title='bbox 1599 982 1680 1023; x_wconf 90' lang='lat' dir='ltr'>aut</span> <span class='ocrx_word' id='word_1_102' title='bbox 1717 979 1864 1023; x_wconf 85' lang='lat' dir='ltr'>aliena</span> 
     </span>
     <span class='ocr_line' id='line_1_13' title="bbox 393 1049 1863 1108; baseline -0.001 -14"><span class='ocrx_word' id='word_1_103' title='bbox 393 1051 667 1094; x_wconf 87' lang='lat' dir='ltr'>uidebuntur</span> <span class='ocrx_word' id='word_1_104' title='bbox 681 1053 727 1094; x_wconf 91' lang='lat' dir='ltr'>et</span> <span class='ocrx_word' id='word_1_105' title='bbox 741 1066 854 1108; x_wconf 88' lang='lat' dir='ltr'>quae</span> <span class='ocrx_word' id='word_1_106' title='bbox 869 1051 956 1093; x_wconf 90' lang='lat' dir='ltr'>uiri</span> <span class='ocrx_word' id='word_1_107' title='bbox 973 1051 1103 1094; x_wconf 83' lang='lat' dir='ltr'>fortis</span> <span class='ocrx_word' id='word_1_108' title='bbox 1118 1050 1293 1094; x_wconf 89' lang='lat' dir='ltr'>animus</span> <span class='ocrx_word' id='word_1_109' title='bbox 1308 1050 1536 1094; x_wconf 80' lang='lat' dir='ltr'>honestius</span> <span class='ocrx_word' id='word_1_110' title='bbox 1552 1049 1863 1093; x_wconf 87' lang='lat' dir='ltr'>dissimularet.</span> 
     </span>
     <span class='ocr_line' id='line_1_14' title="bbox 242 1117 1864 1177; baseline -0.002 -12"><span class='ocrx_word' id='word_1_111' title='bbox 242 1118 328 1175; x_wconf 81' lang='lat'>509</span> <span class='ocrx_word' id='word_1_112' title='bbox 349 1135 379 1164; x_wconf 89' lang='lat' dir='ltr'>a</span> <span class='ocrx_word' id='word_1_113' title='bbox 396 1121 562 1164; x_wconf 86' lang='lat' dir='ltr'>Verum</span> <span class='ocrx_word' id='word_1_114' title='bbox 594 1123 640 1164; x_wconf 87' lang='lat' dir='ltr'>et</span> <span class='ocrx_word' id='word_1_115' title='bbox 674 1120 832 1163; x_wconf 85' lang='lat' dir='ltr'>famosi</span> <span class='ocrx_word' id='word_1_116' title='bbox 866 1120 1004 1163; x_wconf 88' lang='lat' dir='ltr'>libelli</span> <span class='ocrx_word' id='word_1_117' title='bbox 1042 1120 1096 1163; x_wconf 90' lang='lat' dir='ltr'>de</span> <span class='ocrx_word' id='word_1_118' title='bbox 1137 1135 1187 1163; x_wconf 92' lang='lat' dir='ltr'>eo</span> <span class='ocrx_word' id='word_1_119' title='bbox 1227 1120 1381 1177; x_wconf 90' lang='lat' dir='ltr'>scripti</span> <span class='ocrx_word' id='word_1_120' title='bbox 1421 1122 1528 1162; x_wconf 87' lang='lat' dir='ltr'>sunt</span> <span class='ocrx_word' id='word_1_121' title='bbox 1567 1121 1614 1162; x_wconf 89' lang='lat' dir='ltr'>et</span> <span class='ocrx_word' id='word_1_122' title='bbox 1652 1117 1864 1162; x_wconf 86' lang='lat' dir='ltr'>iocularia</span> 
     </span>
     <span class='ocr_line' id='line_1_15' title="bbox 394 1187 1864 1247; baseline -0.002 -14"><span class='ocrx_word' id='word_1_123' title='bbox 394 1191 591 1234; x_wconf 83' lang='lat' dir='ltr'>carmina</span> <span class='ocrx_word' id='word_1_124' title='bbox 622 1190 670 1232; x_wconf 88' lang='lat' dir='ltr'>in</span> <span class='ocrx_word' id='word_1_125' title='bbox 705 1205 806 1233; x_wconf 90' lang='lat' dir='ltr'>eum</span> <span class='ocrx_word' id='word_1_126' title='bbox 840 1189 1014 1246; x_wconf 90' lang='lat' dir='ltr'>publice</span> <span class='ocrx_word' id='word_1_127' title='bbox 1049 1189 1294 1247; x_wconf 89' lang='lat' dir='ltr'>diuulgata,</span> <span class='ocrx_word' id='word_1_128' title='bbox 1324 1190 1378 1231; x_wconf 90' lang='lat' dir='ltr'>ut</span> <span class='ocrx_word' id='word_1_129' title='bbox 1412 1190 1479 1232; x_wconf 86' lang='lat' dir='ltr'>est</span> <span class='ocrx_word' id='word_1_130' title='bbox 1517 1188 1630 1231; x_wconf 91' lang='lat' dir='ltr'>illud</span> <span class='ocrx_word' id='word_1_131' title='bbox 1668 1187 1864 1231; x_wconf 86' lang='lat' dir='ltr'>militum</span> 
     </span>
     <span class='ocr_line' id='line_1_16' title="bbox 395 1251 1983 1317; baseline -0.001 -15"><span class='ocrx_word' id='word_1_132' title='bbox 395 1260 441 1302; x_wconf 93' lang='lat' dir='ltr'>in</span> <span class='ocrx_word' id='word_1_133' title='bbox 472 1260 700 1317; x_wconf 87' lang='lat' dir='ltr'>triumpho</span> <span class='ocrx_word' id='word_1_134' title='bbox 730 1259 898 1302; x_wconf 86' lang='lat' dir='ltr'>Gallico</span> <span class='ocrx_word' id='word_1_135' title='bbox 928 1259 1220 1302; x_wconf 88' lang='lat' dir='ltr'>celebratum:</span> <span class='ocrx_word' id='word_1_136' title='bbox 1882 1270 1922 1305; x_wconf 87' lang='lat'>15</span> <span class='ocrx_word' id='word_1_137' title='bbox 1981 1251 1983 1254; x_wconf 54' lang='grc'>’</span> 
     </span>
     <span class='ocr_line' id='line_1_17' title="bbox 452 1338 1583 1396; baseline -0.001 -14"><span class='ocrx_word' id='word_1_138' title='bbox 452 1340 620 1383; x_wconf 86' lang='lat' dir='ltr'>Gallias</span> <span class='ocrx_word' id='word_1_139' title='bbox 650 1339 786 1383; x_wconf 88' lang='lat' dir='ltr'>Cesar</span> <span class='ocrx_word' id='word_1_140' title='bbox 814 1339 1001 1396; x_wconf 86' lang='lat' dir='ltr'>subegit,</span> <span class='ocrx_word' id='word_1_141' title='bbox 1032 1339 1325 1383; x_wconf 89' lang='lat' dir='ltr'>Nichomedes</span> <span class='ocrx_word' id='word_1_142' title='bbox 1354 1338 1583 1392; x_wconf 86' lang='lat' dir='ltr'>Cesarem;</span> 
     </span>
     <span class='ocr_line' id='line_1_18' title="bbox 454 1396 1718 1456; baseline -0.002 -15"><span class='ocrx_word' id='word_1_143' title='bbox 454 1398 747 1442; x_wconf 88' lang='lat' dir='ltr'>Nichomedes</span> <span class='ocrx_word' id='word_1_144' title='bbox 776 1412 865 1440; x_wconf 91' lang='lat' dir='ltr'>non</span> <span class='ocrx_word' id='word_1_145' title='bbox 894 1398 1145 1455; x_wconf 88' lang='lat' dir='ltr'>triumphat</span> <span class='ocrx_word' id='word_1_146' title='bbox 1175 1397 1251 1454; x_wconf 88' lang='lat' dir='ltr'>qui</span> <span class='ocrx_word' id='word_1_147' title='bbox 1282 1398 1459 1456; x_wconf 88' lang='lat' dir='ltr'>subegit</span> <span class='ocrx_word' id='word_1_148' title='bbox 1489 1396 1718 1450; x_wconf 88' lang='lat' dir='ltr'>Cesarem;</span> 
     </span>
     <span class='ocr_line' id='line_1_19' title="bbox 394 1478 1866 1536; baseline 0 -14"><span class='ocrx_word' id='word_1_149' title='bbox 394 1494 445 1522; x_wconf 91' lang='lat' dir='ltr'>eo</span> <span class='ocrx_word' id='word_1_150' title='bbox 490 1479 608 1536; x_wconf 89' lang='lat' dir='ltr'>quod</span> <span class='ocrx_word' id='word_1_151' title='bbox 658 1479 951 1523; x_wconf 87' lang='lat' dir='ltr'>Nichomedes</span> <span class='ocrx_word' id='word_1_152' title='bbox 991 1494 1070 1522; x_wconf 85' lang='lat' dir='ltr'>rex</span> <span class='ocrx_word' id='word_1_153' title='bbox 1116 1479 1343 1522; x_wconf 89' lang='lat' dir='ltr'>Bithiniae</span> <span class='ocrx_word' id='word_1_154' title='bbox 1389 1478 1595 1523; x_wconf 87' lang='lat' dir='ltr'>Cesarem</span> <span class='ocrx_word' id='word_1_155' title='bbox 1637 1478 1866 1522; x_wconf 85' lang='lat' dir='ltr'>ferebatur</span> 
     </span>
     <span class='ocr_line' id='line_1_20' title="bbox 394 1548 1865 1606; baseline -0.001 -15"><span class='ocrx_word' id='word_1_156' title='bbox 394 1552 550 1606; x_wconf 84' lang='lat' dir='ltr'>stupro</span> <span class='ocrx_word' id='word_1_157' title='bbox 581 1549 815 1606; x_wconf 85' lang='lat' dir='ltr'>subegisse,</span> <span class='ocrx_word' id='word_1_158' title='bbox 841 1549 888 1591; x_wconf 91' lang='lat' dir='ltr'>in</span> <span class='ocrx_word' id='word_1_159' title='bbox 912 1549 1168 1592; x_wconf 90' lang='lat' dir='ltr'>ulteriorem</span> <span class='ocrx_word' id='word_1_160' title='bbox 1196 1548 1560 1599; x_wconf 82' lang='lat' dir='ltr'>familiaritatem,</span> <span class='ocrx_word' id='word_1_161' title='bbox 1580 1548 1687 1591; x_wconf 92' lang='lat' dir='ltr'>dum</span> <span class='ocrx_word' id='word_1_162' title='bbox 1716 1548 1865 1591; x_wconf 91' lang='lat' dir='ltr'>iunior</span> 
     </span>
     <span class='ocr_line' id='line_1_21' title="bbox 395 1617 1928 1675; baseline -0.001 -15"><span class='ocrx_word' id='word_1_163' title='bbox 395 1621 521 1667; x_wconf 81' lang='lat' dir='ltr'>esset,</span> <span class='ocrx_word' id='word_1_164' title='bbox 541 1618 794 1662; x_wconf 85' lang='lat' dir='ltr'>admissum.</span> <span class='ocrx_word' id='word_1_165' title='bbox 855 1618 1133 1661; x_wconf 88' lang='lat' dir='ltr'>Facilitatem</span> <span class='ocrx_word' id='word_1_166' title='bbox 1154 1632 1327 1675; x_wconf 91' lang='lat' dir='ltr'>quoque</span> <span class='ocrx_word' id='word_1_167' title='bbox 1357 1617 1531 1662; x_wconf 87' lang='lat' dir='ltr'>Cesaris</span> <span class='ocrx_word' id='word_1_168' title='bbox 1560 1618 1608 1660; x_wconf 91' lang='lat' dir='ltr'>in</span> <span class='ocrx_word' id='word_1_169' title='bbox 1634 1617 1864 1675; x_wconf 85' lang='lat' dir='ltr'>allegendo</span> <span class='ocrx_word' id='word_1_170' title='bbox 1883 1633 1928 1658; x_wconf 63' lang='grc' dir='ltr'>πο</span> 
     </span>
     <span class='ocr_line' id='line_1_22' title="bbox 395 1686 1866 1744; baseline 0.001 -15"><span class='ocrx_word' id='word_1_171' title='bbox 395 1690 553 1730; x_wconf 87' lang='lat' dir='ltr'>senatu</span> <span class='ocrx_word' id='word_1_172' title='bbox 574 1687 727 1731; x_wconf 89' lang='lat' dir='ltr'>Cicero</span> <span class='ocrx_word' id='word_1_173' title='bbox 748 1688 880 1731; x_wconf 85' lang='lat' dir='ltr'>nimis</span> <span class='ocrx_word' id='word_1_174' title='bbox 900 1687 1060 1731; x_wconf 71' lang='lat' dir='ltr'>acriter</span> <span class='ocrx_word' id='word_1_175' title='bbox 1084 1689 1129 1730; x_wconf 94' lang='lat' dir='ltr'>et</span> <span class='ocrx_word' id='word_1_176' title='bbox 1155 1687 1303 1744; x_wconf 85' lang='lat' dir='ltr'>palam</span> <span class='ocrx_word' id='word_1_177' title='bbox 1327 1687 1480 1731; x_wconf 87' lang='lat' dir='ltr'>irrisit.</span> <span class='ocrx_word' id='word_1_178' title='bbox 1542 1687 1672 1738; x_wconf 89' lang='lat' dir='ltr'>Nam,</span> <span class='ocrx_word' id='word_1_179' title='bbox 1683 1702 1783 1731; x_wconf 89' lang='lat' dir='ltr'>cum</span> <span class='ocrx_word' id='word_1_180' title='bbox 1808 1686 1866 1730; x_wconf 86' lang='lat' dir='ltr'>ab</span> 
     </span>
     <span class='ocr_line' id='line_1_23' title="bbox 396 1756 1867 1814; baseline 0.001 -16"><span class='ocrx_word' id='word_1_181' title='bbox 396 1756 569 1813; x_wconf 86' lang='lat' dir='ltr'>hospite</span> <span class='ocrx_word' id='word_1_182' title='bbox 604 1771 685 1800; x_wconf 86' lang='lat' dir='ltr'>suo</span> <span class='ocrx_word' id='word_1_183' title='bbox 721 1757 876 1800; x_wconf 90' lang='lat' dir='ltr'>Publio</span> <span class='ocrx_word' id='word_1_184' title='bbox 908 1757 1061 1800; x_wconf 88' lang='lat' dir='ltr'>Mallio</span> <span class='ocrx_word' id='word_1_185' title='bbox 1096 1760 1330 1814; x_wconf 88' lang='lat' dir='ltr'>rogaretur</span> <span class='ocrx_word' id='word_1_186' title='bbox 1357 1759 1410 1799; x_wconf 89' lang='lat' dir='ltr'>ut</span> <span class='ocrx_word' id='word_1_187' title='bbox 1439 1757 1647 1814; x_wconf 88' lang='lat' dir='ltr'>priuigno</span> <span class='ocrx_word' id='word_1_188' title='bbox 1681 1771 1762 1800; x_wconf 91' lang='lat' dir='ltr'>suo</span> <span class='ocrx_word' id='word_1_189' title='bbox 1793 1756 1867 1800; x_wconf 88' lang='lat' dir='ltr'>de-</span> 
     </span>
     <span class='ocr_line' id='line_1_24' title="bbox 397 1825 1868 1883; baseline -0.001 -14"><span class='ocrx_word' id='word_1_190' title='bbox 397 1825 678 1869; x_wconf 82' lang='lat' dir='ltr'>curionatum</span> <span class='ocrx_word' id='word_1_191' title='bbox 709 1826 948 1883; x_wconf 85' lang='lat' dir='ltr'>expediret,</span> <span class='ocrx_word' id='word_1_192' title='bbox 976 1826 1042 1868; x_wconf 88' lang='lat' dir='ltr'>ait</span> <span class='ocrx_word' id='word_1_193' title='bbox 1071 1826 1304 1869; x_wconf 87' lang='lat' dir='ltr'>assistente</span> <span class='ocrx_word' id='word_1_194' title='bbox 1331 1825 1604 1883; x_wconf 82' lang='lat' dir='ltr'>frequentia:</span> <span class='ocrx_word' id='word_1_195' title='bbox 1635 1826 1799 1870; x_wconf 87' lang='lat' dir='ltr'>Romae</span> <span class='ocrx_word' id='word_1_196' title='bbox 1829 1825 1868 1870; x_wconf 87' lang='lat' dir='ltr'>si</span> 
     </span>
     <span class='ocr_line' id='line_1_25' title="bbox 399 1894 1868 1953; baseline 0.001 -16"><span class='ocrx_word' id='word_1_197' title='bbox 399 1895 469 1937; x_wconf 88' lang='lat' dir='ltr'>uis</span> <span class='ocrx_word' id='word_1_198' title='bbox 505 1895 697 1946; x_wconf 83' lang='lat' dir='ltr'>habebit,</span> <span class='ocrx_word' id='word_1_199' title='bbox 733 1895 934 1952; x_wconf 88' lang='lat' dir='ltr'>Pompeis</span> <span class='ocrx_word' id='word_1_200' title='bbox 969 1894 1144 1939; x_wconf 89' lang='lat' dir='ltr'>difficile</span> <span class='ocrx_word' id='word_1_201' title='bbox 1177 1898 1254 1939; x_wconf 88' lang='lat' dir='ltr'>est.</span> <span class='ocrx_word' id='word_1_202' title='bbox 1315 1895 1403 1938; x_wconf 88' lang='lat' dir='ltr'>Sed</span> <span class='ocrx_word' id='word_1_203' title='bbox 1439 1898 1484 1939; x_wconf 92' lang='lat' dir='ltr'>et</span> <span class='ocrx_word' id='word_1_204' title='bbox 1518 1896 1577 1938; x_wconf 76' lang='lat' dir='ltr'>in&#39;</span> <span class='ocrx_word' id='word_1_205' title='bbox 1595 1895 1782 1953; x_wconf 88' lang='lat' dir='ltr'>epistola</span> <span class='ocrx_word' id='word_1_206' title='bbox 1810 1894 1868 1938; x_wconf 86' lang='lat' dir='ltr'>ad</span> 
     </span>
     <span class='ocr_line' id='line_1_26' title="bbox 399 1964 1929 2023; baseline 0.003 -17"><span class='ocrx_word' id='word_1_207' title='bbox 399 1964 560 2007; x_wconf 80' lang='lat' dir='ltr'>Gaium</span> <span class='ocrx_word' id='word_1_208' title='bbox 594 1964 796 2008; x_wconf 83' lang='lat' dir='ltr'>Cassium</span> <span class='ocrx_word' id='word_1_209' title='bbox 830 1965 1092 2007; x_wconf 86' lang='lat' dir='ltr'>uiolatorem</span> <span class='ocrx_word' id='word_1_210' title='bbox 1127 1965 1356 2008; x_wconf 85' lang='lat' dir='ltr'>dictatoris</span> <span class='ocrx_word' id='word_1_211' title='bbox 1392 1965 1639 2008; x_wconf 83' lang='lat' dir='ltr'>mordacius</span> <span class='ocrx_word' id='word_1_212' title='bbox 1669 1965 1868 2023; x_wconf 83' lang='lat' dir='ltr'>scripsit:</span> <span class='ocrx_word' id='word_1_213' title='bbox 1887 1985 1929 2021; x_wconf 76' lang='lat'>²⁵</span> 
     </span>
     <span class='ocr_line' id='line_1_27' title="bbox 352 2027 1869 2091; baseline 0.001 -16"><span class='ocrx_word' id='word_1_214' title='bbox 352 2027 382 2067; x_wconf 80' lang='lat' dir='ltr'>b</span> <span class='ocrx_word' id='word_1_215' title='bbox 402 2033 568 2076; x_wconf 82' lang='lat' dir='ltr'>Vellem</span> <span class='ocrx_word' id='word_1_216' title='bbox 605 2033 760 2076; x_wconf 86' lang='lat' dir='ltr'>Idibus</span> <span class='ocrx_word' id='word_1_217' title='bbox 796 2034 970 2077; x_wconf 88' lang='lat' dir='ltr'>Martiis</span> <span class='ocrx_word' id='word_1_218' title='bbox 1005 2048 1074 2076; x_wconf 90' lang='lat' dir='ltr'>me</span> <span class='ocrx_word' id='word_1_219' title='bbox 1109 2034 1166 2076; x_wconf 88' lang='lat' dir='ltr'>ad</span> <span class='ocrx_word' id='word_1_220' title='bbox 1201 2048 1353 2077; x_wconf 87' lang='lat' dir='ltr'>cenam</span> <span class='ocrx_word' id='word_1_221' title='bbox 1389 2034 1635 2084; x_wconf 52' lang='lat' dir='ltr'>inuitasse&amp;</span> <span class='ocrx_word' id='word_1_222' title='bbox 1670 2034 1869 2091; x_wconf 83' lang='lat' dir='ltr'>profecto</span> 
     </span>
     <span class='ocr_line' id='line_1_28' title="bbox 400 2102 1871 2159; baseline 0.001 -14"><span class='ocrx_word' id='word_1_223' title='bbox 400 2103 686 2159; x_wconf 81' lang='lat' dir='ltr'>reliquiarum</span> <span class='ocrx_word' id='word_1_224' title='bbox 702 2102 837 2146; x_wconf 91' lang='lat' dir='ltr'>nichil</span> <span class='ocrx_word' id='word_1_225' title='bbox 856 2103 1146 2153; x_wconf 82' lang='lat' dir='ltr'>fuisset,nunc</span> <span class='ocrx_word' id='word_1_226' title='bbox 1158 2118 1227 2146; x_wconf 89' lang='lat' dir='ltr'>me</span> <span class='ocrx_word' id='word_1_227' title='bbox 1241 2103 1451 2159; x_wconf 83' lang='lat' dir='ltr'>reliquiae</span> <span class='ocrx_word' id='word_1_228' title='bbox 1465 2106 1638 2147; x_wconf 87' lang='lat' dir='ltr'>uestrae</span> <span class='ocrx_word' id='word_1_229' title='bbox 1652 2106 1871 2147; x_wconf 83' lang='lat' dir='ltr'>exercent.</span> 
     </span>
     <span class='ocr_line' id='line_1_29' title="bbox 400 2171 1869 2230; baseline -0.001 -14"><span class='ocrx_word' id='word_1_230' title='bbox 400 2172 487 2216; x_wconf 89' lang='lat' dir='ltr'>Sed</span> <span class='ocrx_word' id='word_1_231' title='bbox 530 2172 772 2229; x_wconf 82' lang='lat' dir='ltr'>Augustus,</span> <span class='ocrx_word' id='word_1_232' title='bbox 808 2171 1013 2215; x_wconf 84' lang='lat' dir='ltr'>fortunae</span> <span class='ocrx_word' id='word_1_233' title='bbox 1053 2172 1183 2215; x_wconf 81' lang='lat' dir='ltr'>fauor</span> <span class='ocrx_word' id='word_1_234' title='bbox 1222 2175 1267 2215; x_wconf 90' lang='lat' dir='ltr'>et</span> <span class='ocrx_word' id='word_1_235' title='bbox 1300 2172 1486 2215; x_wconf 84' lang='lat' dir='ltr'>Romani</span> <span class='ocrx_word' id='word_1_236' title='bbox 1520 2172 1651 2216; x_wconf 91' lang='lat' dir='ltr'>decus</span> <span class='ocrx_word' id='word_1_237' title='bbox 1683 2173 1869 2230; x_wconf 89' lang='lat' dir='ltr'>imperii,</span> 
     </span>
     <span class='ocr_line' id='line_1_30' title="bbox 400 2241 1870 2298; baseline 0.001 -13"><span class='ocrx_word' id='word_1_238' title='bbox 400 2242 622 2285; x_wconf 84' lang='lat' dir='ltr'>auunculo</span> <span class='ocrx_word' id='word_1_239' title='bbox 649 2241 765 2284; x_wconf 92' lang='lat' dir='ltr'>Iulio</span> <span class='ocrx_word' id='word_1_240' title='bbox 789 2241 916 2298; x_wconf 88' lang='lat' dir='ltr'>longe</span> <span class='ocrx_word' id='word_1_241' title='bbox 944 2241 1184 2298; x_wconf 83' lang='lat' dir='ltr'>patientior</span> <span class='ocrx_word' id='word_1_242' title='bbox 1213 2242 1376 2285; x_wconf 87' lang='lat' dir='ltr'>extitit.</span> <span class='ocrx_word' id='word_1_243' title='bbox 1437 2241 1550 2286; x_wconf 87' lang='lat' dir='ltr'>Cum</span> <span class='ocrx_word' id='word_1_244' title='bbox 1582 2242 1698 2284; x_wconf 91' lang='lat' dir='ltr'>enim</span> <span class='ocrx_word' id='word_1_245' title='bbox 1729 2242 1870 2286; x_wconf 82' lang='lat' dir='ltr'>Anto·</span> 
     </span>
     <span class='ocr_line' id='line_1_31' title="bbox 402 2310 1932 2369; baseline 0 -14"><span class='ocrx_word' id='word_1_246' title='bbox 402 2313 514 2362; x_wconf 77' lang='lat' dir='ltr'>nius,</span> <span class='ocrx_word' id='word_1_247' title='bbox 528 2315 770 2355; x_wconf 79' lang='lat' dir='ltr'>maternam</span> <span class='ocrx_word' id='word_1_248' title='bbox 793 2310 886 2353; x_wconf 78' lang='lat' dir='ltr'>eius</span> <span class='ocrx_word' id='word_1_249' title='bbox 905 2311 1119 2366; x_wconf 78' lang='lat' dir='ltr'>originem</span> <span class='ocrx_word' id='word_1_250' title='bbox 1136 2310 1389 2368; x_wconf 79' lang='lat' dir='ltr'>despiciens,</span> <span class='ocrx_word' id='word_1_251' title='bbox 1405 2325 1504 2353; x_wconf 87' lang='lat' dir='ltr'>eum</span> <span class='ocrx_word' id='word_1_252' title='bbox 1522 2311 1693 2354; x_wconf 86' lang='lat' dir='ltr'>Affrum</span> <span class='ocrx_word' id='word_1_253' title='bbox 1710 2326 1870 2369; x_wconf 86' lang='lat' dir='ltr'>genere</span> <span class='ocrx_word' id='word_1_254' title='bbox 1888 2329 1932 2365; x_wconf 78' lang='lat'>30</span> 
     </span>
     <span class='ocr_line' id='line_1_32' title="bbox 403 2379 1870 2437; baseline 0.001 -15"><span class='ocrx_word' id='word_1_255' title='bbox 403 2385 448 2423; x_wconf 81' lang='lat' dir='ltr'>et</span> <span class='ocrx_word' id='word_1_256' title='bbox 476 2386 637 2423; x_wconf 79' lang='lat' dir='ltr'>natura</span> <span class='ocrx_word' id='word_1_257' title='bbox 660 2379 897 2437; x_wconf 83' lang='lat' dir='ltr'>panificum</span> <span class='ocrx_word' id='word_1_258' title='bbox 923 2379 1099 2430; x_wconf 82' lang='lat' dir='ltr'>diceret,</span> <span class='ocrx_word' id='word_1_259' title='bbox 1120 2379 1201 2423; x_wconf 86' lang='lat' dir='ltr'>hoc</span> <span class='ocrx_word' id='word_1_260' title='bbox 1227 2379 1374 2422; x_wconf 86' lang='lat' dir='ltr'>ridens</span> <span class='ocrx_word' id='word_1_261' title='bbox 1399 2379 1595 2437; x_wconf 83' lang='lat' dir='ltr'>pertulit,</span> <span class='ocrx_word' id='word_1_262' title='bbox 1616 2383 1661 2423; x_wconf 86' lang='lat' dir='ltr'>et</span> <span class='ocrx_word' id='word_1_263' title='bbox 1682 2381 1870 2424; x_wconf 90' lang='lat' dir='ltr'>eundem</span> 
     </span>
    </p>
   </div>
   <div class='ocr_carea' id='block_1_3' title="bbox 404 2475 1874 2856">
    <p class='ocr_par' dir='ltr' id='par_1_3' title="bbox 404 2475 1874 2856">
     <span class='ocr_line' id='line_1_33' title="bbox 452 2475 1872 2524; baseline 0.001 -11"><span class='ocrx_word' id='word_1_264' title='bbox 452 2489 471 2513; x_wconf 87' lang='lat'>2</span> <span class='ocrx_word' id='word_1_265' title='bbox 498 2478 543 2513; x_wconf 82' lang='lat' dir='ltr'>ab</span> <span class='ocrx_word' id='word_1_266' title='bbox 560 2480 653 2514; x_wconf 76' lang='lat' dir='ltr'>imeo</span> <span class='ocrx_word' id='word_1_267' title='bbox 669 2478 781 2512; x_wconf 71' lang='lat' dir='ltr'>milita</span> <span class='ocrx_word' id='word_1_268' title='bbox 798 2479 890 2514; x_wconf 65' lang='lat' dir='ltr'>etc:</span> <span class='ocrx_word' id='word_1_269' title='bbox 916 2476 1010 2513; x_wconf 77' lang='lat' dir='ltr'>haec</span> <span class='ocrx_word' id='word_1_270' title='bbox 1036 2488 1111 2513; x_wconf 88' lang='lat' dir='ltr'>non</span> <span class='ocrx_word' id='word_1_271' title='bbox 1139 2479 1268 2513; x_wconf 73' lang='lat' dir='ltr'>narrat</span> <span class='ocrx_word' id='word_1_272' title='bbox 1294 2475 1508 2514; x_wconf 83' lang='lat' dir='ltr'>Suetonius.</span> <span class='ocrx_word' id='word_1_273' title='bbox 1699 2488 1731 2522; x_wconf 78' lang='grc'>4,</span> <span class='ocrx_word' id='word_1_274' title='bbox 1754 2485 1771 2524; x_wconf 86' lang='grc'><strong><em>5</em></strong></span> <span class='ocrx_word' id='word_1_275' title='bbox 1798 2478 1872 2515; x_wconf 74' lang='lat' dir='ltr'>lato</span> 
     </span>
     <span class='ocr_line' id='line_1_34' title="bbox 404 2523 1868 2570; baseline 0.001 -10"><span class='ocrx_word' id='word_1_276' title='bbox 404 2527 507 2561; x_wconf 82' lang='lat' dir='ltr'>clauo</span> <span class='ocrx_word' id='word_1_277' title='bbox 524 2527 595 2561; x_wconf 74' lang='lat' dir='ltr'>etc.</span> <span class='ocrx_word' id='word_1_278' title='bbox 614 2535 622 2560; x_wconf 72' lang='grc' dir='ltr'>ε</span> <span class='ocrx_word' id='word_1_279' title='bbox 651 2538 682 2561; x_wconf 84' lang='lat' dir='ltr'>v.</span> <span class='ocrx_word' id='word_1_280' title='bbox 700 2523 803 2561; x_wconf 75' lang='lat' dir='ltr'>Suet.</span> <span class='ocrx_word' id='word_1_281' title='bbox 824 2525 893 2560; x_wconf 79' lang='lat' dir='ltr'>lul.</span> <span class='ocrx_word' id='word_1_282' title='bbox 913 2533 970 2570; x_wconf 82' lang='grc'>45.</span> <span class='ocrx_word' id='word_1_283' title='bbox 1153 2534 1172 2569; x_wconf 90' lang='grc'><strong><em>7</em></strong></span> <span class='ocrx_word' id='word_1_284' title='bbox 1199 2526 1482 2570; x_wconf 60' lang='lat' dir='ltr'>marvan-icarum</span> <span class='ocrx_word' id='word_1_285' title='bbox 1500 2526 1596 2562; x_wconf 83' lang='lat' dir='ltr'>etc.:</span> <span class='ocrx_word' id='word_1_286' title='bbox 1622 2537 1653 2560; x_wconf 88' lang='lat' dir='ltr'>v.</span> <span class='ocrx_word' id='word_1_287' title='bbox 1673 2523 1775 2562; x_wconf 86' lang='lat' dir='ltr'>Suet.</span> <span class='ocrx_word' id='word_1_288' title='bbox 1795 2526 1868 2562; x_wconf 82' lang='lat' dir='ltr'><strong><em>Iul.</em></strong></span> 
     </span>
     <span class='ocr_line' id='line_1_35' title="bbox 404 2570 1874 2666; baseline 0.001 -11"><span class='ocrx_word' id='word_1_289' title='bbox 404 2583 594 2655; x_wconf 41' lang='lat' dir='ltr'>51⁷-22t‘ffl‘32’</span> <span class='ocrx_word' id='word_1_290' title='bbox 613 2571 659 2655; x_wconf 67' lang='lat'>‘33</span> <span class='ocrx_word' id='word_1_291' title='bbox 686 2570 842 2666; x_wconf 54' lang='lat'>23⁰⁰¹¹³³</span> <span class='ocrx_word' id='word_1_292' title='bbox 867 2582 1053 2655; x_wconf 59' lang='lat'>‘5⁸¹‘3522‘31</span> <span class='ocrx_word' id='word_1_293' title='bbox 1070 2573 1279 2655; x_wconf 60' lang='lat'>2532332522</span> <span class='ocrx_word' id='word_1_294' title='bbox 1305 2584 1384 2654; x_wconf 64' lang='lat'>¹¹⁰¹:</span> <span class='ocrx_word' id='word_1_295' title='bbox 1408 2571 1504 2656; x_wconf 54' lang='lat' dir='ltr'>‘3¹32ss</span> <span class='ocrx_word' id='word_1_296' title='bbox 1525 2571 1678 2655; x_wconf 60' lang='lat' dir='ltr'>¹J¹Jz0¹¹³³</span> <span class='ocrx_word' id='word_1_297' title='bbox 1704 2573 1750 2610; x_wconf 73' lang='lat'>⁰¹²</span> <span class='ocrx_word' id='word_1_298' title='bbox 1773 2571 1874 2657; x_wconf 71' lang='lat' dir='ltr'>P¹³2¹²&lt;3</span> 
     </span>
     <span class='ocr_line' id='line_1_36' title="bbox 447 2632 1681 2656; baseline 0.002 -2"><span class='ocrx_word' id='word_1_299' title='bbox 447 2635 455 2653; x_wconf 74' lang='grc' dir='ltr'><em>ι</em></span> <span class='ocrx_word' id='word_1_300' title='bbox 493 2648 499 2655; x_wconf 91' lang='grc'><strong>.</strong></span> <span class='ocrx_word' id='word_1_301' title='bbox 594 2647 600 2655; x_wconf 93' lang='grc'><em>.</em></span> <span class='ocrx_word' id='word_1_302' title='bbox 664 2646 671 2655; x_wconf 93' lang='grc'><strong>.</strong></span> <span class='ocrx_word' id='word_1_303' title='bbox 738 2647 746 2656; x_wconf 87' lang='grc'><strong>.</strong></span> <span class='ocrx_word' id='word_1_304' title='bbox 1282 2632 1335 2656; x_wconf 81' lang='lat' dir='ltr'>c.:</span> <span class='ocrx_word' id='word_1_305' title='bbox 1386 2647 1394 2656; x_wconf 84' lang='lat'><strong>.</strong></span> <span class='ocrx_word' id='word_1_306' title='bbox 1507 2647 1514 2656; x_wconf 89' lang='lat'><strong>.</strong></span> <span class='ocrx_word' id='word_1_307' title='bbox 1598 2647 1605 2656; x_wconf 89' lang='lat'><strong>.</strong></span> <span class='ocrx_word' id='word_1_308' title='bbox 1674 2647 1681 2656; x_wconf 89' lang='lat'><strong>.</strong></span> 
     </span>
     <span class='ocr_line' id='line_1_37' title="bbox 404 2631 1870 2713; baseline 0.001 -12"><span class='ocrx_word' id='word_1_309' title='bbox 404 2667 632 2702; x_wconf 63' lang='lat' dir='ltr'>Iv&#39;ncilimtem</span> <span class='ocrx_word' id='word_1_310' title='bbox 661 2669 757 2703; x_wconf 58' lang='lat' dir='ltr'>ete:</span> <span class='ocrx_word' id='word_1_311' title='bbox 795 2666 923 2703; x_wconf 78' lang='lat' dir='ltr'>Macro</span> <span class='ocrx_word' id='word_1_312' title='bbox 953 2694 960 2702; x_wconf 92' lang='lat'>.</span> <span class='ocrx_word' id='word_1_313' title='bbox 988 2669 1061 2701; x_wconf 76' lang='lat' dir='ltr'>Sat.</span> <span class='ocrx_word' id='word_1_314' title='bbox 1089 2666 1126 2701; x_wconf 91' lang='lat' dir='ltr'>ii.</span> <span class='ocrx_word' id='word_1_315' title='bbox 1156 2676 1174 2710; x_wconf 89' lang='lat'>3</span> <span class='ocrx_word' id='word_1_316' title='bbox 1204 2666 1220 2712; x_wconf 66' lang='grc' dir='ltr'><strong>ξ</strong></span> <span class='ocrx_word' id='word_1_317' title='bbox 1255 2678 1305 2702; x_wconf 87' lang='grc' dir='ltr'>ιι.</span> <span class='ocrx_word' id='word_1_318' title='bbox 1460 2677 1506 2712; x_wconf 85' lang='lat'>24</span> <span class='ocrx_word' id='word_1_319' title='bbox 1532 2669 1572 2703; x_wconf 76' lang='lat' dir='ltr'>in</span> <span class='ocrx_word' id='word_1_320' title='bbox 1597 2631 1747 2713; x_wconf 48' lang='lat' dir='ltr'>essgtola</span> <span class='ocrx_word' id='word_1_321' title='bbox 1772 2667 1870 2704; x_wconf 86' lang='lat' dir='ltr'>etc.:</span> 
     </span>
     <span class='ocr_line' id='line_1_38' title="bbox 407 2713 1871 2768; baseline 0.001 -19"><span class='ocrx_word' id='word_1_322' title='bbox 407 2714 570 2750; x_wconf 58' lang='lat' dir='ltr'>Macron.</span> <span class='ocrx_word' id='word_1_323' title='bbox 585 2717 658 2750; x_wconf 72' lang='lat' dir='ltr'>Sat.</span> <span class='ocrx_word' id='word_1_324' title='bbox 679 2713 718 2750; x_wconf 84' lang='lat' dir='ltr'>ii.</span> <span class='ocrx_word' id='word_1_325' title='bbox 737 2724 756 2759; x_wconf 89' lang='lat'>3</span> <span class='ocrx_word' id='word_1_326' title='bbox 777 2713 794 2760; x_wconf 70' lang='grc' dir='ltr'><strong>ξ</strong></span> <span class='ocrx_word' id='word_1_327' title='bbox 821 2724 871 2759; x_wconf 84' lang='grc'>13.</span> <span class='ocrx_word' id='word_1_328' title='bbox 1022 2716 1065 2750; x_wconf 86' lang='lat'>28</span> <span class='ocrx_word' id='word_1_329' title='bbox 1081 2716 1260 2758; x_wconf 75' lang='lat' dir='ltr'>sommae</span> <span class='ocrx_word' id='word_1_330' title='bbox 1270 2716 1409 2768; x_wconf 66' lang='lat' dir='ltr'>fatcor:</span> <span class='ocrx_word' id='word_1_331' title='bbox 1435 2714 1502 2752; x_wconf 85' lang='lat' dir='ltr'>i.e.</span> <span class='ocrx_word' id='word_1_332' title='bbox 1511 2716 1688 2761; x_wconf 76' lang='lat' dir='ltr'>fortunae</span> <span class='ocrx_word' id='word_1_333' title='bbox 1705 2715 1871 2760; x_wconf 65' lang='lat' dir='ltr'>deliciaeg</span> 
     </span>
     <span class='ocr_line' id='line_1_39' title="bbox 405 2761 1871 2807; baseline 0.001 -11"><span class='ocrx_word' id='word_1_334' title='bbox 405 2773 515 2807; x_wconf 70' lang='lat' dir='ltr'>quem</span> <span class='ocrx_word' id='word_1_335' title='bbox 540 2761 709 2798; x_wconf 71' lang='lat' dir='ltr'>vocabuli</span> <span class='ocrx_word' id='word_1_336' title='bbox 731 2763 851 2807; x_wconf 84' lang='lat' dir='ltr'>fauor</span> <span class='ocrx_word' id='word_1_337' title='bbox 875 2772 1026 2798; x_wconf 73' lang='lat' dir='ltr'>nonaum</span> <span class='ocrx_word' id='word_1_338' title='bbox 1055 2772 1128 2796; x_wconf 88' lang='lat' dir='ltr'>non</span> <span class='ocrx_word' id='word_1_339' title='bbox 1158 2773 1203 2797; x_wconf 77' lang='lat' dir='ltr'>ex</span> <span class='ocrx_word' id='word_1_340' title='bbox 1229 2762 1306 2797; x_wconf 72' lang='lat' dir='ltr'>ulio</span> <span class='ocrx_word' id='word_1_341' title='bbox 1333 2764 1487 2799; x_wconf 75' lang='lat' dir='ltr'>auctore</span> <span class='ocrx_word' id='word_1_342' title='bbox 1513 2761 1676 2800; x_wconf 76' lang='lat' dir='ltr'>citatum</span> <span class='ocrx_word' id='word_1_343' title='bbox 1702 2761 1871 2799; x_wconf 84' lang='lat' dir='ltr'>invenire</span> 
     </span>
     <span class='ocr_line' id='line_1_40' title="bbox 408 2807 1379 2856; baseline 0.002 -12"><span class='ocrx_word' id='word_1_344' title='bbox 408 2809 525 2856; x_wconf 80' lang='lat' dir='ltr'>potui.</span> <span class='ocrx_word' id='word_1_345' title='bbox 670 2819 715 2856; x_wconf 89' lang='lat'>29</span> <span class='ocrx_word' id='word_1_346' title='bbox 740 2810 923 2846; x_wconf 72' lang='lat' dir='ltr'>Antonine</span> <span class='ocrx_word' id='word_1_347' title='bbox 940 2811 1035 2845; x_wconf 57' lang='lat' dir='ltr'>cto:</span> <span class='ocrx_word' id='word_1_348' title='bbox 1062 2820 1093 2844; x_wconf 89' lang='lat' dir='ltr'>v.</span> <span class='ocrx_word' id='word_1_349' title='bbox 1114 2807 1214 2845; x_wconf 78' lang='lat' dir='ltr'>Suet.</span> <span class='ocrx_word' id='word_1_350' title='bbox 1241 2811 1329 2856; x_wconf 73' lang='lat' dir='ltr'>Any.</span> <span class='ocrx_word' id='word_1_351' title='bbox 1346 2819 1379 2854; x_wconf 89' lang='lat'>4.</span> 
     </span>
    </p>
   </div>
   <div class='ocr_carea' id='block_1_4' title="bbox 519 2878 584 2914">
    <p class='ocr_par' dir='ltr' id='par_1_4' title="bbox 519 2878 584 2914">
     <span class='ocr_line' id='line_1_41' title="bbox 519 2878 584 2914; baseline -0.031 0"><span class='ocrx_word' id='word_1_352' title='bbox 519 2878 584 2914; x_wconf 78' lang='lat'>226</span> 
     </span>
    </p>
   </div>
  </div>
 </body>
</html>
