1994 3190
290 248 366 291 557
385 238 415 280 d
759 236 1023 282 IOANNIS
1062 236 1578 282 SARESBERIENSIS
1744 236 1855 299 [Lm.
1869 248 1902 281 v

431 354 569 408 tebat,
600 356 708 399 dum
748 356 1005 400 injuriantis
1045 356 1243 399 animum
1293 355 1468 400 uideret
1512 356 1814 407 immutatum,
1843 357 1901 406 et,

431 426 548 469 sicut
576 426 672 483 ipse
700 426 887 478 dicebat,
905 426 1090 470 celerius
1120 439 1254 483 quam
1283 425 1488 483 asparagi
1518 428 1766 483 coquantur
1778 439 1789 478 ;
1817 425 1900 469 hoc

433 495 551 538 enim
583 495 720 539 uerbo
750 496 815 539 rei
846 495 1085 539 festinatae
1124 495 1404 539 uelocitatem
1435 495 1603 538 solebat
1641 495 1901 552 exprimere.

288 572 366 621 558
387 582 417 611 a
433 565 492 608 In
529 579 728 608 sermone
766 565 984 622 siquidem
1023 568 1070 608 et
1107 565 1189 608 hoc
1228 567 1274 607 et
1313 564 1529 621 quaedam
1569 564 1658 607 alia
1691 563 1902 607 nobiliter

432 637 737 692 usurpauerat,
750 639 762 652 ⁴*
777 635 895 691 quod
943 634 1119 678 litterae
1168 634 1264 677 eius
1311 633 1604 691 antigraphae
1647 633 1901 683 ostendunt,
1919 647 1939 682 5

432 704 479 750 in
509 704 682 761 quibus,
710 718 810 747 cum
840 703 1010 760 aliquid
1039 718 1282 760 numquam
1312 702 1518 745 futurum
1546 702 1764 752 credebat,
1787 701 1902 744 illud
1947 723 1952 729 ·

431 773 527 816 fore
556 773 731 816 dicebat
761 773 819 816 ad
854 773 1079 816 Kalendas
1109 772 1284 816 Grecas.
1360 771 1640 814 Masinissam
1669 771 1901 828 nonagesi-

430 857 553 885 mum
591 842 725 885 etatis
761 856 929 884 annum
967 844 1172 900 agentem
1212 841 1395 884 meridie
1425 843 1529 884 ante
1565 840 1901 883 tabernaculum

430 915 624 955 stantem
663 911 735 954 uel
774 911 1076 954 ambulantem
1122 925 1278 967 capere
1317 910 1497 953 solitum
1542 909 1662 953 cibos
1701 909 1902 967 legimus.

432 980 571 1024 Gaius
592 979 767 1030 Curius,
785 994 886 1024 cum
912 980 1044 1022 uictis
1064 979 1121 1022 ab
1148 994 1199 1022 eo
1226 979 1404 1022 Sabinis
1423 993 1480 1022 ex
1500 981 1680 1022 senatus
1700 979 1901 1023 consulto
1919 998 1962 1024 ιο

430 1050 721 1107 ampliaretur
749 1050 790 1092 ei
819 1049 976 1092 modus
1006 1049 1103 1106 agri
1144 1062 1274 1105 quem
1303 1047 1596 1092 consummati
1636 1047 1802 1091 milites
1831 1062 1901 1092 ac-

431 1119 665 1176 cipiebant,
692 1119 939 1176 gregalium
965 1118 1168 1176 portione
1196 1120 1431 1161 contentus
1451 1116 1552 1168 fuit,
1572 1117 1739 1160 malum
1758 1117 1902 1160 ciuem

431 1188 582 1242 dicens
620 1189 691 1232 cui
730 1203 819 1231 non
859 1191 974 1231 esset
1004 1187 1122 1230 idem
1157 1187 1276 1244 quod
1315 1186 1472 1231 ceteris
1503 1187 1623 1230 satis.
1693 1187 1901 1231 Vniuersi

431 1272 606 1315 quoque
645 1258 865 1301 exercitus
904 1271 1034 1314 saepe
1074 1256 1284 1300 notabilis
1332 1255 1423 1300 fuit
1461 1256 1746 1308 continentia,
1786 1257 1902 1301 sicut

431 1327 526 1370 eius
546 1327 622 1383 qui
643 1327 726 1370 sub
746 1327 896 1370 Marco
916 1326 1082 1369 Scauro
1102 1325 1321 1383 insignem
1340 1326 1528 1383 gloriam
1548 1326 1725 1371 meruit.
1781 1326 1901 1370 Nam
1922 1344 1960 1379 ¹5

385 1398 415 1437 b
433 1397 668 1439 memoriae
687 1396 876 1439 tradidit
896 1395 1089 1439 Scaurus
1113 1395 1434 1438 continentiam
1459 1396 1726 1439 militarem:
1757 1395 1901 1439 Pomi-

433 1465 586 1517 feram,
621 1465 780 1522 inquit,
814 1465 1028 1517 arborem,
1063 1479 1197 1521 quam
1236 1464 1284 1507 in
1323 1465 1434 1522 pede
1471 1468 1718 1509 castrorum
1752 1465 1903 1510 fuerat

430 1534 660 1591 complexa
680 1534 906 1585 mentatio,
926 1537 1148 1591 postremo
1168 1533 1251 1585 die,
1266 1534 1598 1578 concinentibus
1618 1535 1900 1579 eneatoribus

431 1608 478 1647 et
512 1604 778 1648 abeuntibus
812 1605 951 1655 nobis,
985 1604 1166 1648 intactis
1201 1603 1422 1648 fructibus
1461 1604 1680 1648 exercitus
1719 1605 1903 1662 reliquit

431 1673 726 1730 indempnem.
775 1673 997 1731 Auspiciis
1017 1688 1122 1731 ergo
1141 1673 1438 1731 imperatoriis
1458 1672 1633 1718 Cesaris
1653 1674 1900 1718 Domitiani
1920 1693 1964 1717 no

431 1743 638 1800 Augusti,
670 1742 931 1786 Germanico
971 1743 1086 1786 bello
1126 1743 1244 1799 quod
1283 1742 1428 1786 Iulius
1468 1742 1626 1787 Ciuilis
1665 1743 1713 1786 in
1754 1743 1902 1787 Gallia

431 1816 644 1864 mouerat,
667 1812 917 1871 Lingonum
938 1813 1274 1870 opulentissima
1294 1813 1466 1866 ciuitas,
1487 1827 1600 1870 quae
1625 1814 1682 1857 ad
1710 1813 1902 1858 Ciuilem

430 1882 689 1933 desciuerat,
723 1897 823 1925 cum
858 1882 1169 1926 aduenientem
1200 1883 1257 1926 ab
1287 1883 1484 1927 exercitu
1514 1882 1689 1927 Cesar-is
1718 1884 1903 1942 popula-

433 1951 598 1994 tionem
620 1952 809 2002 timeret,
825 1952 942 2008 quod
963 1955 1139 2009 praeter
1159 1967 1279 2010 spem
1301 1952 1518 1996 inuiolata
1537 1953 1674 1996 nichil
1695 1967 1751 1996 ex
1771 1953 1903 1998 rebus

432 2020 525 2063 suis
565 2021 785 2072 amiserat,
824 2021 881 2063 ad
920 2021 1180 2078 obsequium
1219 2022 1398 2065 redacta
1445 2022 1731 2080 septuaginta
1778 2022 1904 2066 milia
1922 2037 1964 2072 ²³

432 2093 704 2133 armatorum
721 2090 909 2133 tradidit
925 2091 1071 2134 michi.
1115 2090 1310 2134 Lucilius
1327 2091 1575 2142 Mommius,
1589 2091 1665 2148 qui
1682 2091 1902 2136 Corintho

431 2163 562 2217 capta
600 2174 689 2202 non
729 2158 909 2203 Italiam
950 2160 1091 2203 solum
1131 2160 1207 2203 sed
1248 2161 1383 2204 etiam
1422 2161 1697 2218 prouinciam
1737 2161 1904 2205 tabulis

432 2228 680 2286 statuisque
717 2229 964 2279 exornauit,
995 2230 1104 2272 adeo
1141 2229 1277 2273 nichil
1318 2244 1373 2272 ex
1413 2229 1635 2273 manubiis
1675 2230 1815 2274 tantis
1854 2230 1903 2275 in

390 2312 561 2342 esuum
596 2298 817 2342 conuertit
849 2313 991 2350 usum,
1023 2302 1075 2342 ut
1109 2298 1245 2341 filiam
1281 2299 1376 2342 eius
1416 2298 1590 2356 inopem
1625 2302 1806 2343 senatus
1846 2314 1903 2343 ex

432 2367 607 2424 publico
641 2367 875 2411 dotauerit.
948 2367 1213 2411 Constantia
1252 2382 1438 2425 quoque,
1471 2382 1571 2411 cum
1611 2383 1668 2411 ex
1701 2368 1903 2425 pluribus
1922 2382 1964 2416 30

431 2437 867 2494 strategemmatibus
902 2439 1064 2494 pateat,
1095 2436 1141 2478 in
1173 2437 1343 2480 uirtute
1380 2437 1678 2479 Romanorum
1709 2437 1903 2482 maxime

428 2506 579 2551 claret.
647 2506 811 2549 Eorum
855 2505 1072 2563 siquidem
1118 2506 1448 2563 magnificentia
1489 2509 1535 2549 et
1569 2506 1750 2557 uirtute,
1780 2506 1817 2550 si
1856 2521 1902 2551 o-

431 2575 600 2619 mnium
631 2574 832 2632 gentium
861 2574 1071 2618 historiae
1103 2575 1404 2627 reuoluantur,
1425 2575 1561 2618 nichil
1589 2575 1750 2619 clarius
1773 2576 1902 2620 lucet.

435 2682 477 2719 15
495 2672 649 2710 marcho
661 2671 722 2709 CB
777 2674 822 2710 26
841 2670 973 2709 Lucius
989 2671 1017 2707 B
1057 2670 1274 2718 Mummius]
1287 2672 1490 2709 maromius
1505 2673 1544 2709 M
1589 2683 1635 2720 33
1653 2672 1846 2721 hystoriae
1860 2672 1901 2710 M

480 2775 499 2802 2
519 2767 667 2802 celerius
678 2767 773 2802 etc.:
793 2763 940 2802 menet.
954 2766 1046 2810 Any.
1062 2764 1117 2808 87.
1256 2773 1277 2808 4
1295 2765 1342 2800 In
1352 2776 1513 2802 sermone
1523 2767 1619 2803 eto.:
1637 2778 1671 2801 v.
1687 2764 1791 2803 Suet.
1805 2766 1900 2813 Aua.

430 2814 485 2856 87.
655 2822 672 2860 5
692 2813 950 2859 antimaphae:
976 2812 1222 2858 autographae
1238 2810 1342 2848 Suet.
1510 2822 1530 2858 7
1556 2814 1792 2849 Masinissam
1805 2814 1901 2851 eto.:

432 2860 599 2897 Frontin.
626 2863 736 2896 Serae.
755 2859 799 2896 iv.
827 2870 846 2907 3
874 2859 916 2907 §§
949 2868 1070 2905 1¹·15.
1218 2869 1261 2896 10
1282 2861 1419 2895 Gaius:
1446 2859 1515 2896 Μ’.
1542 2860 1711 2897 Frontin.
1855 2870 1902 2897 πο

431 2910 699 2954 imperatoriis:
728 2909 956 2955 imperatorie
973 2904 1139 2942 Frontin.
1268 2917 1313 2952 23
1331 2909 1579 2944 aduenientem
1596 2908 1660 2944 ab:
1686 2908 1902 2945 adscendente

433 2954 605 2992 Frontin.
772 2956 819 2993 26
843 2955 1009 2993 Luscium
1023 2955 1238 2991 Mammiae:
1263 2955 1306 2991 L.
1325 2956 1525 2992 Mummius
1541 2954 1710 2993 Frontin.

540 3019 603 3054 ³¹⁴
