1994 3190
169 237 268 270 OAP.
283 224 384 286 xv1]
693 223 1133 269 POLICRATICVS

170 361 342 390 summa
368 345 655 404 frugalitate;
683 345 760 388 sed
785 344 946 395 omnia,
965 359 1078 401 quae
1104 345 1152 388 in
1179 346 1436 389 exeniorum
1463 346 1634 389 ratione

170 415 479 468 offerebantur,
508 417 561 458 ut
589 417 782 458 stercora
810 414 1160 471 contempnebat.
1219 415 1429 458 Testatur
1457 418 1637 458 sanctus

172 483 510 530 Clareuallensis
536 483 654 540 quod
680 483 854 540 piscem,
876 497 1006 539 quem
1034 484 1170 541 uulgo
1199 485 1443 527 sturionem
1471 485 1637 534 dicunt,

172 568 200 597 a
233 553 394 596 deuoto
429 552 618 610 quodam
650 552 884 610 legationis
924 566 1029 595 suae
1068 552 1225 596 clerico
1263 554 1405 611 gratis
1444 555 1639 611 accipere

137 635 155 667 5
174 622 318 666 noluit
350 636 430 665 nec
466 624 570 665 ante
605 621 836 678 adquieuit
864 621 1088 664 offerentis
1128 622 1404 679 improbitati
1434 638 1568 680 quam
1598 623 1638 666 ei

174 706 255 749 pro
283 691 474 735 admisso
502 690 659 734 exenio
688 690 881 748 pretium
910 695 1178 736 numeraret,

174 804 282 863 Gap.
305 805 371 849 16:
420 804 485 848 De
503 803 696 848 mimine
722 803 1099 860 repetunffimm,
1112 818 1200 861 quo
1220 808 1433 848 tenentur
1452 809 1489 848 et
1502 820 1640 862 prae-

290 874 403 918 sides
423 877 461 918 et
480 873 667 927 iudices,
687 873 768 930 qwel
788 873 971 930 aliquid
991 874 1180 917 omnino
1205 874 1440 931 accipiunt
1459 878 1643 931 propter

291 958 363 988 eas
401 958 469 987 res
507 957 621 1000 quae
659 941 747 987 sibi
792 945 901 986 sam
937 958 987 986 eoe
1020 942 1160 1000 officio
1197 943 1467 996 faciendae:
1517 949 1553 987 et
1589 944 1642 987 de

119 1032 159 1056 10
290 1013 510 1064 Samuele,
541 1012 624 1070 qai
661 1012 780 1074 docet
819 1012 925 1068 iuye
968 1012 1246 1069 sacrificium
1279 1028 1362 1056 esse
1395 1012 1544 1057 debere
1587 1014 1642 1057 in

293 1081 425 1126 domo
463 1082 643 1133 iudicis,
683 1095 799 1139 quae
837 1082 1030 1138 seipsam
1078 1081 1300 1126 oblatione
1348 1082 1551 1126 iustitiae
1604 1086 1642 1126 et

295 1151 517 1197 bonoram
546 1165 733 1208 operum
762 1151 928 1195 exhibet
958 1151 1179 1208 templum
1207 1152 1303 1195 Dei.

239 1250 327 1294 Sed
365 1249 736 1295 crebrescentibus
775 1249 900 1292 uitiis
939 1249 1074 1292 etiam
1114 1250 1161 1292 in
1200 1250 1317 1293 clero
1355 1253 1463 1293 sunt
1512 1250 1643 1293 hodie

178 1319 475 1365 continentiae
522 1322 675 1363 tantae
717 1318 920 1376 exempla
962 1318 1199 1370 rarissima,
1237 1334 1338 1362 cum
1387 1323 1539 1362 tamen
1587 1320 1642 1362 de

120 1402 162 1436 15
180 1403 364 1435 censura
393 1389 540 1447 legum
568 1403 741 1432 summa
771 1388 1045 1432 continentia
1073 1388 1409 1446 magistratibus
1438 1389 1644 1432 omnibus

182 1460 243 1503 sit
292 1458 469 1510 indicta,
517 1458 626 1502 adeo
676 1457 854 1515 quidem
906 1460 959 1500 ut
1007 1457 1084 1515 qui
1133 1458 1403 1501 ordinariam
1458 1458 1645 1516 gesserit

179 1531 455 1587 potestatem,
485 1527 694 1586 quicquid
733 1542 790 1570 ex
828 1530 979 1570 uetere
1010 1527 1300 1585 delegationis
1331 1528 1466 1571 titulo
1497 1528 1645 1585 profli-

180 1597 366 1656 gauerit,
404 1612 504 1642 cum
543 1597 773 1655 dispendio
810 1596 993 1654 pudoris
1038 1599 1172 1654 atque
1222 1597 1443 1650 fortunae,
1483 1598 1529 1640 id
1579 1601 1647 1640 est

181 1667 360 1712 honoris
397 1670 531 1725 atque
569 1667 814 1724 dignitatis,
855 1666 910 1710 de
958 1667 1148 1724 propriis
1197 1666 1487 1710 facultatibus
1526 1667 1647 1709 intra

123 1757 167 1781 ιο
183 1736 456 1795 prouinciam
493 1736 663 1794 positus
695 1735 860 1779 inferre
893 1739 1091 1794 cogatur.
1167 1736 1283 1793 Lege
1314 1751 1488 1793 quoque
1530 1736 1646 1779 Iulia

184 1806 527 1865 repetundarum
541 1808 720 1849 tenetur
734 1805 823 1862 qui,
838 1820 939 1849 cum
959 1805 1154 1862 aliquam
1169 1808 1435 1863 potestatem
1452 1806 1647 1855 haberet,

185 1876 242 1920 ob
268 1875 550 1920 iudicandum
578 1875 650 1918 uel
677 1890 766 1918 non
791 1875 1089 1925 iudicandum,
1108 1875 1431 1918 decernendum
1458 1875 1530 1917 uel
1558 1890 1647 1918 non

183 1945 516 1996 decernendum,
544 1948 624 1989 aut
653 1945 710 1988 ob
738 1945 1092 1988 denuntiandum
1122 1945 1426 1988 testimonium
1456 1945 1528 1988 uel
1558 1959 1647 1988 non

185 2014 538 2059 denuntiandum
585 2014 816 2072 pecuniam
872 2015 1090 2072 acceperit
1138 2019 1184 2058 et
1235 2014 1283 2056 in
1338 2029 1512 2057 summa
1560 2028 1648 2071 quo

126 2103 166 2138 ²5
185 2084 328 2142 magis
361 2084 440 2127 aut
471 2084 618 2128 minus
652 2084 760 2141 quid
794 2099 850 2127 ex
883 2084 1024 2128 officio
1062 2098 1142 2127 suo
1181 2083 1358 2127 faceret.
1432 2083 1526 2127 Nec
1565 2098 1650 2127 usu

185 2153 284 2212 capi
310 2156 456 2211 potest
481 2153 599 2210 quod
624 2153 849 2211 accipitur,
869 2156 1107 2210 antequam
1134 2153 1286 2196 redeat
1310 2154 1357 2195 in
1383 2156 1650 2210 potestatem

188 2223 283 2266 eius
303 2237 330 2266 a
349 2237 436 2279 quo
455 2222 703 2280 profectum
723 2226 791 2266 est
810 2226 890 2266 aut
916 2222 1101 2266 heredis.
1162 2223 1451 2266 Venditiones
1477 2237 1650 2279 quoque

187 2295 234 2336 et
262 2292 499 2336 locationes
527 2292 668 2350 pluris
697 2292 936 2336 minorisue
967 2291 1109 2336 factas
1138 2292 1212 2335 lex
1242 2292 1329 2334 ista
1358 2291 1580 2342 rescindit,
1607 2295 1653 2334 et

189 2376 241 2405 ea
259 2361 489 2419 dampnati
509 2361 811 2405 testimonium
835 2361 1061 2419 publicum
1089 2362 1233 2405 dicere
1260 2364 1340 2404 aut
1367 2361 1533 2404 iudices
1559 2375 1652 2403 esse

129 2450 173 2484 30
189 2433 270 2474 aut
287 2430 511 2488 postulare
530 2430 822 2487 prohibentur
834 2445 844 2483 ;
874 2433 920 2474 et
947 2431 1051 2474 licet
1077 2430 1268 2474 conuicti
1295 2433 1426 2473 extra
1453 2430 1652 2473 ordinem

188 2499 318 2543 hodie
346 2499 600 2557 puniantur,
625 2499 883 2557 plerumque
911 2500 1212 2557 dampnantur
1241 2499 1386 2550 exilio,
1415 2499 1487 2542 uel
1517 2499 1653 2542 etiam

188 2568 356 2619 durius,
394 2571 527 2626 prout
567 2568 839 2614 admiserint.
916 2569 1005 2613 Sed
1055 2572 1100 2612 et
1148 2569 1206 2612 ab
1254 2569 1490 2612 heredibus
1538 2583 1652 2626 pena

194 2688 211 2716 1
237 2677 435 2714 xeniorum
453 2675 519 2713 SM
660 2678 684 2715 6
709 2677 820 2715 xenio
837 2677 877 2713 M
1022 2687 1064 2725 13
1089 2677 1393 2715 crebescentibus
1407 2676 1466 2714 CB

240 2786 310 2821 2,3
331 2777 499 2811 Testatur
509 2780 656 2811 sanetus
669 2774 970 2814 Glareuanensia:
995 2774 1021 2811 i.
1031 2786 1065 2812 e.
1082 2774 1118 2811 S.
1134 2773 1378 2812 Bernartius
1366 2786 1408 2810 ιιι
1424 2773 1488 2809 lib.
1499 2775 1543 2809 de
1563 2773 1653 2809 Con-

193 2822 435 2859 sideratione‘
424 2834 472 2858 iv.
493 2831 511 2869 5
532 2821 550 2868 §
574 2832 627 2867 14.
763 2831 810 2858 20
832 2823 923 2868 Leye
905 2823 1017 2857 eluza
1003 2834 1041 2858 ια
1057 2834 1174 2868 usque
1190 2822 1239 2858 ad
1255 2824 1354 2857 adm
1350 2823 1493 2857 ser-int:
1519 2833 1552 2856 v.
1569 2822 1652 2865 Diq.

194 2870 312 2907 xlviii.
329 2879 383 2907 11.
399 2879 431 2916 3,
444 2869 478 2914 6,
493 2879 526 2914 4,
542 2871 574 2912 8,
590 2880 622 2912 7.
711 2879 755 2916 32
781 2871 827 2906 ab
842 2870 1028 2906 heredibus
1043 2872 1113 2906 eto.
1131 2882 1140 2907 ι
1166 2882 1200 2906 v.
1214 2869 1303 2906 Cod.
1322 2868 1458 2905 Iustin.
1475 2867 1527 2904 ix.
1546 2877 1601 2912 27.
1620 2878 1654 2904 2.

1482 2943 1546 2977 349

1648 226 1727 277 ⁵78
1746 236 1776 266 a

1658 1324 1687 1362 b

1669 2236 1693 2264 C
