1994 3190
204 161 304 231 car.
321 183 382 246 11]
511 159 514 164 Ι
729 183 1132 230 POLICRATICV
1132 184 1167 230 S
1683 188 1770 240 389
1788 189 1818 230 b

203 306 390 363 speritas
419 305 610 359 beatulis
637 304 732 348 suis
759 304 822 348 sic
851 303 1097 361 applaudit,
1123 306 1177 348 ut
1209 309 1391 359 noceat;
1425 309 1472 350 et
1501 306 1670 353 infelici

203 388 402 418 successu
422 374 484 417 sic
503 374 551 416 in
566 373 643 416 uia
657 372 901 416 fortunatis
915 372 1184 429 obsequitur,
1197 378 1250 418 ut
1265 375 1312 417 in
1328 376 1416 419 fine
1430 377 1669 434 perniciem

202 446 419 500 operetur,
443 443 644 486 conuiuis
673 442 765 486 suis
794 442 852 485 ab
882 442 1012 485 initio
1041 444 1283 500 propinans
1312 445 1470 497 dulcia,
1494 449 1540 489 et
1567 461 1669 490 cum

201 512 408 556 inebriati
436 511 616 563 fuerint,
637 511 769 554 letale
787 511 914 554 uirus
932 511 1088 555 miscet
1107 515 1153 555 et
1179 513 1216 555 si
1243 513 1351 569 quid
1371 514 1566 558 deterius
1586 519 1666 560 est.

165 596 183 632 5
202 582 300 636 Quo
339 582 481 639 specie
520 582 590 625 sui
628 581 829 641 clarescit
868 581 1070 638 amplius,
1110 596 1162 625 eo
1207 583 1491 639 stupentibus
1530 585 1667 628 oeulis

200 651 446 695 densiorem
476 651 677 694 infundit
702 651 950 708 caliginem.
1011 651 1393 695 Inualescentibus
1417 667 1521 710 ergo
1544 656 1667 696 tene-

200 720 293 764 bris
326 721 494 764 ueritas
534 721 770 771 euanescit,
804 724 850 764 et
889 721 1112 764 uirtutum
1152 721 1300 764 radice
1339 722 1507 764 succisa
1545 736 1668 779 seges

199 790 421 848 germinat
455 790 681 841 uitiorum,
715 790 865 833 lumen
905 790 1092 833 rationis
1131 790 1422 848 extinguitur,
1461 794 1508 833 et
1545 795 1668 834 totus

199 859 331 903 homo
364 873 468 902 casu
500 859 740 902 miserabili
774 859 922 902 fertur
961 859 1008 902 in
1042 874 1262 917 praeceps.
1323 859 1397 903 Sic
1437 860 1667 903 rationalis
1685 874 1709 903 c

142 947 184 973 10
199 930 403 972 creatura
441 929 667 981 brutescit,
706 929 769 972 sie
818 929 965 986 imago
1009 929 1220 972 creatoris
1259 929 1451 986 quadam
1493 944 1667 972 morum

200 997 489 1040 similitudine
519 997 796 1040 deformatur
826 998 873 1040 in
903 998 1103 1050 bestiam,
1123 998 1184 1041 sic
1214 1013 1242 1040 a
1270 998 1537 1042 conditionis
1563 1013 1669 1041 suae

200 1066 419 1124 dignitate
446 1067 685 1124 degenerat
711 1068 855 1120 homo,
881 1067 1074 1110 uanitati
1099 1067 1257 1110 similis
1284 1067 1442 1118 factus,
1469 1083 1520 1111 eo
1550 1068 1668 1125 quod

200 1151 256 1180 ex
275 1136 439 1179 honore
460 1136 621 1179 collato
641 1137 857 1180 intumuit
873 1140 918 1180 et
933 1152 960 1180 a
975 1141 1148 1180 tumore
1164 1138 1358 1195 perdidit
1378 1138 1666 1182 intellectum.

201 1205 311 1259 Quis
339 1205 456 1248 enim
487 1220 538 1248 eo
568 1205 804 1263 indignior,
825 1206 901 1263 qui
931 1206 1000 1249 sui
1031 1207 1170 1263 ipsius
1200 1208 1475 1264 contempnit
1505 1208 1667 1251 habere

71 1268 74 1270 ³
143 1291 181 1326 15
200 1274 438 1318 notitiam?
482 1274 558 1331 qui
598 1278 786 1333 tempus,
818 1275 936 1332 quod
971 1290 1104 1333 parca
1143 1290 1279 1319 manu
1319 1277 1474 1320 datum
1510 1281 1577 1320 est
1611 1277 1668 1320 ad

199 1357 451 1387 mensuram
486 1344 533 1386 in
564 1359 695 1387 usum
726 1344 860 1396 uitae,
895 1348 940 1388 et
979 1345 1121 1388 solum
1161 1347 1357 1403 reparari
1389 1362 1479 1390 non
1510 1351 1669 1404 potest,

199 1414 402 1457 usuraria
429 1414 621 1471 quadam
648 1415 892 1458 accessione
919 1419 964 1458 et
988 1416 1134 1472 penali
1159 1416 1446 1473 repetendum
1474 1417 1521 1459 in
1546 1417 1667 1460 uitae

200 1483 432 1541 dispendia
462 1484 670 1542 prodigit,
701 1486 747 1528 et
778 1484 826 1526 in
864 1486 1176 1528 contumeliam
1216 1486 1409 1530 auctoris
1448 1487 1668 1530 effundit?

200 1552 319 1606 Quid
339 1568 390 1597 eo
410 1553 596 1604 brutius,
613 1554 690 1611 qui
710 1568 767 1596 ex
782 1553 960 1598 defectu
975 1555 1162 1598 rationis
1177 1558 1223 1598 et
1243 1556 1437 1612 impulsu
1457 1556 1666 1606 libidinis,

141 1635 184 1660 σο
199 1621 391 1666 dimissis
427 1623 629 1680 propriis,
661 1622 807 1666 aliena
837 1624 1018 1683 negotia
1048 1627 1186 1675 curat,
1217 1628 1262 1668 et
1301 1639 1390 1668 non
1430 1625 1561 1668 modo
1590 1640 1666 1668 ne·

198 1691 343 1750 gotiis,
383 1692 459 1735 sed
499 1695 545 1735 et
583 1692 741 1735 alienis
780 1693 885 1736 otiis
924 1694 1091 1751 iugiter
1127 1695 1398 1752 occupatur?
1456 1694 1574 1748 Quid
1615 1709 1666 1738 eo
1683 1697 1712 1737 d

198 1761 438 1813 bestialius,
477 1762 554 1818 qui
593 1762 754 1805 omisso
793 1762 946 1814 officio,
978 1764 1032 1806 de
1072 1764 1218 1807 media
1256 1767 1384 1808 nocte
1423 1764 1579 1822 surgit,
1614 1768 1667 1808 ut

198 1830 439 1888 sagacitate
477 1846 650 1883 canum,
689 1835 952 1877 venatorum
994 1834 1225 1885 industria,
1266 1834 1416 1877 studio
1454 1834 1666 1878 commili-

198 1902 365 1951 tonum,
405 1901 682 1944 seruulorum
723 1901 866 1946 fretus
909 1902 1130 1960 obsequio,
1169 1904 1381 1962 temporis
1429 1907 1474 1947 et
1520 1903 1666 1947 famae

142 1984 181 2018 ²5
198 1968 378 2020 iactura,
410 1985 558 2013 rerum
589 1970 840 2029 laborisque
871 1971 1115 2030 dispendio,
1147 1973 1202 2016 de
1236 1976 1364 2017 noete
1400 1973 1457 2016 ad
1491 1978 1665 2017 noctem

198 2041 366 2096 pugnet
385 2039 442 2082 ad
462 2039 657 2084 bestias?

491 2185 599 2244 Cap.
631 2199 671 2232 2.
714 2186 838 2242 Quid
865 2187 922 2231 i‘n
951 2187 1120 2232 studiis
1148 2188 1367 2233 alienum.

203 2341 206 2345 Δ
255 2286 463 2332 Alienum
487 2288 686 2346 profecto
711 2293 790 2342 est,
815 2291 933 2348 quod
959 2292 1075 2335 ratio
1098 2294 1285 2345 naturae
1311 2292 1384 2336 uel
1413 2292 1544 2336 officii
1573 2307 1663 2336 non

198 2355 380 2408 inducit,
413 2358 451 2401 si
491 2361 641 2402 tamen
680 2359 906 2404 interdum
945 2364 1063 2405 recte
1102 2361 1267 2405 dicitur
1305 2362 1511 2413 alienum,
1545 2362 1663 2419 quod

140 2440 183 2474 30
198 2425 360 2469 rectius
394 2426 542 2470 fuerat
570 2442 742 2486 semper
772 2429 910 2473 fuisse
941 2430 1120 2474 nullius.
1182 2430 1306 2484 Quae
1337 2445 1443 2474 uero
1476 2435 1663 2475 naturae

199 2498 315 2548 sunt,
354 2510 570 2553 peraeque
609 2501 716 2541 sunt
757 2499 982 2552 omnium;
1032 2515 1145 2558 quae
1190 2500 1334 2553 officii,
1373 2501 1661 2558 singulorum.

185 2605 223 2650 '6
242 2619 326 2660 post
341 2625 381 2650 er
409 2626 430 2651 o
447 2618 530 2670 cdd.
548 2628 715 2653 errorum
733 2617 810 2662 SM,
830 2631 945 2665 mam.
962 2619 996 2655 A
1173 2628 1194 2665 7
1220 2620 1323 2658 sedes
1340 2620 1374 2656 A
1391 2620 1511 2668 (seges
1528 2620 1660 2667 mar-q.)

201 2670 243 2707 31
265 2667 347 2707 post
363 2673 384 2698 o
424 2674 474 2698 cn
489 2665 573 2699 add.
594 2676 661 2701 sua
677 2667 765 2702 sunt
781 2678 895 2719 marja.
914 2666 948 2703 A

296 2769 356 2805 Sic
379 2771 476 2807 et0.:
503 2770 551 2807 ef.
577 2770 636 2807 Pe.
661 2770 781 2807 xlviii.
810 2781 866 2808 21.
1027 2782 1070 2809 12
1095 2774 1261 2810 uanitati
1281 2774 1414 2811 similis
1427 2776 1577 2821 sactus:
1605 2774 1661 2810 Ps.

203 2826 222 2852 e
264 2814 318 2851 iii.
337 2826 370 2861 4.
467 2827 522 2854 20.
548 2819 708 2855 dimissis
724 2821 818 2856 eta:
849 2818 940 2856 Hor.
955 2819 1031 2857 Sat.
1050 2829 1082 2856 2.
1102 2830 1136 2866 3.
1155 2830 1208 2866 19.
1707 2822 1722 2827 ”

1514 2901 1554 2936 19
