1994 3190
234 194 314 236 554
332 185 364 226 b
706 179 968 226 IOANNIS
1007 177 1518 224 SARESBERIENSIS
1683 173 1795 238 [ΗΒ.
1809 186 1842 220 v

377 302 533 348 calculi
573 301 814 355 rationem3
858 304 904 344 et
941 301 1152 344 honorem
1182 298 1383 344 conferre
1415 298 1644 356 insipienti
1675 300 1745 342 est
1777 296 1842 340 rei

378 372 580 430 publicae
612 371 869 414 subuertere
906 370 1060 413 uitam.
1130 369 1190 412 Et
1228 368 1497 426 impossibile
1535 371 1604 412 est
1641 370 1695 411 ut
1731 366 1843 410 alios

379 441 552 485 utiliter
581 442 718 498 regat,
747 454 879 497 quem
907 439 1112 497 proprius
1139 438 1363 482 subuertit
1391 451 1522 481 error.
1592 437 1673 480 Ait
1701 436 1843 480 enim:

380 511 469 554 Vbi
498 524 587 553 non
617 513 685 553 est
712 510 993 568 gubernator,
1016 508 1206 566 populus
1234 510 1421 552 corruet.
1499 507 1558 550 Et
1585 506 1716 550 alibi:
1746 506 1845 548 Rex

380 580 594 637 insipiens
612 579 768 636 perdet
792 578 1004 636 populum
1024 592 1165 628 suum,
1186 580 1232 620 et
1249 577 1454 621 ciuitates
1473 575 1845 619 inhabitabuntur
1864 584 1884 620 5

339 665 365 695 c
381 664 513 707 super
531 663 708 693 sensum
730 647 1028 705 prudentium.
1087 646 1244 691 Omnis
1272 648 1530 703 potentatus
1559 645 1708 688 breuis
1736 644 1846 695 uita,

381 720 570 777 languor
607 717 822 775 prolixior
860 719 1022 775 grauat
1059 715 1292 760 medicum.
1361 715 1549 758 Breuem
1587 714 1847 772 languorem

382 788 607 847 praecidet
635 787 856 840 medicus;
885 787 948 830 sic
978 789 1024 829 et
1051 800 1132 828 rex
1161 785 1292 828 hodie
1322 787 1390 827 est
1419 787 1465 828 et
1493 798 1590 828 cras
1619 783 1847 827 morietur.

383 858 498 903 Cum
518 857 636 901 enim
662 857 877 900 morietur
902 856 1045 906 homo,
1064 854 1334 898 hereditabit
1358 856 1583 910 serpentes
1610 855 1656 896 et
1683 852 1849 895 bestias

384 931 430 971 et
449 940 632 970 uermes.
676 924 907 982 Numquid
923 938 1085 981 quaeso
1104 937 1319 980 pauperes
1334 922 1647 979 opprimuntur
1661 920 1848 972 iniuriis,
1867 931 1911 958 ιο

382 998 676 1041 attenuantur
704 994 1020 1044 exactionibus,
1045 992 1214 1049 rapinis
1242 991 1563 1048 multiplicibus
1590 990 1850 1048 spoliantur,

383 1065 595 1109 iubentur
628 1065 676 1107 in
711 1079 757 1107 se
791 1076 1049 1107 concurrere
1082 1061 1235 1119 populi
1267 1063 1314 1104 et
1344 1061 1495 1104 orbem
1529 1062 1772 1110 concutere,
1798 1061 1853 1102 ut

383 1134 640 1193 potentibus
659 1133 734 1177 isti
761 1132 997 1176 succedant
1023 1130 1235 1175 heredes?
1293 1129 1378 1173 Isti
1398 1143 1589 1186 namque
1612 1128 1853 1172 succedunt

384 1204 590 1248 omnibus
609 1203 705 1246 iure
724 1216 830 1255 suo;
859 1216 939 1245 nec
958 1200 1236 1244 desideratur
1254 1199 1557 1256 sollempnitas
1582 1197 1852 1251 testamenti,

385 1274 443 1317 ab
476 1274 689 1316 intestato
722 1274 981 1329 emergunt;
1030 1269 1142 1313 uelis
1175 1269 1301 1320 nolis,
1331 1269 1411 1312 hos
1442 1268 1626 1312 habebis
1659 1267 1850 1312 heredes.
1871 1282 1913 1318 ¹5

387 1343 443 1387 In
478 1342 748 1386 secularibus
780 1341 943 1384 litteris
977 1339 1123 1383 fertur
1156 1338 1321 1382 dixisse
1361 1338 1514 1382 Plato:
1559 1337 1747 1381 Perinde
1786 1339 1855 1381 est

388 1427 489 1457 cum
524 1411 725 1454 subditos
755 1409 968 1467 opprimit
1001 1408 1302 1466 magistratus,
1336 1421 1387 1451 ac
1421 1407 1459 1450 si
1493 1410 1629 1464 caput
1660 1406 1856 1464 corporis

344 1486 374 1528 <1
390 1482 667 1531 intumescat,
698 1483 752 1523 ut
781 1494 810 1522 a
842 1478 1052 1522 membris
1085 1481 1166 1521 aut
1199 1477 1379 1521 omnino
1411 1479 1492 1520 aut
1525 1477 1620 1520 sine
1654 1475 1857 1519 molestia

391 1551 499 1595 ferri
526 1565 615 1594 non
644 1550 795 1607 possit.
855 1549 984 1592 Hanc
1013 1551 1163 1591 autem
1193 1546 1440 1604 passionem
1469 1546 1564 1589 sine
1591 1545 1856 1604 grauissimo

389 1621 538 1664 dolore
557 1619 854 1662 membrorum
883 1618 1064 1662 tolerari
1094 1617 1167 1660 uel
1196 1616 1342 1660 curari
1371 1615 1640 1673 impossibile
1666 1616 1745 1659 est.
1804 1614 1853 1658 Si
1874 1631 1918 1656 πο

389 1704 496 1733 uero
516 1688 773 1732 incurabilis
792 1687 931 1730 fuerit
950 1686 1106 1744 passio,
1119 1686 1181 1729 sic
1201 1685 1353 1728 uiuere
1368 1699 1501 1742 quam
1521 1684 1633 1728 mori
1653 1683 1858 1727 miserius

390 1762 469 1802 est.
531 1757 704 1801 Miseris
723 1759 873 1799 autem
893 1755 1030 1799 nichil
1050 1755 1206 1798 utilius
1226 1757 1294 1798 est
1319 1769 1452 1812 quam
1472 1756 1711 1810 utcumque
1730 1752 1858 1796 finire

392 1827 627 1871 miseriam.
686 1826 810 1868 Idem
832 1839 1005 1882 quoque
1026 1824 1191 1868 dixisse
1211 1824 1399 1882 legitur:
1431 1822 1545 1868 Cum
1572 1823 1620 1865 in
1639 1822 1858 1866 subiectos

393 1900 590 1955 potestas
612 1895 767 1946 saeuit,
787 1895 903 1937 idem
932 1897 1000 1938 est
1025 1909 1076 1937 ac
1102 1894 1139 1937 si
1166 1896 1292 1937 tutor
1317 1893 1536 1951 pupillum
1556 1895 1857 1950 persequatur,

393 1966 464 2010 uel
500 1980 602 2008 eum
636 1978 716 2008 suo
750 1978 956 2007 mucrone
991 1963 1176 2020 iugules,
1206 1963 1264 2006 ob
1297 1963 1423 2006 cuius
1461 1961 1761 2005 defensionem
1801 1961 1858 2004 ab
1877 1976 1919 2012 25

394 2035 546 2079 eodem
585 2034 802 2077 traditum
853 2033 935 2076 tibi
985 2032 1183 2090 gladium
1222 2032 1441 2089 accepisti,
1519 2031 1630 2074 Rem
1668 2044 1859 2087 namque

395 2105 617 2163 publicam
659 2103 749 2146 frui
789 2103 885 2146 iure
923 2102 1081 2160 pupilli
1121 2101 1368 2159 percelebre
1407 2103 1488 2153 est,
1526 2103 1572 2144 et
1610 2114 1707 2144 eam
1753 2102 1861 2143 tunc

395 2175 574 2218 demum
614 2176 731 2216 recte
770 2172 1014 2229 procedere,
1042 2186 1143 2215 cum
1182 2174 1318 2229 caput
1356 2171 1451 2214 eius
1490 2184 1536 2213 se
1575 2169 1734 2213 inutile
1768 2183 1861 2213 esse

397 2307 419 2344 8
445 2305 656 2354 praescidet
673 2304 739 2342 SM
873 2313 916 2348 14
939 2301 1187 2350 solempnitas
1201 2302 1253 2340 C:
1279 2300 1500 2349 nollepnitau
1516 2300 1570 2337 A:
1597 2299 1804 2341 solennitas
1820 2299 1860 2336 M

444 2437 467 2472 4
496 2427 564 2462 Vbs·
578 2437 650 2463 non
667 2430 717 2462 ed
733 2428 828 2463 etc.:
855 2424 960 2461 Prov.
974 2423 1024 2460 xi.
1041 2433 1093 2468 ¹⁴·
1189 2434 1224 2469 4,
1238 2431 1256 2470 5
1276 2423 1355 2459 Rex
1364 2423 1540 2468 insipiens
1551 2422 1646 2458 ete:
1663 2420 1770 2458 Eooli
1779 2432 1813 2458 x.
1828 2430 1860 2468 3.

397 2474 422 2511 6
445 2484 577 2520 nuper:
602 2485 670 2519 per
685 2472 758 2510 val
789 2500 796 2509 .
929 2473 1192 2518 prudentium:
1219 2471 1393 2507 δυναστῶν
1409 2469 1482 2513 Gr„
1498 2470 1700 2515 potentium
1724 2467 1863 2516 Vulg.;

397 2521 444 2557 de
461 2521 532 2558 hac
546 2520 712 2557 lectione
727 2484 945 2574 vffiabatier
962 2520 1056 2555 Bibl.
1074 2521 1171 2555 Sacr.
1198 2519 1292 2554 Vm.
1314 2519 1436 2564 Antiq.
1455 2517 1502 2553 ad
1524 2516 1594 2553 loc.
1739 2517 1864 2553 Omnia

396 2574 601 2616 potentatus
625 2570 721 2604 etc.:
750 2566 854 2604 Eccln
886 2578 919 2602 x.
942 2576 1065 2612 11-13.
1239 2566 1281 2602 16
1307 2566 1435 2601 Plato:
1462 2564 1536 2600 Vbi
1562 2563 1668 2601 dicta
1691 2562 1863 2600 Platonis

399 2627 496 2662 quae
516 2617 725 2661 sequuntur
741 2614 876 2661 legerit
895 2614 1064 2655 Ioannes,
1080 2612 1202 2649 adbuc
1220 2611 1356 2649 nescio.
1406 2611 1569 2648 Exstant
1583 2610 1700 2648 etiam
1719 2610 1863 2657 (forsan

398 2666 554 2700 auctore
583 2662 735 2708 Nostro)
766 2673 826 2746 Ἢ).
860 2661 1001 2718 Butley
1034 2662 1077 2697 de
1115 2661 1206 2716 Vitis
1236 2665 1268 2696 et
1300 2660 1463 2695 Mor-ibus
1494 2659 1795 2713 Philosophorum
1828 2669 1865 2695 o.

401 2720 456 2794 ἕ.
469 2757 499 2794 δ’
528 2757 569 2793 b
594 2719 735 2794 mvi:
758 2710 817 2794 ol:
829 2720 935 2792 vta-»2
957 2709 1274 2810 lm'zbdlgonztg·
1290 2706 1865 2799 Lug-Oifgzss-mlggy·wggtg613

402 2809 506 2852 νόμον
529 2804 628 2850 θήσει
652 2805 739 2850 γυνά,
755 2806 957 2852 myron-u
971 2818 1039 2840 που
1054 2816 1127 2839 τοις
1142 2801 1309 2838 τοιούτοις
1330 2802 1438 2838 πᾶσιν
1453 2802 1498 2839 ὣς
1514 2802 1592 2838 οὔτε
1610 2800 1723 2838 αὐτοῖς
1737 2801 1788 2836 ἔτι
1805 2800 1865 2844 (ἣν

402 2853 539 2896 lucavo-
555 2853 658 2888 κ.τ.λ.
811 2860 855 2898 23
880 2851 1002 2887 Idem:
1028 2861 1077 2886 ιο.
1096 2850 1155 2893 (ut
1170 2848 1334 2894 videtur)
1354 2847 1475 2886 Plato.
1629 2848 1688 2895 26,
1706 2855 1751 2892 27
1775 2848 1864 2885 Rem

399 2910 553 2948 namque
564 2900 748 2945 puuscam
766 2901 858 2937 eta:
885 2910 917 2935 v.
935 2897 1026 2936 cod.
1045 2896 1178 2934 lustin.
1196 2895 1246 2933 xi.
1265 2906 1310 2943 30
1328 2894 1346 2943 ξ
1366 2906 1400 2943 3.

510 2964 578 3007 ⁸0⁸
