1994 3190
167 217 268 253 oAr.
283 205 334 267 x]
690 203 1126 251 POLICRATICVS
1651 205 1736 256 565
1755 205 1784 246 b

169 325 349 371 Cerberi
379 329 496 371 sunt.
568 326 798 370 Atrienses
827 340 1002 383 quoque
1033 325 1272 370 Cerbereos
1301 325 1540 371 sustinebis
1566 328 1634 369 to·

168 398 350 452 tamque
388 394 606 438 familiam
646 409 759 451 quae
807 409 981 451 semper
1019 398 1100 438 aut
1138 395 1312 439 mordet
1360 399 1441 439 aut
1488 395 1637 438 latrat.

170 464 334 508 Omnes
373 478 490 515 uero,
530 466 748 521 quotquot
785 467 902 514 sunt,
941 464 989 506 in
1028 478 1118 506 uno
1164 465 1354 508 medicos
1399 465 1638 508 audierunt
1655 471 1681 502 c

169 534 388 578 dicentes:
417 533 537 576 Dum
557 532 689 583 dolet,
707 533 879 590 accipe3
909 532 1073 576 facturi
1095 533 1241 583 etiam,
1260 534 1298 576 si
1325 534 1410 576 sibi
1430 533 1639 590 expedire

132 619 152 654 5
169 602 447 653 crediderint,
481 605 534 645 ut
572 601 720 645 doleat
759 602 876 659 quod
915 616 1073 645 sanum
1118 605 1197 645 est.
1269 602 1325 645 In
1359 617 1449 646 uno
1488 606 1639 646 tamen

169 672 390 730 piissimos
424 685 517 715 esse
550 671 793 722 miraberis,
825 671 943 728 quod
976 670 1176 728 querelas
1210 671 1401 714 libenter
1438 672 1640 722 audiunt,

170 740 328 784 fouent
342 739 628 783 humiliorum
648 755 802 784 causas
818 743 863 783 et
879 754 930 783 eo
942 754 1081 797 usque
1096 739 1435 797 patrocinantur
1454 740 1640 791 afflictis,

169 811 277 854 dum
297 809 565 854 exhauriant
584 809 748 854 loculos
768 809 1028 867 pleniorum.
1077 808 1195 852 Nam
1216 823 1491 866 quocumque
1511 809 1642 853 modo

170 894 303 924 causa
336 878 557 937 procedat,
587 879 670 923 hoc
701 893 874 936 semper
907 879 1059 936 agitur
1098 882 1150 922 ut
1188 878 1320 922 loculi
1359 878 1641 936 impleantur,

112 962 154 989 xo
170 948 254 992 etsi
283 947 475 992 auaritia
500 951 692 1004 nequeat
718 947 884 991 satiari.
945 947 1156 1004 Quisquis
1186 947 1234 989 in
1268 947 1456 990 istorum
1483 963 1642 992 manus

169 1017 387 1067 inciderit,
419 1016 457 1059 si
491 1016 695 1074 penitens
733 1017 973 1068 inuenitur,
1005 1016 1162 1074 opinor
1196 1016 1304 1060 haec
1338 1019 1561 1060 tormenta
1599 1016 1641 1060 ei

170 1086 375 1131 sufficere
394 1100 520 1144 posse
546 1086 604 1129 ad
630 1086 818 1130 ueniam.
879 1086 1029 1130 Nichil
1049 1086 1160 1129 adeo
1178 1100 1317 1144 graue
1337 1089 1405 1130 est
1425 1086 1542 1143 quod
1570 1086 1642 1131 hic

171 1155 343 1213 expiari
362 1170 452 1198 non
472 1155 623 1213 possit.
684 1155 803 1209 Quid
823 1156 941 1199 enim
961 1156 1164 1199 miserius
1185 1158 1253 1199 est
1280 1170 1413 1212 quam
1440 1156 1643 1213 superbis

172 1225 364 1269 assidere
394 1224 632 1276 liminibus,
662 1225 1134 1282 praetergredientium
1174 1226 1363 1269 tolerare
1398 1225 1567 1269 fastum
1597 1229 1643 1269 et

114 1307 154 1343 15
171 1294 570 1352 contemptibilium
589 1294 747 1338 calcari
763 1298 1020 1352 contemptu
1040 1294 1236 1352 perferre
1250 1295 1474 1339 molestias
1490 1310 1642 1339 excus-

172 1379 322 1410 sorum
342 1366 388 1408 et
412 1364 471 1407 ab
496 1363 692 1420 indignis
717 1364 900 1421 quaeuis
926 1365 1112 1423 indigna
1138 1364 1369 1422 perferre?
1427 1365 1641 1415 Socrates,
1659 1367 1689 1408 d

172 1448 273 1478 cum
293 1447 393 1476 eum
406 1431 656 1490 Alcipiades
676 1432 972 1491 interrogaret
992 1447 1128 1490 quare
1149 1433 1434 1491 Xantippem,
1454 1449 1638 1478 uxorem

124 1493 126 1496 ’
173 1501 411 1547 admodum
435 1515 652 1544 morosam
673 1501 913 1559 iurgiosam
941 1504 987 1545 et
1012 1517 1124 1559 quae
1145 1502 1223 1545 diu
1243 1506 1465 1560 noctuque
1485 1504 1639 1547 mulie-

174 1571 328 1615 bribus
346 1570 544 1614 scatebat
570 1570 794 1626 molestiis,
819 1571 950 1615 domo
976 1586 1065 1614 non
1092 1572 1302 1629 abigeret,
1323 1573 1496 1630 inquit:
1527 1572 1642 1618 Cum

115 1654 159 1680 πο
174 1641 310 1685 talem
338 1640 457 1684 domi
486 1639 719 1698 perpetior,
748 1640 948 1684 insuesco
978 1644 1024 1684 et
1062 1656 1267 1685 exerceor
1305 1645 1359 1686 ut
1396 1646 1643 1687 ceterorum

175 1723 348 1767 quoque
367 1707 477 1752 foris
496 1708 789 1766 petulantiam
805 1712 851 1753 et
870 1709 1080 1753 iniuriam
1101 1709 1276 1754 facilius
1297 1710 1452 1756 feram.
1489 1713 1641 1756 Veteri

173 1778 421 1824 celebratur
445 1778 679 1835 prouerbio
706 1778 811 1836 quia
837 1793 1004 1823 uacuae
1031 1794 1189 1823 manus
1219 1781 1455 1824 temeraria
1484 1782 1643 1839 petitio

175 1850 269 1900 est3
312 1850 358 1891 et
387 1846 585 1904 profecto
614 1847 895 1905 importunus
923 1851 1126 1906 precator
1156 1852 1224 1892 est
1259 1850 1336 1906 qui
1369 1850 1539 1894 dandas
1573 1865 1644 1895 res

145 1958 148 1962 ,
175 1916 234 1960 ad
267 1916 405 1960 uerba
437 1916 630 1961 confidit.
688 1917 934 1976 Vtrobique
966 1918 1084 1962 enim
1113 1918 1280 1963 scilicet
1308 1920 1428 1977 apud
1458 1921 1645 1965 curiales

115 2001 158 2037 ²5
176 1989 222 2030 et
250 1985 440 2030 medicos
467 1984 661 2030 obtinet:

349 2060 434 2104 Pro
462 2060 566 2104 solis
594 2061 743 2105 uerbis
771 2062 995 2106 montanis
1023 2062 1195 2106 utimur
1223 2062 1399 2115 herbis;

346 2132 427 2176 pro
455 2118 568 2163 caris
598 2120 729 2164 rebus
758 2121 998 2178 pigmentis
1028 2124 1074 2165 et
1103 2121 1342 2178 speciebus.

177 2221 220 2251 12
242 2217 325 2259 post
339 2211 469 2250 Nichil
486 2214 569 2249 aad.
587 2211 690 2249 enim
713 2212 754 2248 M
912 2221 953 2257 17
979 2211 1198 2259 alcypiades
1213 2213 1254 2250 M
1348 2214 1583 2260 xantyppem
1603 2212 1642 2248 M

177 2262 220 2298 18
238 2264 323 2306 post
332 2271 517 2296 morosam
533 2261 615 2296 add.
634 2261 674 2297 et
689 2259 723 2295 A
799 2311 801 2313 ι
865 2269 907 2307 25
935 2260 1087 2307 optinet
1100 2260 1167 2296 BA

223 2347 246 2383 4
270 2339 368 2374 Dum
383 2339 486 2382 dolet,
503 2319 642 2384 accipe:
666 2349 700 2372 v.
717 2347 832 2383 supra
847 2334 887 2372 ii.
905 2346 951 2382 29
970 2335 1056 2381 (476
1066 2336 1105 2377 ο)
1125 2338 1164 2373 et
1181 2337 1293 2372 notas
1308 2336 1357 2372 ad
1373 2335 1446 2372 loc.
1601 2345 1643 2383 13

179 2386 276 2431 Quid
291 2387 388 2421 em'm
405 2386 572 2421 miserius
587 2386 680 2421 etc.:
705 2383 753 2420 cf.
772 2382 1028 2430 Shakespeare
1044 2385 1193 2419 Hamlet
1209 2383 1264 2421 iii.
1285 2394 1314 2420 1.
1334 2392 1452 2428 70—74

362 2433 440 2468 For
460 2433 537 2468 who
561 2433 677 2468 would
701 2432 786 2467 bear
807 2432 864 2466 the
888 2432 1003 2477 whips
1025 2433 1102 2468 and
1126 2443 1249 2468 scorns
1271 2433 1317 2477 os
1334 2433 1431 2475 time,

366 2480 440 2515 The
462 2479 681 2525 oppressor's
703 2490 835 2524 wrong,
860 2479 918 2514 the
937 2480 1060 2525 proud
1083 2480 1200 2515 man’s
1223 2480 1431 2525 contumely‚

367 2574 445 2610 The
468 2574 643 2609 insolence
666 2575 711 2618 of
728 2575 824 2620 office
847 2575 923 2609 and
946 2575 1003 2609 the
1026 2585 1164 2620 spur-ns

369 2621 462 2656 That
479 2623 623 2666 patient
646 2622 750 2656 merit
772 2622 817 2667 of
834 2622 892 2656 the
915 2622 1107 2667 unworthy
1131 2622 1239 2663 takes,
1259 2623 1330 2657 etc.

179 2669 224 2706 16
248 2668 411 2704 Socrates
439 2668 529 2704 etc.:
554 2679 585 2703 v.
602 2666 700 2704 Gell.
719 2667 745 2702 i.
764 2676 803 2712 17
821 2667 862 2714 ἐξ
883 2678 960 2714 1-3.
1105 2679 1150 2705 22
1176 2680 1313 2704 uacuae
1337 2671 1432 2705 etc.:
1459 2666 1541 2703 Hoc
1566 2678 1648 2714 pro-

176 2714 348 2752 verbium
372 2713 466 2750 alibi
489 2725 566 2750 non
592 2713 753 2761 repperi.
871 2716 916 2752 26
941 2717 1013 2751 Pro
1027 2717 1116 2752 solis
1138 2715 1258 2751 uerbis
1282 2717 1377 2752 eto.:
1402 2714 1452 2751 Hi
1470 2713 1646 2750 versiculi

178 2764 334 2800 exstant
359 2760 401 2797 in
429 2760 653 2807 quibusdam
679 2763 880 2807 Reqiminis
906 2764 1088 2799 Sanitatis
1111 2773 1178 2799 seu
1209 2763 1357 2798 Scholae
1387 2764 1646 2798 Salernitanae

179 2808 412 2846 editionibus
430 2810 583 2854 (Collect.
598 2810 768 2845 Salernit.
786 2809 903 2855 Neap.
921 2811 1011 2857 1859
1023 2811 1112 2847 tom.
1123 2822 1155 2847 v.
1165 2822 1202 2856 p.
1218 2819 1304 2856 103;
1330 2809 1469 2846 Meaux
1480 2808 1646 2846 St-Marc

179 2847 332 2896 L’E'cole
347 2858 391 2892 de
406 2857 554 2892 Salerne
570 2855 653 2892 Par.
672 2857 763 2892 1880
778 2867 815 2902 p.
835 2856 934 2903 266).

1472 2927 1536 2965 3²⁷
