1994 3190
200 204 299 255 0111».
314 209 395 272 xv]
706 209 1143 255 POLICRATICVS
1674 219 1750 261 5⁷⁷
1767 210 1799 251 b

197 331 376 376 domum
405 346 495 376 non
525 322 618 375 esse
647 333 924 388 empturum;
953 333 1111 387 atque:
1141 330 1274 374 Adeo
1297 330 1460 374 falsum
1490 333 1570 382 est,
1594 330 1661 374 in-

197 401 306 458 quit,
335 400 454 458 quod
482 400 666 451 obicitis,
696 402 748 443 ut
776 413 932 442 uerum
963 399 1023 442 sit
1052 413 1123 442 me
1162 400 1395 456 pecuniam
1434 399 1661 456 accepisse,

196 471 234 514 si
260 470 440 514 domum
459 484 614 513 emero.
674 468 774 519 Sed,
793 483 892 512 cum
919 471 1073 525 postea
1097 469 1274 512 emisset
1300 472 1346 513 et
1369 470 1451 513 hoc
1480 469 1660 512 menda-

147 560 150 563 ·
195 539 312 584 cium
334 539 382 582 in
408 541 566 582 senatu
595 538 635 582 ei
665 538 723 581 ab
751 537 941 580 inimicis
970 537 1228 588 obiceretur,
1259 539 1358 582 risit
1387 539 1496 581 satis
1526 542 1660 595 atque

159 626 176 659 5
195 608 313 652 inter
341 608 599 652 ridendum:
638 606 960 664 hprudentes,
995 606 1154 663 inquit,
1184 607 1383 650 homines
1412 608 1529 658 estis,
1559 622 1660 651 cum

194 677 408 735 ignoratis
428 676 658 734 prudentis
678 678 724 719 et
742 675 863 719 cauti
889 674 1227 732 patrisfamilias
1247 690 1351 726 esse,
1373 676 1490 732 quod
1516 691 1659 719 emere

193 745 305 789 uelit
336 761 383 790 se
420 748 671 803 empturum
704 758 796 788 esse
826 758 989 801 negare
1020 746 1202 800 propter
1230 745 1538 801 competitores
1569 759 1659 788 em-

193 815 370 872 ptionis.
439 814 514 858 Sic
551 814 701 870 itaque
743 812 860 870 quod
904 812 1090 855 infitiari
1134 827 1223 855 non
1267 815 1454 870 poterat,
1488 813 1659 856 urbano

194 882 424 940 facetoque
444 883 577 926 diluit
597 882 727 934 dicto,
747 896 840 924 rem
860 881 1003 938 magis
1023 881 1205 938 dignam
1226 880 1392 924 faciens
1412 882 1505 924 risu
1525 883 1658 938 quam'

138 969 177 993 10
192 952 388 997 crimine.
431 951 666 995 Familiare
684 950 901 1007 siquidem
920 950 1114 993 habebat
1132 954 1196 1000 ut,
1215 950 1420 1007 quotiens
1438 950 1658 994 obiectum
1676 966 1702 997 c

192 1024 323 1079 turpe
342 1021 562 1079 abnegare
581 1034 670 1064 non
689 1022 847 1077 posset,
871 1019 1154 1076 responsione
1174 1019 1356 1062 ioculari
1377 1019 1489 1062 illud
1509 1019 1659 1063 elude-

192 1093 273 1134 ret.
350 1089 692 1148 Amplectendae
737 1088 974 1131 memoriae
1023 1091 1069 1132 et
1117 1088 1359 1131 imitandae
1408 1089 1661 1132 sanctitatis

193 1174 390 1203 summus
419 1159 622 1216 pontifex
652 1158 889 1215 Eugenius,
919 1172 1049 1214 quem
1079 1158 1246 1209 uidisti,
1276 1158 1450 1200 nullum
1480 1158 1661 1202 omnino

192 1243 354 1272 munus
374 1228 564 1272 hominis
593 1227 812 1285 litigantis
839 1226 1080 1284 recipiebat
1106 1230 1186 1270 aut
1212 1227 1283 1271 cui
1311 1227 1435 1270 litem
1461 1227 1660 1271 crederet

136 1313 175 1349 ¹5
193 1297 435 1342 imminere.
472 1296 610 1347 Vnde,
625 1310 725 1340 cum
745 1296 793 1338 in
808 1295 1006 1338 aduentu
1025 1310 1106 1338 suo
1120 1296 1243 1353 prior
1261 1296 1442 1353 quidam
1462 1296 1658 1340 modicae

192 1366 432 1417 facultatis,
451 1366 576 1410 cuius
604 1379 781 1409 causam
809 1364 1006 1407 nondum
1034 1364 1249 1415 audierat,
1269 1365 1310 1407 ei
1337 1380 1530 1408 marcam
1558 1366 1658 1408 auri

192 1435 424 1479 deuotione
440 1434 582 1478 multa
601 1434 822 1478 instanter
835 1434 1035 1477 offerret:
1066 1434 1290 1487 Nondum,
1306 1434 1465 1491 inquit,
1477 1434 1658 1478 domum

192 1505 415 1562 ingressus
445 1519 503 1556 es,
537 1506 583 1547 et
616 1504 705 1546 iam
739 1503 809 1546 uis
843 1517 1123 1560 corrumpere
1162 1503 1423 1548 dominum?
1495 1503 1656 1548 Corru-

192 1575 388 1632 ptionem
414 1588 604 1630 namque
630 1573 702 1616 uir
725 1575 904 1616 sanctus
933 1573 1123 1616 credidit
1150 1573 1360 1630 quiequid
1390 1574 1658 1617 offerebatur

133 1659 177 1686 σο
193 1643 328 1687 11111181
366 1643 445 1687 lite
483 1643 714 1701 pendente.
792 1642 1045 1685 Bernardus
1095 1657 1269 1700 quoque
1317 1641 1658 1687 Clareuallensis

243 1738 257 1764 1
285 1729 384 1765 Adeo
401 1729 546 1772 falsum
567 1729 660 1764 etc.:
692 1728 789 1769 adeo,
811 1727 941 1773 inquit,
966 1737 1096 1761 nerum
1119 1727 1168 1761 sit
1191 1727 1364 1771 accepisse
1390 1737 1444 1761 me
1461 1728 1658 1771 pecuniam

192 1774 289 1812 Gell.
384 1783 402 1822 5
428 1776 699 1822 Imprudentes:
724 1774 951 1818 ἀκουονόητοι
969 1772 1067 1810 Gell.
1171 1774 1192 1810 8
1217 1775 1311 1820 quod
1328 1775 1486 1817 infitiari
1502 1775 1595 1811 etc:
1623 1786 1656 1811 v.

191 1821 287 1860 Gell.
305 1821 371 1860 xii.
391 1832 434 1859 12
492 1832 523 1859 1.
645 1831 686 1858 12
711 1822 989 1866 Amplectendae
1006 1822 1078 1856 etc.
1095 1833 1104 1856 τ
1129 1819 1229 1864 Quae
1246 1823 1455 1866 sequuntur
1471 1833 1588 1867 usque
1606 1822 1656 1858 ad

189 1871 313 1906 scribit
330 1869 413 1916 (577
425 1878 454 1905 1)
485 1869 581 1906 citat
593 1868 702 1906 Pauli
715 1870 766 1905 Μ.
784 1870 826 1905 G.
839 1870 888 1905 H.
903 1867 966 1904 SS.
981 1867 1095 1906 xxvii.
1111 1880 1143 1914 p.
1160 1869 1218 1912 46.
1306 1878 1347 1913 13
1365 1867 1573 1913 Euyeniusz'
1599 1869 1655 1906 De

189 1916 353 1964 Eugenii
363 1916 420 1953 111
430 1915 793 1964 incorruptibilitate
805 1915 1038 1952 efiBernaxd.
1048 1917 1091 1951 de
1104 1917 1397 1952 Consideratione
1407 1915 1461 1952 iii.
1474 1927 1494 1962 3
1507 1916 1655 1962 (Migne

188 1966 230 2001 P.
243 1966 287 2002 L.
297 1963 539 2010 clxxxii,.764.
554 1964 654 2010 765).
725 1965 856 2000 nidisti
871 1975 879 1999 :
906 1974 955 1999 sc.
968 1962 1131 1999 Thomas
1143 1962 1399 1999 cancellariae.
1443 1963 1556 1999 Illum
1569 1975 1656 2000 cum

188 2011 405 2049 Theobaldo
415 2011 543 2048 archie
570 2011 698 2058 iscopo
708 2010 967 2048 Cantuariensi
979 2010 1020 2046 in
1031 2010 1192 2047 concilio
1206 2010 1394 2053 Remensi‚
1407 2011 1506 2056 quod
1517 2022 1550 2047 a.
1566 2013 1655 2056 1148

187 2058 325 2096 habuit
341 2058 533 2106 Eugenius
545 2024 618 2102 ln,
635 2058 851 2095 interfuisse
868 2060 1032 2095 testatur
1048 2058 1184 2095 Noster
1198 2058 1238 2094 in
1263 2060 1430 2094 Historia
1446 2060 1658 2103 Pontfficali

187 2117 218 2144 c.
236 2107 257 2143 8
277 2106 400 2152 (Pertz
416 2108 514 2144 Mon.
534 2107 654 2143 Germ.
668 2107 765 2142 ΗΜ.
784 2105 847 2142 88.
862 2118 924 2141 xx.
938 2106 1036 2152 522).
1079 2105 1135 2142 Cf.
1154 2107 1274 2141 Vitam
1290 2107 1325 2142 S.
1342 2107 1496 2142 rhomae
1511 2112 1656 2143 auctore

193 2155 461 2199 Willelmofilio
475 2155 534 2190 Ste
560 2155 651 2190 ham·
666 2154 739 2210 (ed.
756 2153 967 2190 Robertson
983 2155 1083 2189 Rolls
1097 2155 1214 2190 Series
1228 2155 1273 2198 67
1292 2165 1322 2190 c.
1340 2165 1379 2199 p.
1396 2155 1454 2199 16)
1471 2155 1656 2190 Intellecta

186 2203 565 2296 ΐῶῗιιῖἔίἶῖἕςὲἓῗὲω
573 2200 1656 2294 ἒῗῗέᾦῖἶῖἵῖὲόιὲἲὲῗέἒιῖἒεῑῖᾯ,ἵῖιὶᾞῗοῖιῖῗὲῖἓῗὲᾱ

176 2297 333 2342 favente,
345 2299 528 2342 sapienter
535 2308 571 2332 se
584 2308 717 2342 yerens,
731 2298 774 2332 in
783 2297 987 2342 plurimam
998 2307 1219 2332 summorum
1230 2298 1446 2341 pontificum
1463 2301 1495 2331 et
1510 2302 1654 2333 sanctae

187 2345 348 2380 ecelesiae
363 2345 547 2380 Romanae
559 2346 718 2390 qratiam
735 2348 894 2389 receptus
910 2349 970 2380 est.
1018 2343 1078 2379 Ad
1094 2342 1213 2380 talem
1230 2343 1447 2380 missionem
1465 2343 1651 2389 respicere

186 2390 336 2428 videtur
361 2389 557 2427 Gervasius
581 2389 866 2428 Oantuariensis
892 2391 1008 2436 (Rolls
1031 2392 1147 2427 Series
1173 2401 1216 2436 73
1228 2402 1262 2427 a.
1287 2403 1323 2436 p.
1353 2392 1434 2437 150)
1460 2392 1566 2436 Papa
1588 2418 1596 2426 .
1614 2420 1623 2428 .
1642 2419 1652 2428 .

190 2439 452 2475 Cantuariensi
478 2439 716 2485 prohibuerat
751 2439 1016 2484 archiepiscopo
1049 2437 1298 2484 (Theobaldo)
1330 2451 1374 2474 ne
1397 2439 1527 2484 filium
1558 2441 1654 2484 reyis

189 2484 408 2532 (Stephani)
425 2513 434 2523 .
453 2513 462 2522 .
481 2512 490 2521 .
507 2487 549 2522 in
564 2497 680 2532 reyem
694 2487 912 2522 sublimaret.
960 2487 1040 2522 Hoc
1056 2491 1175 2522 autem
1189 2488 1335 2531 factum
1352 2491 1400 2522 est
1416 2487 1653 2522 subtilissima

180 2535 419 2580 prouidentia
444 2538 477 2569 et
494 2534 756 2580 perquisitione
781 2534 971 2569 cuiusdam
1002 2534 1157 2569 Thomae
1182 2534 1303 2569 clerici
1334 2536 1482 2570 natione
1514 2535 1651 2570 Londi-

187 2582 324 2618 nensis.
489 2591 537 2617 20
559 2582 792 2616 Bernardus:
816 2580 1031 2617 Bernardus
1054 2581 1157 2627 apud
1182 2579 1355 2617 Redonas
1379 2580 1421 2616 in
1451 2580 1654 2617 Britannia

187 2627 334 2664 minore
363 2629 475 2665 natus
498 2627 582 2664 ideo
610 2639 657 2664 ue
682 2627 914 2664 Redonensis
944 2627 1067 2664 dictus
1094 2627 1135 2663 in
1161 2627 1341 2664 coenobio
1370 2628 1652 2674 Clarevallensi,

188 2675 295 2711 cuius
312 2674 426 2711 abbas
442 2677 524 2712 erat
541 2674 575 2710 S.
625 2675 815 2719 eruardus,
826 2674 944 2711 vitam
960 2675 1211 2711 monasticam
1227 2675 1401 2721 suscepit.
1450 2675 1586 2712 Postea
1601 2676 1650 2712 ab

188 2721 360 2769 Eugenio
380 2722 450 2768 ΙΙΙ,
467 2722 550 2768 ipso
572 2721 811 2759 cisterciensi
831 2724 870 2759 et
890 2722 926 2759 S.
951 2722 1136 2758 Bernardi
1158 2722 1356 2769 discipulo,
1375 2723 1424 2758 ad
1446 2723 1650 2759 cardinalis

186 2769 417 2817 dignitatem
435 2781 468 2806 a.
483 2780 520 2806 11
527 2778 573 2852 ἓ)
590 2769 638 2815 (v.
659 2768 716 2806 De
741 2769 824 2806 Mas
848 2769 975 2806 Latris
1004 2771 1134 2806 Tresor
1155 2771 1198 2806 de
1226 2771 1460 2815 Chronoloyie
1484 2782 1520 2816 p.
1543 2772 1648 2816 1186)

187 2819 386 2864 provectus
414 2819 482 2854 est.
563 2816 708 2853 iusdem
732 2815 896 2863 Eugenii
919 2816 1034 2853 bullis
1061 2816 1171 2854 testis
1199 2816 1419 2863 subscripsit
1443 2828 1466 2853 a
1491 2827 1532 2862 31
1561 2817 1650 2855 Dec.

189 2873 279 2912 1152
312 2864 361 2902 ad
396 2874 440 2902 10
469 2864 560 2911 Apr.
595 2872 683 2911 1152
718 2863 766 2910 (v.
799 2864 899 2901 Jaffe
930 2865 1014 2910 Rey.
1047 2865 1184 2911 Pontis.
1217 2865 1275 2901 ed.
1311 2865 1400 2902 1886
1432 2863 1473 2902 ii.
1507 2876 1544 2910 p.
1574 2865 1648 2911 20).

1475 2927 1540 2964 347
