1994 3190
157 161 254 194 oar.
270 147 422 208 xxvn]
671 146 1110 192 POLICRATICVS
1638 147 1726 198 464
1745 146 1776 187 d

155 267 260 312 licet
278 267 402 310 nulla
421 266 482 309 sit
500 265 712 309 correctio
741 280 906 323 prauae
926 265 1186 309 uoluntatis.
1247 266 1320 310 Sic
1341 266 1450 310 Saul
1470 267 1622 324 procul

155 337 290 380 dubio
323 337 551 393 peccatum
581 349 711 377 suum
751 335 976 391 imponere
1016 335 1180 377 nititur
1218 335 1414 379 humeris
1454 337 1623 387 alienis,

154 408 200 449 et
234 405 340 448 dum
372 403 553 447 simulat
587 403 706 460 quod
740 418 768 446 a
798 418 913 460 pena
946 403 1058 445 uelit
1097 418 1176 459 per
1214 418 1363 460 preces
1403 405 1623 449 Samuelis

153 474 300 525 eximi,
314 473 506 530 seipsum
518 472 702 530 grauius
721 475 954 515 oneratum
970 471 1230 514 fortioribus
1245 473 1414 529 laqueis
1429 474 1622 518 inuoluit

114 563 134 598 5
155 546 200 588 et
226 541 503 599 irreparabili
531 541 754 584 sententia
776 541 1106 598 dampnationis
1126 541 1347 599 astringit.
1408 543 1623 600 Sequitur

153 612 293 656 enim:
343 611 402 654 Et
441 625 679 654 conuersus
710 613 778 658 est
809 610 989 653 Samuel
1023 614 1076 653 ut
1114 610 1268 653 abiret.
1347 611 1431 654 Ille
1471 616 1621 655 autem

152 680 446 739 apprehendit
484 680 786 723 summitatem
816 679 941 736 pallii
971 679 1078 730 eius,
1108 694 1220 736 quae
1250 679 1385 722 scissa
1415 684 1492 723 est.
1563 682 1623 724 Et

152 751 218 794 ait
248 750 304 793 ad
335 764 435 792 eum
466 749 668 792 Samuel:
698 748 841 792 Scidit
870 748 1088 791 Dominus
1118 763 1304 806 regnum
1335 749 1475 793 Israel
1515 765 1543 793 a
1577 754 1622 794 te
1640 750 1725 799 465
1742 761 1774 789 a

153 819 294 871 hodie,
329 822 374 862 et
412 818 600 862 tradidit
633 818 745 861 illud
784 818 988 875 proximo
1027 820 1106 860 tuo
1141 818 1310 861 meliori
1350 822 1407 862 te.
1488 819 1624 863 Porro

94 905 137 932 xo
153 889 454 946 triumphator
482 888 529 930 in
559 887 699 931 Israel
729 902 818 930 11011
848 889 1010 944 parcet,
1041 889 1086 930 et
1115 887 1375 944 penitudine
1406 903 1495 931 non
1525 890 1623 933 flec-

152 961 298 1011 tetur;
328 973 470 1015 neque
490 957 607 1001 enim
633 957 764 1000 homo
785 960 864 1008 est,
884 960 936 1000 ut
963 959 1068 1014 agat
1094 957 1398 1014 penitentiam.
1458 958 1522 1000 At
1548 959 1623 1002 ille

152 1028 241 1072 ait:
267 1027 449 1071 Peccaui
468 1045 478 1079 ;
509 1027 585 1070 sed
609 1041 727 1070 1111110
747 1027 916 1070 honora
935 1041 1006 1069 me
1025 1040 1173 1069 coram
1200 1027 1447 1070 senioribus
1468 1028 1622 1085 populi

151 1097 238 1140 mei
266 1099 312 1140 et
337 1111 483 1140 coram
511 1096 663 1147 Israel,
683 1099 728 1139 et
748 1098 970 1139 reuertere
990 1109 1174 1147 mecum,
1194 1099 1246 1138 ut
1266 1096 1443 1139 adorem
1470 1097 1621 1140 Domi-

152 1181 260 1209 num
310 1166 455 1209 Deum
504 1168 644 1209 tuum.
722 1165 830 1208 Ecce
881 1167 1050 1222 quanta
1099 1164 1303 1208 elationis
1352 1165 1527 1209 insania
1575 1181 1622 1210 se

94 1251 134 1286 15
154 1235 371 1278 deiectum
393 1235 519 1278 audit
539 1250 566 1278 a
586 1234 789 1285 Domino,
809 1237 855 1277 et
882 1238 1031 1277 tamen
1053 1234 1178 1291 quasi
1199 1249 1250 1278 eo
1271 1235 1416 1278 inuito
1436 1250 1622 1293 regnare

151 1305 391 1349 contendit.
465 1305 668 1363 Regnum
703 1304 875 1347 meliori
910 1304 1127 1347 traditum
1164 1318 1257 1348 esse
1296 1319 1386 1348 non
1420 1306 1622 1363 ambigit,

152 1377 198 1418 et
231 1374 435 1432 priuatus
466 1389 546 1432 per
577 1374 844 1418 sententiam
876 1374 1242 1417 irretractabilem
1275 1375 1401 1432 regni
1432 1375 1621 1432 gloriam

151 1442 458 1487 fraudulenter
496 1446 696 1502 usurpat.
773 1443 954 1488 Corruit
1001 1444 1152 1501 itaque
1198 1444 1305 1487 dum
1346 1445 1393 1487 in
1427 1445 1621 1488 uetitum

151 1512 335 1556 molitur
379 1513 623 1564 ascendere,
662 1516 708 1557 et
755 1513 810 1556 fit
856 1513 1001 1570 seipso
1049 1513 1252 1564 deterior,
1292 1514 1399 1557 dum
1448 1515 1621 1558 meliori

93 1603 137 1628 πο
152 1582 418 1626 reclamante
424 1583 615 1627 Domino
627 1583 727 1626 uult
742 1582 969 1640 praeferri.
1011 1583 1198 1626 Fatetur
1213 1584 1416 1641 equidem
1431 1585 1620 1642 culpam,

152 1651 229 1694 sed
263 1666 421 1709 penam
456 1655 634 1710 portare
668 1652 963 1710 dedignatur;
1007 1652 1088 1695 hoc
1129 1655 1197 1695 est
1236 1653 1353 1696 enim
1385 1654 1501 1711 quod
1532 1655 1620 1697 ait:

152 1719 357 1774 Peccaui3
387 1721 463 1765 sed
489 1736 607 1765 nunc
634 1721 802 1765 honora
829 1736 910 1765 me.
970 1722 1034 1765 Ac
1055 1722 1092 1764 si
1113 1722 1256 1766 dicat:
1286 1722 1401 1766 Cum
1421 1724 1619 1767 criminis
1638 1724 1668 1763 b

150 1790 281 1848 culpa
315 1790 518 1834 elationis
554 1791 676 1834 fastu
708 1791 876 1835 tiranni
911 1791 1113 1848 nequitia
1142 1792 1258 1835 iuste
1293 1793 1488 1836 deiectus
1518 1809 1619 1837 con-

152 1860 321 1917 tempni
360 1861 608 1912 meruerim,
639 1876 710 1904 me
750 1861 968 1918 patientia
1003 1865 1083 1904 tua
1116 1861 1163 1904 in
1195 1867 1432 1920 conspectu
1467 1878 1620 1907 eorum

93 1949 134 1984 ²⁵
153 1929 229 1986 qui
275 1944 364 1973 non
410 1932 633 1974 nonerunt
671 1931 903 1974 consilium
953 1930 1133 1974 Domini
1181 1931 1319 1975 faciat
1365 1932 1620 1990 gloriosum.

152 1997 390 2042 Reuertere
410 2014 515 2057 ergo
534 2014 717 2051 mecum,
737 2004 789 2043 ut
815 2003 895 2043 tuo
915 2000 1115 2044 incedam
1137 2000 1378 2058 fastigatus
1398 2002 1620 2059 obsequio,

151 2070 197 2111 et
225 2070 354 2112 tanto
383 2069 576 2127 stipatus
604 2070 830 2121 comitatu,
866 2073 996 2113 tanta
1034 2071 1302 2114 uenerabilis
1340 2073 1619 2124 auctoritate,

149 2137 327 2181 adorem
358 2138 598 2182 Dominum
634 2139 778 2182 Deum
813 2143 954 2190 tuum,
986 2154 1116 2196 quem
1148 2155 1295 2183 meum
1326 2141 1469 2184 dicere
1499 2142 1620 2185 ultra

150 2221 239 2250 non
263 2207 415 2258 audeo,
435 2208 511 2265 qui
539 2209 596 2251 ab
625 2223 676 2252 eo
705 2223 785 2266 per
813 2208 1159 2252 inobedientiam
1189 2209 1366 2253 discessi
1398 2214 1444 2254 et
1473 2211 1619 2255 adhuc

91 2296 134 2330 30
151 2289 230 2333 per
277 2278 596 2321 contumaciam
645 2278 810 2322 recedo.
898 2279 1023 2322 Adeo
1075 2279 1292 2336 siquidem
1342 2280 1619 2324 intumuerat

151 2345 334 2402 spiritus
374 2346 479 2398 eius,
517 2350 570 2390 ut
609 2362 654 2390 se
692 2362 782 2390 non
822 2348 952 2391 modo
992 2347 1161 2391 homini
1201 2349 1277 2392 sed
1318 2352 1363 2392 et
1402 2349 1487 2406 ipsi
1523 2350 1619 2393 Deo

152 2413 343 2470 seipsum
374 2415 694 2471 quodammodo
721 2417 924 2474 propriae
951 2417 1196 2474 impietatis
1222 2433 1335 2461 ausu
1361 2418 1618 2475 praeferret.

154 2482 296 2535 Quem
335 2483 451 2526 enim
491 2484 707 2529 Dominus
746 2487 1030 2543 praetulerat,
1062 2490 1230 2544 quanto
1275 2488 1432 2530 maiori
1472 2482 1619 2546 gratia

156 2602 172 2629 1
202 2592 309 2628 nulla
324 2592 417 2630 licet
434 2593 462 2630 C
603 2605 625 2639 4
648 2594 875 2631 honeratam
894 2594 918 2631 S
1065 2605 1082 2642 5
1108 2595 1365 2632 damnationis
1382 2596 1437 2633 CS
1572 2607 1617 2644 23

155 2639 348 2676 contemni
366 2639 390 2676 S
531 2643 578 2678 26
601 2641 820 2689 fastigiatus
837 2642 892 2678 Μ’Ζ
1037 2646 1081 2680 28
1107 2643 1207 2680 ultra
1224 2644 1350 2680 dicere
1366 2644 1399 2679 A

201 2733 224 2768 6
248 2733 299 2767 Et
315 2743 506 2769 conuersus
522 2735 618 2771 etc.:
649 2744 663 2771 1
687 2734 779 2782 Reg.
797 2746 855 2773 xv.
873 2744 1000 2782 27-30.
1173 2746 1217 2782 33
1245 2737 1378 2780 Quem:
1403 2748 1452 2774 sc.
1470 2736 1616 2782 David3

155 2791 186 2815 v.
211 2789 224 2815 1
246 2777 337 2826 Reg.
353 2779 456 2818 xviii.

1445 2865 1507 2898 149
