1994 3190
147 257 248 293 cAP.
264 244 346 305 xv]
666 245 1103 291 POLIORATICVS
1627 246 1707 296 576
1729 256 1759 285 a

77 403 83 410 .
148 367 350 424 precibus
378 367 732 411 calamitosorum
762 365 1015 410 illacrimari
1045 368 1243 423 oportet3
1287 365 1334 408 id
1369 365 1487 408 enim
1522 379 1612 408 non

148 439 216 480 est
244 436 488 480 constantis
517 439 562 480 et
601 435 709 479 recti
743 435 912 486 iudicis,
937 435 1062 478 cuius
1091 438 1260 477 motum
1290 435 1428 476 animi
1458 434 1613 477 uultus

148 506 330 564 detegit.
402 505 520 558 Quid
564 505 681 548 enim
724 505 771 547 in
813 504 912 547 uiro
949 504 1078 561 graui
1118 503 1361 546 deformius
1401 518 1534 560 quam
1574 503 1611 546 si

78 598 81 603 ·
149 575 206 618 ad
226 589 380 618 auram
399 589 538 632 genae
561 574 740 631 pallent,
759 573 874 617 cutis
894 573 942 615 in
969 587 1103 630 rugas
1129 572 1420 622 contrahitur,
1445 572 1611 615 scintil-
1629 576 1658 614 b

110 659 129 692 5
149 643 246 687 lant
275 643 402 696 oculi,
430 644 672 687 turbantur
700 643 877 695 uultus3
916 645 997 685 aut
1026 642 1063 685 si
1094 641 1356 698 sanguinem
1386 641 1516 684 faciei
1546 642 1614 684 ira

149 712 349 756 accendit
387 715 434 755 et
471 712 598 770 quasi
636 712 833 755 excludit
873 712 921 754 in
959 710 1200 768 superficie,
1229 710 1485 767 spumantia
1523 713 1612 753 tor-

149 784 343 838 quentur
389 781 525 832 labra,
564 781 745 824 brachia
793 781 1027 830 iactantur,
1067 779 1235 822 saliunt
1273 779 1416 836 pedes,
1456 794 1614 836 corpus

148 850 346 907 trepidat
382 852 428 894 et
466 853 562 893 toto
595 854 724 908 gestu
763 865 852 894 non
890 852 983 893 tam
1023 849 1189 892 iratum
1229 849 1442 906 exprimit
1481 863 1613 906 quam

150 919 368 963 insanum.
428 918 572 972 Certe,
593 935 694 964 cum
714 920 826 963 tales
849 919 990 970 uideo,
1010 918 1254 976 compatior
1280 918 1369 962 illis
1392 919 1614 975 michique

91 1002 134 1026 ιο
151 991 301 1032 metuo
339 1003 506 1033 memor
544 990 772 1033 hominum
812 1003 920 1046 quos
959 988 1007 1031 in
1046 988 1212 1032 Affrica
1261 1003 1354 1048 esse
1403 988 1451 1030 in
1500 988 1614 1030 libro

151 1057 383 1101 Naturalis
412 1058 637 1102 Historiae
666 1058 785 1116 apud
816 1058 1008 1101 Plinium
1040 1057 1186 1100 didici.
1246 1057 1470 1100 Dicuntur
1496 1058 1614 1100 enim

150 1127 404 1172 effascinare
424 1143 530 1172 uoce
550 1131 596 1172 et
614 1128 768 1186 lingua
786 1131 849 1179 ut,
868 1128 906 1171 si
927 1128 1169 1185 impensius
1190 1126 1306 1170 forte
1332 1127 1616 1170 laudauerint

150 1197 358 1254 pulchras
378 1198 566 1249 arbores,
586 1201 756 1256 segetes
779 1191 1034 1248 ameniores,
1054 1198 1231 1241 letiores
1251 1197 1458 1248 infantes,
1482 1211 1617 1254 equos

152 1266 362 1324 egregios,
377 1267 565 1324 pecudes
584 1269 716 1324 pastu
736 1269 782 1309 et
801 1266 925 1310 cultu
945 1267 1147 1324 optimas,
1167 1270 1347 1324 repente
1368 1266 1618 1309 moriantur

93 1350 132 1384 15
153 1338 234 1378 aut
270 1339 464 1393 pereant.
537 1336 786 1380 Fascinatio
825 1351 999 1393 quoque
1037 1337 1263 1380 oculorum
1303 1336 1498 1380 exitialis
1538 1339 1615 1379 est.

154 1403 310 1448 Refert
358 1405 474 1449 idem
525 1421 617 1449 esse
665 1405 864 1449 homines
908 1405 955 1448 in
1000 1406 1189 1457 Illiricis,
1229 1407 1306 1464 qui
1356 1406 1618 1449 interimant
1634 1417 1660 1447 c

152 1473 345 1518 uidendo
382 1489 491 1532 quos
529 1475 699 1518 diutius
739 1475 843 1518 irati
879 1476 1087 1527 uiderint,
1122 1491 1281 1533 eosque
1316 1476 1434 1534 ipsos
1474 1491 1618 1519 mares

152 1541 427 1601 feminasque
461 1544 537 1602 qui
576 1544 678 1587 uisu
716 1547 923 1588 nocentes
963 1549 1079 1595 sunt,
1110 1546 1303 1602 pupillas
1342 1546 1390 1588 in
1429 1546 1619 1603 singulis

155 1611 295 1655 oculis
343 1612 520 1658 habere,
551 1613 690 1656 binas.
769 1613 1056 1670 Apollonides
1101 1629 1275 1671 quoque
1323 1614 1528 1672 perhibet
1571 1615 1619 1656 in

93 1698 137 1723 ao
155 1680 271 1724 Sitia
299 1682 419 1725 nasci
456 1681 644 1728 feminas
673 1696 786 1739 quae
822 1683 998 1726 Bithiae
1034 1687 1262 1736 uocantur,
1293 1687 1339 1727 et
1367 1684 1540 1727 easdem
1572 1684 1618 1726 in

155 1750 292 1794 oculis
331 1751 458 1794 binas
495 1751 657 1795 habere
697 1752 890 1809 pupillas
937 1756 982 1796 et
1020 1754 1234 1810 perimere
1269 1754 1307 1796 si
1348 1769 1478 1811 quem
1518 1754 1620 1796 uisu

154 1819 281 1864 forte·
294 1820 434 1864 iratae
453 1821 719 1878 aspexerint.
780 1822 946 1865 Vereor
966 1838 1021 1866 ne
1041 1823 1112 1866 his
1131 1823 1308 1880 cognati
1335 1824 1426 1866 sint
1454 1823 1620 1866 iudices

154 1889 366 1935 iracundi.
443 1890 645 1934 Tradunt
683 1892 818 1935 etiam
868 1893 1164 1950 phisiognomi
1206 1908 1290 1944 eos,
1330 1893 1406 1950 qui
1453 1893 1620 1936 habent

154 1959 302 2003 oculos
329 1959 584 2012 maculosos,
613 1960 671 2003 ad
699 1962 944 2018 nequitiam
979 1962 1216 2019 proniores.
1276 1962 1400 2015 Quae
1430 1977 1536 2005 uero
1567 1962 1621 2005 de

95 2051 136 2085 25
156 2028 430 2086 praesidibus
458 2029 642 2087 aliisque
671 2031 890 2074 iudicibus
920 2031 1040 2074 dicta
1069 2035 1186 2082 sunt,
1215 2032 1379 2075 debent
1418 2035 1463 2075 et
1502 2032 1621 2089 apud

155 2098 445 2155 proconsules,
464 2113 574 2156 quos
602 2103 823 2144 nostrates
846 2101 1094 2159 uulgariter
1119 2101 1275 2145 dicunt
1303 2102 1499 2145 iustitias
1528 2116 1621 2144 esse

154 2170 364 2219 errantes,
397 2168 606 2227 optinere.
681 2170 740 2213 Et
779 2185 939 2214 nomen
979 2171 1157 2228 quidem
1197 2171 1369 2222 erroris,
1409 2171 1492 2214 etsi
1532 2185 1621 2213 non

154 2246 586 2301 &TW
612 2266 651 2292 11
680 2255 870 2302 hystoriae
887 2256 927 2292 M
1040 2267 1082 2293 12
1108 2256 1312 2294 effacinare
1330 2257 1364 2292 A
1475 2267 1516 2303 13
1542 2256 1620 2303 pul-

155 2314 236 2339 cras
252 2302 310 2338 AS
409 2313 452 2350 19
475 2302 567 2340 bina
583 2302 611 2340 C
668 2303 941 2351 Appollonides
958 2303 990 2338 B
1045 2304 1193 2350 peribet
1208 2304 1242 2340 A
1338 2305 1383 2341 26
1408 2315 1484 2341 esse
1501 2316 1569 2341 om.
1586 2304 1619 2339 A

167 2376 170 2380 '
206 2384 259 2418 10,
280 2384 318 2410 11
347 2375 388 2410 in
404 2375 494 2411 libro
510 2376 703 2411 Naturalis
717 2377 902 2411 Historiae
918 2377 1019 2421 apud
1037 2376 1221 2410 Plinium:
1247 2387 1277 2411 v.
1295 2374 1391 2411 Plin.
1408 2374 1469 2411 vii.
1488 2385 1509 2410 2
1566 2376 1619 2411 16.

158 2422 202 2457 16
227 2422 350 2466 Refert
365 2423 460 2458 idem
477 2423 570 2459 ctc.:
597 2434 629 2458 v.
642 2422 740 2458 Plin.
754 2423 824 2458 loc.
839 2421 903 2459 cit.
1028 2432 1070 2468 19
1095 2424 1330 2469 Apollonides
1347 2425 1442 2458 etc.:
1469 2434 1501 2457 v.
1551 2421 1620 2457 lin.

156 2467 230 2504 loc.
251 2467 315 2504 cit.
340 2467 358 2515 ξ
384 2477 438 2513 17.
628 2479 671 2514 23
702 2471 869 2506 Tradunt
894 2471 987 2506 etc.:
1017 2471 1065 2505 cf.
1091 2469 1279 2506 Abubecri
1304 2470 1411 2506 Rasis
1435 2471 1484 2505 ad
1508 2481 1624 2514 reyem

154 2517 362 2551 Mansorem
389 2518 433 2551 de
460 2528 498 2552 re
526 2518 707 2553 medicina
735 2516 774 2553 ii.
802 2518 847 2553 28
874 2517 915 2552 in
946 2516 1103 2553 Gerardi
1130 2516 1394 2554 Cremonensis
1419 2529 1513 2553 vers.
1540 2516 1624 2554 Lat.

156 2562 345 2607 (Foerster
366 2564 490 2610 Script.
511 2565 759 2610 Phyeioqnom.
779 2563 817 2600 ii.
831 2577 867 2610 p.
883 2565 965 2610 165)
983 2566 1145 2601 maculae
1167 2567 1300 2601 multae
1325 2566 1420 2601 circa
1439 2566 1626 2610 pupillam

155 2612 196 2645 in
216 2611 316 2646 oculo
332 2616 547 2656 apparentes
562 2613 700 2647 malum
716 2613 924 2657 siqnificant
940 2613 1127 2648 hominem.
1319 2614 1373 2655 26,
1393 2622 1438 2656 27
1464 2614 1626 2647 iustitias

155 2662 337 2693 errantes:
363 2657 410 2694 cf.
427 2657 528 2694 infra
545 2670 575 2695 c.
598 2660 640 2695 16
659 2659 745 2705 (580
754 2658 822 2703 A);
847 2658 989 2695 itinera
1005 2671 1132 2695 annua
1149 2670 1216 2706 per
1231 2659 1441 2696 universum
1460 2671 1624 2705 regnum

154 2703 319 2758 Angliae
347 2716 418 2751 per
441 2707 624 2742 statutum
651 2717 684 2742 a.
717 2707 806 2743 1166
835 2706 1026 2753 imperata
1053 2707 1221 2743 nondum
1251 2707 1376 2744 facere
1402 2706 1507 2743 soliti
1535 2710 1624 2742 sunt

155 2751 298 2788 iudices
310 2751 416 2798 regii.
458 2752 591 2798 ltaque
603 2753 706 2790 hunc
723 2753 848 2790 locum
866 2756 934 2790 aut
947 2754 994 2789 ad
1012 2753 1256 2790 vicecomites
1275 2754 1447 2800 (Anglice
1465 2754 1623 2798 sherrffs)

156 2801 224 2835 aut
251 2799 298 2835 ad
327 2799 472 2836 fiscales
501 2800 688 2854 respicere
717 2800 880 2837 coniecit
909 2800 1049 2837 Stubbs
1078 2801 1120 2837 in
1149 2801 1267 2847 praef.
1299 2801 1347 2837 ad
1382 2803 1488 2837 Gesta
1519 2803 1626 2846 Reqn's

155 2847 311 2928 Ηείινίοἰ
349 2846 644 2941 II)Bened1cto
685 2847 968 2895 Petriburgensi
1008 2848 1176 2895 ascripta
1217 2850 1332 2895 (Bous
1370 2850 1488 2885 Series
1526 2859 1574 2894 49
1589 2848 1624 2890 b,

156 2906 196 2941 p.
230 2905 309 2930 vm.
329 2906 365 2930 n.
387 2905 401 2931 1
424 2921 434 2931 .

213 2965 294 2983 wsns
834 2956 864 2983 Y
890 2957 919 2995 y
1450 2958 1514 2992 345
