1994 3190
215 140 301 189 480
322 149 348 180 c
695 137 956 182 IOANNIS
997 137 1510 182 SARESBERIENSIS
1645 136 1758 198 [ΗΒ.
1773 149 1838 182 111·

364 267 444 296 nec
476 252 589 295 rami
624 252 938 296 conualescunt
967 252 1114 296 radice
1148 253 1328 298 succisa.
1387 253 1613 296 Deficiunt
1641 253 1767 306 uitia,
1797 253 1836 296 si

365 328 499 371 elatio
523 327 755 384 iugulatur
767 341 777 380 ;
807 330 856 370 at
882 328 920 370 si
945 331 1139 371 stercora
1162 328 1300 371 radici
1325 331 1631 385 congerantur,
1651 328 1836 385 pingue-

366 399 496 439 scunt
535 396 648 439 rami
689 399 734 439 et
773 397 996 439 arentium
1041 397 1253 440 sterilitas
1294 397 1551 441 resiluescit.
1629 397 1679 440 Si
1719 396 1836 440 fonti

364 466 583 522 liquentia
603 465 911 523 superfundas,
926 466 1114 509 accessio
1134 467 1298 510 transit
1317 466 1365 508 in
1384 466 1576 519 riuulos3
1606 466 1644 509 si
1664 466 1837 510 camino

366 535 515 592 ignem
555 535 731 586 adicias,
771 535 819 578 in
858 535 981 592 lig-na
1026 535 1279 578 incendium
1318 536 1597 579 recrudescit.
1677 535 1751 579 Sic
1798 535 1836 578 si
1856 553 1878 588 5

366 604 554 664 uitiatae
593 608 781 648 naturae
820 604 1025 647 elationis
1065 604 1246 647 innatae
1285 605 1483 648 toxicum
1523 604 1689 654 foueas,
1728 604 1838 661 quin

365 674 525 717 uitalia
548 674 645 731 ipsa
665 673 945 717 mortiferum
962 673 1087 716 uirus
1102 674 1285 724 inficiat,
1297 688 1378 716 nec
1398 674 1435 716 si
1452 674 1656 725 uolueris,
1670 673 1838 731 poteris

367 743 594 801 impedire.
674 743 756 786 Est
794 743 912 786 enim
944 743 1149 786 omnibus
1186 757 1277 786 non
1316 745 1411 785 tam
1449 745 1664 799 cognatus
1703 757 1839 799 quam

323 813 352 853 d
369 814 551 856 innatus
581 828 706 856 amor
739 813 819 856 sui.
895 812 982 866 Qui
1019 813 1057 855 si
1097 812 1275 855 modum
1315 812 1562 862 excesserit,
1593 812 1742 870 uergit
1779 812 1839 855 ad

367 882 555 939 culpam.
615 882 771 925 Omnis
805 882 923 925 enim
958 882 1104 924 uirtus
1137 882 1229 924 suis
1258 882 1422 924 finibus
1453 881 1676 924 limitatur
1709 884 1755 924 et
1789 881 1838 924 in
1857 897 1900 922 10

367 952 498 995 modo
518 952 746 1004 consistit;
775 952 812 994 si
834 951 1083 1003 excesseris,
1104 951 1151 992 in
1172 951 1295 994 inuio
1316 966 1362 994 es
1387 954 1433 994 et
1455 965 1545 993 non
1573 951 1620 992 in
1640 951 1729 994 uia.
1787 950 1838 994 Si

367 1036 492 1064 amor
511 1021 583 1064 hic
603 1021 855 1071 inualuerit,
876 1035 1006 1063 nemo
1026 1023 1172 1077 speret
1193 1020 1247 1063 de
1267 1035 1385 1065 cura.
1445 1020 1590 1078 Lepra
1619 1020 1838 1077 siquidem

368 1094 436 1134 est
470 1090 757 1133 incurabilior
794 1089 915 1132 omni
954 1089 1088 1146 lepra.
1147 1089 1222 1132 An
1260 1090 1402 1133 nescis
1441 1090 1839 1147 concupiscentiam

368 1160 536 1217 lepram
567 1160 690 1202 esse?
749 1158 872 1202 Giezi
902 1159 1091 1202 consule.
1152 1159 1202 1202 Si
1234 1159 1463 1203 erubuerit
1489 1160 1689 1203 confiteri
1719 1159 1838 1216 quod

368 1230 517 1284 sentit,
538 1229 747 1272 conuince
768 1243 868 1271 eum
889 1228 1062 1271 macula
1082 1229 1288 1286 corporis.
1347 1229 1436 1272 Sed
1461 1229 1569 1286 quid
1597 1229 1694 1273 dico
1715 1229 1838 1273 Giezi
1858 1247 1900 1284 15

368 1298 696 1348 consulendum,
717 1312 768 1340 ac
797 1298 834 1340 si
860 1297 979 1340 solus
1005 1298 1098 1341 sit?
1158 1298 1322 1341 Orbem
1352 1299 1551 1350 conueni‚
1581 1299 1687 1356 quia
1715 1302 1839 1343 totus

369 1368 561 1412 infectus
582 1370 669 1420 est;
698 1367 915 1424 meipsum
935 1367 1173 1425 interroga,
1193 1368 1270 1425 qui
1298 1368 1558 1412 miserorum
1585 1383 1701 1412 unus
1729 1383 1841 1413 sum.

369 1437 501 1482 Certe
521 1436 874 1494 concupiscentia
894 1436 1054 1479 misera
1069 1440 1115 1479 et
1130 1437 1393 1481 miserabilis
1408 1437 1531 1495 lepra
1546 1441 1626 1482 est.
1684 1437 1840 1481 Nescis

370 1506 486 1550 forte
517 1507 624 1564 quid
654 1507 821 1559 dicam3
850 1506 1228 1563 concupiscentiae
1255 1509 1423 1564 pestem
1452 1507 1625 1551 nescius
1653 1507 1840 1550 infirmi-
1899 1539 1904 1544 .

370 1577 478 1619 tatis
499 1576 688 1633 ignoras,
697 1576 828 1618 homo
849 1590 939 1618 non
951 1575 1261 1632 concupiscens
1277 1578 1322 1619 et
1341 1575 1388 1618 in
1401 1590 1452 1619 eo
1465 1590 1600 1633 supra
1614 1577 1838 1620 hominem
1859 1595 1902 1620 πο

230 1653 304 1701 481
324 1663 354 1692 a
370 1646 640 1690 constitutus
653 1659 662 1698 ;
692 1645 769 1688 sed
798 1645 926 1688 testis
955 1660 1080 1688 meus
1110 1645 1157 1687 in
1187 1646 1280 1689 celo
1308 1645 1452 1688 fidelis
1480 1660 1651 1689 mecum
1681 1646 1840 1691 asserit

371 1716 476 1772 quia
500 1730 651 1758 omnes
670 1715 868 1772 corrupti
888 1718 1005 1766 sunt,
1026 1718 1071 1758 et
1101 1715 1450 1758 abhominabiles
1479 1714 1587 1759 facti
1613 1718 1730 1771 sunt,
1749 1731 1840 1760 non

370 1789 438 1828 est
459 1785 535 1841 qui
557 1784 694 1827 faciat
713 1785 891 1837 bonum,
910 1799 1001 1827 non
1031 1787 1098 1828 est
1128 1799 1268 1842 usque
1298 1784 1356 1827 ad
1386 1799 1538 1829 unum.
1596 1784 1669 1827 An
1697 1788 1749 1828 tu
1778 1785 1840 1830 sis

370 1854 456 1905 ille,
492 1858 542 1896 tu
575 1854 753 1897 uideris.
825 1853 926 1897 Scio
961 1854 1079 1897 enim
1120 1868 1210 1897 non
1245 1869 1339 1897 esse
1371 1855 1489 1898 hunc
1530 1854 1729 1907 Paulum,
1761 1855 1839 1912 qui

370 1923 503 1966 huius
542 1923 679 1980 pestis
719 1923 898 1966 incursu
937 1923 1100 1966 clamat
1143 1927 1189 1966 et
1228 1923 1499 1981 ingemiscit:
1550 1922 1718 1967 Infelix
1756 1938 1839 1982 ego
1859 1942 1901 1978 ²5

370 1993 513 2043 homo,
546 1993 645 2049 quis
680 2007 750 2035 me
782 1992 990 2035 liberabit
1021 1993 1076 2035 de
1115 2007 1294 2050 corpore
1312 1991 1482 2036 mortis
1516 1993 1679 2037 huius?
1738 1993 1839 2038 Scio

371 2062 489 2106 hunc
524 2077 613 2105 non
649 2077 741 2105 esse
774 2062 912 2113 illum,
945 2063 1021 2119 qui
1056 2062 1110 2106 de
1146 2066 1321 2120 pectore
1355 2062 1561 2106 ueritatis
1595 2063 1840 2120 sapientiae

370 2132 538 2175 fluenta
578 2131 779 2188 potauit;
823 2145 923 2174 cum
963 2132 1114 2174 orbem
1155 2131 1370 2175 infectum
1410 2132 1492 2175 hac
1532 2131 1630 2174 labe
1665 2132 1840 2176 intonet

370 2200 542 2244 dicens:
575 2200 885 2257 Quaecumque
916 2201 962 2243 in
993 2201 1074 2244 hoc
1105 2201 1271 2244 mundo
1297 2203 1415 2252 sunt,
1441 2200 1839 2258 concupiscentiam

371 2270 596 2313 oculorum
628 2284 721 2312 csse
751 2273 831 2312 aut
859 2270 1004 2312 carnis
1034 2274 1114 2313 aut
1143 2270 1394 2327 superbiam
1425 2270 1557 2314 uitae.
1618 2269 1705 2322 Qui
1734 2285 1839 2328 ergo
1858 2291 1900 2325 30

372 2339 490 2382 hunc
525 2353 718 2382 amorem
752 2353 840 2381 non
872 2341 1103 2396 temperat,
1133 2339 1291 2382 timeat
1320 2338 1499 2396 lepram,
1530 2341 1575 2381 et
1609 2339 1838 2383 cecitatem

370 2409 608 2458 oculorum,
649 2422 761 2465 quae
801 2422 857 2451 ex
896 2423 948 2451 ea
983 2408 1196 2459 imminet,
1228 2408 1521 2466 pertimescat.
1599 2408 1648 2452 Si
1688 2408 1840 2466 itaque

372 2523 393 2550 2
422 2512 540 2549 radici
557 2515 721 2550 stercora
737 2512 769 2548 A
885 2522 927 2557 14
952 2510 1067 2559 Gyezi
1086 2512 1119 2547 A
1234 2521 1274 2559 15
1301 2512 1412 2559 gyezi
1430 2512 1462 2547 A
1578 2522 1624 2549 22
1649 2512 1841 2552 abomina-

371 2560 466 2597 bile·
485 2560 514 2596 B

374 2622 664 2694 —4-7diummino
689 2651 783 2685 cta:
818 2646 865 2684 cf.
890 2658 1002 2694 supra
1028 2648 1155 2683 Polo'cr.
1181 2645 1207 2685 i.
1233 2647 1256 2684 6
1282 2646 1366 2694 (403
1394 2647 1448 2694 D).
1645 2658 1690 2686 10
1716 2650 1841 2686 Omm's

371 2700 466 2733 em'm
485 2700 578 2733 etc:
605 2696 651 2733 cf.
672 2695 772 2732 infru
789 2697 919 2731 Polior.
947 2694 990 2730 iv.
1017 2706 1039 2741 9
1057 2697 1136 2741 (53¹
1159 2701 1210 2738 ο).
1380 2706 1421 2740 14
1449 2697 1575 2733 Giezi:
1602 2708 1634 2733 v.
1652 2707 1674 2741 4
1697 2696 1787 2742 Reg.
1806 2708 1838 2734 v.

372 2755 416 2788 24
427 2756 530 2791 seqq.
674 2754 718 2780 22
743 2745 903 2789 corrupta·
920 2745 1015 2779 cte.:
1044 2742 1100 2778 Pa.
1122 2741 1199 2779 xiii.
1224 2752 1251 2778 1.
1392 2752 1434 2790 25
1462 2745 1601 2790 Infeliae
1613 2746 1705 2781 etc.:
1732 2743 1839 2781 Rom.

371 2791 433 2829 vii,
451 2802 507 2836 24.
651 2801 698 2838 29
724 2795 970 2838 Quaecumque
988 2791 1087 2828 οἵας
1119 2800 1132 2827 1
1157 2789 1285 2827 Iocum,
1306 2788 1345 2827 ii.
1366 2791 1420 2829 16.

483 2863 547 2908 17⁶
