1994 3190
176 212 276 246 off.
293 197 374 260 111]
700 195 1139 242 POLICRATICVS
1665 197 1742 248 516
1762 197 1792 236 d

175 318 413 369 confertur,
447 316 626 360 honoris
660 315 895 374 priuilegio
930 316 1163 359 antecedit.
1224 315 1360 359 Porro
1390 316 1444 359 de
1474 315 1646 359 ratione

175 388 296 438 iuris,
317 387 411 430 eius
431 388 498 430 est
517 385 633 429 nolle
652 385 778 429 cuius
798 388 866 428 est
885 384 1012 436 uelle,
1026 387 1072 427 et
1092 385 1186 427 eius
1207 387 1274 428 est
1295 384 1470 428 auferre
1491 384 1567 442 qui
1591 384 1647 428 de

174 457 270 500 iure
299 454 498 499 conferre
526 456 683 512 potest.
743 453 904 496 Nonne
934 452 1114 496 Samuel
1144 453 1191 495 in
1223 453 1402 496 Saulem
1431 468 1488 496 ex
1517 467 1650 497 causa

175 523 498 569 inobedientiae
533 522 821 580 depositionis
856 522 1122 566 sententiam
1153 522 1271 572 tulit,
1299 525 1345 564 et
1376 523 1415 566 ei
1446 523 1493 565 in
1523 522 1651 580 regni

138 614 158 648 5
177 594 344 652 apicem
369 592 582 636 humilem
611 591 754 635 filium
783 591 893 635 Ysai
923 591 1216 648 subrogauit?
1274 590 1323 633 Si
1355 605 1460 634 uero
1490 592 1651 635 consti-

177 666 304 708 tutus
342 662 546 720 princeps
585 663 838 718 susceptum
884 660 1181 704 ministerium
1223 660 1415 703 fideliter
1454 661 1652 717 gesserit,

177 735 331 777 tantus
346 732 487 775 honor
506 730 546 774 ei
562 730 837 774 exhibendus
853 732 920 773 est
943 733 988 773 et
1015 729 1264 772 reuerentia
1280 732 1419 779 tanta,
1436 733 1653 785 quantum

177 804 312 859 caput
346 799 551 844 omnibus
581 799 791 842 membris
824 799 1019 856 corporis
1049 798 1285 842 antecellit.
1346 798 1474 841 Gerit
1503 800 1654 841 autem

178 870 474 915 ministerium
494 869 696 921 fideliter,
715 883 816 912 cum
836 883 942 912 suae
962 868 1228 912 conditionis
1248 882 1417 911 memor
1436 867 1653 910 uniuersi·

123 959 164 984 ιο
179 933 289 985 tatis
313 939 610 983 subiectorum
636 952 683 982 se
709 938 942 996 personam
968 952 1120 996 gerere
1144 938 1412 987 recordatur,
1433 940 1479 980 et
1499 951 1544 979 se
1565 950 1654 979 non

181 1009 266 1054 sibi
305 1023 430 1053 suam
470 1008 612 1051 uitam
647 1007 724 1051 sed
759 1007 858 1050 aliis
893 1007 1051 1051 debere
1082 1006 1318 1065 cognoscit,
1353 1009 1398 1050 et
1434 1021 1530 1049 eam
1567 1005 1655 1047 illis

180 1079 387 1124 ordinata
425 1078 611 1122 caritate
650 1077 891 1122 distribuit.
952 1077 1114 1121 Totum
1155 1092 1260 1135 ergo
1299 1092 1346 1120 se
1386 1076 1480 1120 Deo
1513 1075 1655 1126 debet,
1674 1090 1741 1131 517
1764 1091 1793 1120 a

181 1148 422 1207 plurimum
457 1147 526 1191 sui
561 1146 745 1205 patriae,
778 1147 970 1190 multum
1005 1147 1266 1204 parentibus
1305 1149 1351 1190 et
1385 1145 1657 1203 propinquis,

184 1217 408 1262 extraneis
427 1216 672 1268 minimum,
691 1215 919 1260 nonnichil
940 1219 1101 1260 tamen.
1163 1215 1451 1274 Sapientibus
1478 1229 1582 1272 ergo
1613 1217 1659 1257 et

126 1304 167 1339 1⁵
184 1286 496 1344 insipientibus
510 1285 684 1329 debitor
699 1289 776 1337 est,
792 1286 965 1344 pusillis
980 1288 1026 1329 et
1037 1285 1289 1329 maioribus.
1340 1285 1463 1338 Quae
1480 1284 1658 1341 quidem

185 1355 399 1414 inspectio
418 1355 663 1399 communis
690 1358 758 1399 est
783 1355 981 1398 omnium
1006 1355 1318 1413 praelatorum,
1338 1358 1384 1398 et
1408 1369 1560 1398 eorum
1581 1353 1659 1411 qui

184 1424 484 1484 spiritualium
510 1439 661 1468 curam
688 1428 862 1483 gerunt,
883 1427 929 1468 et
949 1425 1025 1482 qui
1050 1425 1291 1468 secularem
1311 1424 1659 1468 iurisdictionem

186 1498 401 1540 exercent.
461 1494 590 1538 Vnde
619 1497 666 1539 et
696 1495 1027 1546 Melchisedech,
1041 1510 1171 1552 quem
1204 1495 1398 1553 primum
1429 1494 1663 1551 Scriptura

185 1579 334 1623 regem
361 1564 604 1608 introducit
629 1567 675 1608 et
701 1565 971 1609 sacerdotem
991 1564 1063 1624 (ut
1091 1565 1148 1608 ad
1179 1579 1386 1623 praesens
1412 1563 1661 1607 misterium

129 1653 171 1679 πο
187 1636 398 1685 taceatur,
419 1649 506 1691 quo
529 1635 802 1692 praefigurat
828 1634 1071 1687 Christum,
1092 1635 1167 1692 qui
1196 1635 1242 1678 in
1269 1634 1374 1678 celis
1402 1634 1496 1677 sine
1521 1636 1662 1676 matre

189 1706 234 1748 et
260 1704 307 1746 in
331 1703 463 1747 terris
489 1704 584 1747 sine
610 1707 738 1761 patre
765 1708 898 1748 natus
924 1705 1034 1763 est);
1064 1705 1150 1756 ille,
1170 1705 1364 1762 inquam,
1385 1718 1465 1747 nec
1488 1707 1662 1761 patrem

188 1788 268 1817 nec
299 1776 486 1816 matrem
519 1773 684 1831 legitur
714 1774 931 1825 habuisse,
966 1790 1055 1818 non
1091 1774 1210 1832 quod
1239 1778 1429 1831 utroque
1459 1772 1664 1825 caruerit,

190 1842 267 1886 sed
297 1842 402 1901 quia
435 1857 621 1901 regnum
653 1846 698 1887 et
735 1844 1030 1887 sacerdotium
1065 1844 1120 1887 de
1150 1844 1322 1887 ratione
1357 1857 1447 1886 non
1479 1842 1663 1899 pariunt

191 1926 293 1956 caro
308 1915 354 1956 et
368 1912 560 1970 sanguis,
575 1927 674 1956 cum
691 1914 737 1956 in
753 1913 971 1957 alterutro
986 1913 1174 1957 creando
1189 1916 1425 1971 parentum
1440 1914 1664 1969 respectus
1682 1917 1711 1955 b

135 1999 176 2036 οε
193 1981 306 2025 citra
331 1981 552 2025 uirtutum
578 1982 739 2026 merita
767 1983 1022 2040 praeualere
1046 1998 1135 2026 non
1166 1983 1336 2035 debeat,
1364 1982 1440 2025 sed
1469 1981 1666 2025 salubria

193 2050 488 2094 subiectorum
527 2051 724 2114 fidelium
763 2055 893 2106 uota3
938 2055 983 2096 et
1020 2067 1121 2096 cum
1161 2052 1421 2096 alterutrius
1459 2051 1666 2094 culminis

194 2119 360 2177 apicem
389 2120 574 2178 quisque
595 2122 907 2175 conscenderit,
922 2122 1123 2166 obliuisci
1144 2122 1276 2165 debet
1295 2122 1502 2165 affectum
1522 2120 1668 2164 carnis

195 2191 240 2232 et
267 2188 313 2231 id
339 2189 480 2232 solum
508 2205 637 2248 agere
663 2191 781 2248 quod
808 2192 1104 2235 subiectorum
1130 2192 1249 2236 salus
1279 2190 1487 2248 exposcit.
1549 2190 1665 2233 Sub·

194 2255 319 2300 iectis
339 2258 489 2316 itaque
508 2263 636 2317 pater
661 2260 721 2304 sit
748 2263 794 2304 et
822 2261 1011 2305 maritus
1038 2264 1129 2312 aut,
1150 2261 1188 2304 si
1207 2260 1471 2304 teneriorem
1492 2259 1670 2303 nouerit

137 2341 181 2375 30
196 2326 482 2381 affectionem,
511 2331 668 2372 utatur
691 2344 765 2383 ea3
792 2330 934 2373 amari
964 2331 1107 2389 magis
1135 2330 1315 2374 studeat
1341 2344 1474 2387 quam
1506 2329 1668 2382 timeri,

245 2449 278 2487 ei
296 2450 421 2488 honor
436 2451 477 2488 M
654 2455 675 2491 8
702 2455 891 2502 corporeis
909 2455 1000 2491 BAS
1181 2466 1204 2502 9
1230 2454 1395 2494 fideliter
1411 2454 1670 2492 ministerium

233 2496 292 2534 AS
461 2509 502 2546 13
528 2512 615 2538 suae
633 2500 674 2538 8¹
849 2514 892 2550 19
917 2502 1144 2550 mysterium
1162 2503 1202 2539 Μ
1380 2513 1426 2547 24
1449 2502 1669 2550 parentum]

200 2546 352 2590 patrum
369 2544 410 2580 M
555 2550 613 2593 26,
631 2558 675 2594 27
701 2550 850 2596 apicem
870 2550 1049 2588 culminis
1066 2551 1099 2586 A
1243 2559 1287 2597 27
1314 2550 1560 2588 contenderit
1582 2550 1621 2586 Μ

251 2669 272 2694 2
298 2660 375 2695 eius
390 2665 440 2714 ερτ
455 2663 548 2698 nolle
565 2665 663 2700 eta:
689 2675 722 2700 v.
745 2663 830 2711 Dig.
848 2665 872 2701 l.
892 2674 932 2710 17
953 2665 971 2712 ξ
993 2676 1024 2711 3.
1152 2676 1174 2712 3
1199 2667 1347 2703 Samuel
1362 2668 1458 2703 etc.:
1484 2678 1518 2702 v.
1537 2676 1550 2702 1
1573 2664 1668 2712 Reg.

202 2717 261 2762 gv.
279 2707 335 2749 28,
349 2718 425 2762 ‘xvi
595 2720 637 2754 14
660 2712 890 2757 Sapienta‘bus
907 2716 1002 2750 etc.:
1030 2712 1137 2749 Rom.
1160 2713 1184 2749 i.
1206 2724 1259 2758 14.
1429 2722 1481 2759 15,
1506 2714 1547 2749 16
1576 2715 1675 2757 Quae

202 2758 375 2799 mspectto
393 2758 445 2811 es(
457 2757 617 2792 omnium
627 2760 893 2803 praelator-um:
919 2759 944 2796 i.
959 2772 990 2797 e.
1009 2761 1068 2806 (ut
1084 2759 1247 2799 videtur)
1265 2762 1359 2806 quod
1374 2766 1531 2807 spectare
1547 2761 1675 2795 debent

203 2811 324 2857 omncs
348 2807 591 2858 maqwtratus.
636 2805 748 2852 Apud
773 2806 1064 2850 Quintilianum,
1088 2809 1179 2844 Inst.
1200 2810 1297 2844 Orat.
1321 2807 1361 2844 ii.
1383 2817 1423 2853 17
1452 2807 1470 2854 ξ
1497 2818 1553 2849 42,
1572 2807 1610 2843 ii.
1631 2808 1674 2844 18

203 2846 224 2896 ᾗ
245 2857 260 2884 1
279 2854 450 2894 inspectu)
466 2865 501 2879 =
519 2851 653 2898 θεωρία.
798 2855 839 2890 18
863 2855 1138 2892 Melchisedech:
1165 2867 1198 2892 v.
1217 2854 1309 2892 Gen.
1328 2854 1400 2892 xiv.
1424 2858 1476 2899 18,
1494 2855 1591 2891 Heb.
1610 2853 1671 2890 vii.

261 2918 343 2938 ω»
900 2925 918 2952 1
937 2912 952 2953 i
1498 2930 1557 2964 ,μ
