1994 3190
229 152 312 193 450
332 155 363 184 a
708 142 970 187 IOANNIS
1010 141 1524 190 SARESBERIENSIS
1679 141 1790 203 [ΜΒ.
1808 154 1848 187 11

379 265 603 320 aptentur,
623 277 712 306 non
738 263 778 306 ei
806 263 1041 320 quicquam
1072 278 1129 306 ex
1155 263 1237 306 hoc
1257 263 1459 306 subtrahi
1486 263 1559 306 uel
1583 263 1848 320 impendere,

380 333 458 375 sed
479 347 627 375 rerum
648 333 945 376 subiectarum
975 332 1264 383 mutabilitas,
1284 333 1322 375 si
1350 333 1457 389 quid
1477 333 1652 390 proprie
1673 333 1850 383 dicitur,

334 410 365 448 b
382 401 600 444 ueraciter
628 402 864 446 indicatur.
922 402 1035 446 Cum
1061 416 1166 458 ergo
1195 402 1341 458 ipsum
1369 402 1538 459 aliquid
1567 402 1850 460 praenouisse

381 470 598 522 audimus,
632 471 814 514 minime
847 471 1138 528 intelligimus
1180 472 1307 514 fluxu
1345 472 1555 528 temporis
1594 473 1688 515 eius
1722 486 1848 529 prae-

381 540 553 583 teriisse
592 541 834 591 scientiam,
874 541 952 584 sed
992 540 1045 596 (si
1085 540 1323 583 uerborum
1361 544 1568 584 naturam
1608 540 1852 598 sequimur)
1869 560 1888 593 5

381 610 667 666 praecessisse
705 613 892 667 tempus,
942 625 1029 666 quo
1075 610 1294 653 ueraciter
1337 611 1544 654 credatur
1592 612 1687 655 eius
1733 610 1852 668 quod

384 680 590 722 futurum
636 682 732 723 erat
776 678 982 722 habuisse
1025 679 1245 724 notitiam.
1324 677 1398 724 Sic
1446 682 1602 738 utique
1645 696 1747 724 eum
1795 680 1853 723 ab

385 752 537 791 eterno
566 751 735 791 certum
767 750 834 790 est
863 748 1012 791 omnia
1041 748 1298 804 prouidisse,
1333 761 1422 792 non
1457 750 1575 807 quod
1609 750 1728 793 uisui
1759 749 1854 792 eius

384 820 510 860 motu
560 832 640 860 suo
689 818 924 875 quicquam
973 817 1210 861 subtrahat
1257 820 1443 876 tempus,
1492 820 1569 862 sed
1622 820 1727 876 quia
1776 818 1854 875 qui

383 887 592 930 uniuerso
630 889 828 943 tempore
867 889 1030 928 natura
1068 886 1191 943 prior
1229 889 1308 938 est,
1349 900 1456 931 suus
1495 888 1644 931 omnia
1682 901 1856 944 semper
1875 905 1916 929 10

385 955 730 1012 comprehendat
774 958 989 1012 aspectus.
1068 955 1176 998 Eius
1228 970 1333 1014 ergo
1371 956 1653 1014 prouidentia
1691 956 1739 998 in
1785 955 1855 998 sui

386 1024 675 1081 dispositione
703 1038 793 1066 non
823 1023 1008 1074 fallitur,
1040 1024 1145 1081 quia
1174 1039 1271 1067 eam
1300 1039 1472 1082 semper
1505 1025 1682 1082 sequela
1711 1024 1857 1081 operis

386 1093 636 1137 comitatur.
695 1093 784 1136 Sed
814 1107 893 1136 nec
920 1092 1018 1135 falli
1042 1097 1200 1150 potest,
1227 1094 1332 1150 quia
1360 1108 1440 1137 nec
1469 1108 1526 1137 ex
1554 1094 1858 1136 mutabilitate

387 1177 536 1206 rerum
586 1176 665 1204 nec
714 1176 771 1204 ex
819 1161 1032 1218 temporis
1083 1161 1192 1220 fuga
1240 1165 1322 1206 aut
1368 1162 1661 1206 uersibilitate
1710 1164 1859 1219 potest

389 1231 559 1288 aliquid
590 1231 898 1274 absconditum
933 1246 1026 1274 esse
1057 1231 1115 1274 ab
1150 1231 1288 1275 oculis
1326 1232 1430 1275 eius.
1505 1232 1712 1275 Hominis
1750 1246 1858 1275 uero
1878 1247 1919 1282 15

388 1301 486 1344 falli
526 1303 684 1358 potest,
720 1302 767 1342 et
805 1299 980 1342 fallitur
1018 1301 1261 1358 dispositio,
1292 1304 1338 1344 et
1377 1316 1458 1353 res,
1487 1301 1614 1344 cuius
1653 1301 1772 1358 apud
1811 1314 1860 1343 se

390 1369 712 1427 praefigurauit
741 1370 942 1426 speciem,
972 1384 1178 1426 processu
1207 1370 1417 1428 temporis
1446 1373 1527 1413 aut
1555 1369 1735 1413 omnino
1769 1383 1860 1412 non

348 1453 372 1482 e
390 1439 551 1490 euenit,
590 1443 671 1482 aut
710 1439 757 1481 in
795 1439 885 1482 alia
930 1440 1073 1496 specie
1114 1440 1162 1482 in
1209 1440 1434 1497 publicum
1476 1440 1687 1497 procedit.
1765 1439 1810 1482 N
1813 1453 1861 1483 ec

390 1517 540 1552 tamen
584 1523 885 1566 quaecumque
928 1509 1158 1566 praeteriti
1207 1509 1332 1552 uerbi
1378 1509 1698 1567 significatione
1741 1509 1860 1552 clau-

390 1579 571 1629 duntur,
603 1579 734 1622 rebus
774 1583 881 1622 sunt
920 1579 1204 1637 aggreganda
1242 1579 1504 1636 praeteritis.
1578 1578 1672 1622 Nec
1712 1578 1750 1622 si
1789 1593 1860 1621 me
1881 1599 1924 1623 πο

391 1649 558 1692 uixisse
585 1650 796 1706 profitear
821 1649 1006 1692 florente
1038 1649 1329 1706 Peripatetico
1357 1648 1570 1699 Palatino,
1598 1648 1696 1691 ideo
1726 1648 1861 1691 michi

392 1720 535 1762 uitam
565 1719 759 1776 elapsam
788 1722 869 1762 aut
897 1719 1184 1776 praeteritam
1214 1732 1307 1761 esse
1335 1718 1555 1761 confiteor.
1614 1718 1709 1761 Aut
1738 1718 1775 1761 si
1805 1717 1864 1761 ab

394 1789 598 1832 Arrianis
639 1788 839 1845 Eugenio
875 1788 1153 1845 praesidente
1183 1786 1380 1838 dissensi,
1414 1801 1503 1830 non
1537 1786 1594 1830 ob
1633 1786 1864 1844 praeteriti

394 1859 605 1915 temporis
635 1858 827 1915 gratiam
860 1872 888 1900 a
919 1857 1023 1900 fidei
1055 1860 1101 1900 et
1135 1855 1422 1900 confessionis
1450 1856 1569 1899 illius
1603 1856 1864 1913 integritate

394 1927 572 1971 diuerti.
653 1926 874 1978 Ceterum,
914 1926 1019 1983 quia
1066 1925 1329 1982 quandoque
1372 1939 1528 1968 uerum
1572 1924 1662 1967 fuit
1708 1925 1863 1975 dicere,
1884 1944 1926 1980 ²5

396 1999 529 2041 Nunc
548 1997 666 2046 uiuo,
687 1996 760 2039 Sic
781 1995 935 2046 sentio,
956 1995 1182 2052 eleganter
1211 1998 1257 2038 et
1276 2009 1380 2038 uere
1401 1994 1546 2038 fateor
1574 1994 1621 2036 in
1642 1994 1863 2051 sequenti-

396 2069 478 2111 bus
508 2066 614 2124 quia
645 2065 768 2108 Tunc
799 2065 907 2115 uixi,
937 2067 983 2107 et
1013 2064 1087 2108 Sic
1116 2064 1245 2119 sensi,
1273 2078 1353 2107 nec
1387 2066 1537 2106 tamen
1569 2063 1711 2106 uitam
1741 2077 1865 2120 prae·

395 2136 567 2180 teriisse
597 2135 668 2179 uel
699 2149 887 2178 sensum.
947 2133 1048 2176 Scio
1078 2136 1227 2176 tamen
1255 2132 1355 2190 quis
1381 2132 1547 2175 dixerit
1577 2132 1682 2188 quia
1707 2132 1755 2174 in
1785 2132 1868 2176 hoc

395 2219 605 2255 erramus,
625 2203 741 2261 quod
773 2206 959 2245 mortem
990 2202 1306 2260 prospicimus;
1335 2215 1497 2258 magna
1526 2214 1629 2257 pars
1657 2200 1751 2243 eius
1778 2200 1868 2243 iam

397 2274 650 2332 praeteriit3
699 2270 909 2329 quiequid
949 2271 1082 2314 etatis
1122 2275 1241 2314 retro
1284 2272 1362 2320 est,
1406 2284 1524 2312 mors
1567 2272 1702 2313 tenet.
1779 2269 1868 2314 Sed
1886 2289 1930 2323 30

399 2347 517 2388 certe
547 2342 583 2385 si
615 2342 654 2385 ei
686 2341 818 2385 semel
851 2339 1009 2384 fuisset
1038 2340 1135 2383 uita
1164 2340 1323 2396 elapsa,
1353 2341 1433 2382 aut
1462 2339 1543 2382 hoc
1573 2338 1753 2382 omnino
1779 2352 1870 2381 non

356 2420 384 2459 d
403 2414 568 2456 diceret
616 2413 697 2454 aut
744 2410 910 2454 diceret
955 2409 1194 2452 rediuiuus.
1278 2407 1380 2450 Non
1430 2410 1498 2450 est
1547 2422 1652 2465 ergo
1696 2421 1871 2451 necesse

404 2540 446 2577 16
470 2541 510 2575 et
526 2536 599 2584 ren]
618 2536 707 2583 quia
724 2548 785 2574 ren
801 2535 868 2572 SM
1010 2544 1051 2573 21
1073 2532 1356 2582 perhipatetico
1374 2532 1495 2569 CBAS

448 2661 486 2687 21
518 2651 603 2686 Pera·
629 2650 754 2684 ucetico
771 2648 963 2685 Palatino:
986 2657 1035 2682 ιο.
1055 2643 1279 2689 Αὺειίῐειτάος
1306 2643 1389 2680 vid<-
1409 2643 1525 2690 ipsius
1542 2644 1636 2680 ΠΜ.
1664 2644 1800 2679 Galam.
1821 2641 1870 2679 ad

399 2697 484 2734 init.
505 2698 574 2735 (vd.
625 2696 729 2733 cunin
750 2696 772 2732 i.
794 2702 842 2741 3).
940 2704 994 2736 22.
1012 2703 1056 2739 23
1082 2695 1126 2729 ab
1147 2693 1322 2728 Art-sanie
1338 2695 1407 2728 cte.
1426 2705 1433 2727 ε
1460 2690 1524 2727 viz.
1544 2692 1645 2737 apud
1663 2689 1870 2727 concilium

403 2746 585 2782 mum-nne
612 2745 659 2781 ab
686 2742 855 2789 Eugenio
875 2741 930 2778 111
950 2752 1050 2788 papa
1066 2752 1098 2776 a.
1125 2743 1210 2785 1148
1228 2740 1273 2775 dc
1292 2739 1456 2776 Gilburti
1475 2738 1671 2776 Porretani
1694 2737 1871 2775 doctrina.

406 2793 589 2828 habitum.
736 2795 779 2829 28
806 2793 845 2827 in
863 2791 926 2827 hoc
942 2792 1038 2826 eta:
1064 2789 1149 2826 Seu.
1170 2788 1238 2834 Ep.
1260 2786 1282 2823 i.
1304 2798 1337 2824 2.

501 2874 564 2906 ¹²⁴
