1994 3190
216 202 289 243 515
306 203 337 233 a
683 189 943 234 IOANNIS
983 188 1496 234 SARESBERIENSIS
1642 187 1756 248 [mn.
1773 198 1826 232 lv

357 311 475 356 forte
505 311 668 368 aliquis
701 311 761 355 sit
791 311 863 355 cui
897 311 1150 368 iniquitatis
1183 310 1364 354 licentia
1396 310 1604 354 uideatur
1638 309 1824 353 indulta.

358 382 567 438 Princeps
595 383 747 424 tamen
775 380 886 439 legis
915 381 1104 424 nexibus
1136 380 1300 424 dicitur
1330 380 1571 431 absolutus,
1600 395 1690 423 non
1720 379 1826 436 quia

358 451 399 494 ei
433 450 588 507 iniqua
621 450 795 501 liceant,
825 450 902 493 sed
934 450 1040 507 quia
1074 450 1113 493 is
1143 465 1235 493 esse
1265 450 1407 501 debet,
1438 450 1515 506 qui
1546 464 1635 492 non
1665 449 1826 491 timore

357 534 497 577 penae
530 519 607 563 sed
638 534 787 563 amore
820 519 1019 562 iustitiae
1053 519 1323 576 aequitatem
1358 518 1485 570 colat,
1520 519 1583 561 rei
1623 517 1825 575 publicae

357 591 564 647 procuret
592 588 846 639 utilitatem,
876 590 922 631 et
951 588 999 630 in
1028 588 1233 631 omnibus
1262 588 1451 631 aliorum
1480 587 1707 631 commoda
1736 585 1825 643 pri-
1845 602 1865 637 5

358 660 491 701 uatae
522 657 747 715 praeferat
780 658 1018 701 uoluntati.
1078 657 1167 700 Sed
1202 657 1301 714 quis
1336 658 1384 699 in
1418 657 1608 714 negotiis
1639 655 1828 713 publicis

358 727 566 784 loquetur
599 728 654 771 de
685 727 898 785 principis
929 728 1173 778 uoluntate,
1203 742 1304 770 cum
1335 728 1383 770 in
1413 727 1476 770 eis
1505 726 1570 768 nil
1599 726 1684 769 sibi
1713 725 1829 768 uelle

357 796 500 848 liceat,
539 797 625 840 nisi
666 796 783 854 quod
822 797 897 839 lex
935 799 1016 839 aut
1062 797 1264 853 aequitas
1310 796 1548 853 persuadet
1585 797 1667 838 aut
1713 793 1830 837 ratio

357 866 602 909 communis
642 866 854 909 utilitatis
894 866 1098 909 inducit?
1158 865 1266 908 Eius
1304 879 1495 922 namque
1534 863 1743 907 uoluntas
1781 862 1830 905 in

357 935 428 978 his
461 935 554 978 uim
576 935 707 978 debet
731 935 892 978 habere
920 934 1097 987 iudicii3
1126 937 1172 977 et
1201 934 1443 978 rectissime
1473 933 1591 990 quod
1617 933 1658 976 ei
1685 932 1830 990 placet
1848 949 1891 974 10

358 1004 407 1046 in
427 1004 592 1047 talibus
619 1004 729 1062 legis
749 1004 885 1047 habet
907 1004 1118 1061 uigorem,
1138 1018 1189 1047 eo
1211 1003 1328 1060 quod
1349 1004 1405 1046 ab
1425 1002 1663 1060 aequitatis
1682 1004 1831 1045 mente

314 1077 344 1116 b
361 1073 455 1116 eius
470 1074 692 1116 sententia
707 1088 796 1116 non
811 1073 1041 1116 discordet.
1100 1073 1168 1116 De
1188 1073 1320 1115 uultu
1339 1075 1429 1123 tuo,
1444 1072 1603 1130 inquit,
1617 1071 1831 1115 iudicium

359 1157 507 1185 meum
528 1143 725 1200 prodeat,
746 1142 861 1186 oculi
886 1142 955 1185 tui
981 1142 1165 1186 uideant
1185 1143 1479 1200 aequitatem3
1508 1141 1645 1184 iudex
1663 1140 1829 1183 etenim

359 1212 643 1269 incorruptus
671 1215 738 1255 est
767 1212 894 1255 cuius
923 1212 1145 1255 sententia
1171 1227 1228 1255 ex
1254 1211 1626 1270 contemplatione
1653 1209 1831 1253 assidua

360 1281 507 1338 imago
537 1284 604 1323 est
633 1281 883 1338 aequitatis.
945 1281 1151 1324 Publicae
1181 1296 1285 1340 ergo
1314 1281 1525 1325 utilitatis
1554 1280 1758 1323 minister
1786 1281 1833 1322 et
1850 1293 1890 1328 ¹5

360 1350 600 1407 aequitatis
628 1364 782 1393 seruus
807 1353 876 1393 est
901 1350 1117 1408 princeps,
1137 1354 1183 1394 et
1204 1351 1252 1393 in
1279 1366 1330 1394 eo
1353 1365 1585 1408 personam
1609 1348 1832 1407 publicam

360 1419 489 1477 gerit,
525 1419 642 1476 quod
682 1419 880 1462 omnium
920 1419 1106 1463 iniurias
1146 1423 1192 1463 et
1230 1420 1423 1478 dampna
1458 1420 1535 1463 sed
1569 1423 1615 1463 et
1646 1418 1833 1463 crimina

360 1489 510 1532 omnia
529 1489 752 1545 aequitate
768 1489 914 1532 media
927 1490 1071 1546 punit.
1120 1490 1260 1547 Virga
1275 1504 1447 1547 quoque
1463 1489 1558 1532 eius
1578 1492 1624 1532 et
1638 1488 1834 1540 baculus,

360 1557 563 1600 adhibita
610 1557 910 1601 moderatione
954 1558 1208 1616 sapientiae,
1254 1561 1506 1602 contractus
1546 1558 1745 1601 omnium
1786 1559 1834 1601 et

362 1641 531 1669 errores
570 1626 626 1669 ad
667 1627 787 1669 uiam
826 1627 998 1671 reducit
1036 1628 1287 1685 aequitatis,
1326 1631 1380 1671 ut
1422 1628 1580 1671 merito
1619 1626 1831 1685 potestati
1850 1643 1894 1669 20

321 1712 347 1742 c
363 1695 547 1752 spiritus
578 1695 922 1753 congratuletur,
957 1696 1128 1740 dicens:
1163 1697 1303 1755 Virga
1332 1700 1413 1740 tua
1442 1700 1488 1740 et
1516 1697 1698 1740 baculus
1727 1699 1834 1740 tuus

365 1765 462 1822 ipsa
487 1779 556 1807 me
582 1765 806 1808 consolata
829 1768 948 1810 sunt.
1005 1765 1094 1809 Sed
1118 1769 1164 1809 et
1186 1766 1352 1824 clipeus
1378 1766 1472 1809 eius
1500 1766 1630 1809 fortis
1654 1765 1834 1823 quidem

363 1834 440 1877 sed
465 1834 741 1877 infirmorum
765 1834 931 1891 clipeus
956 1838 1024 1878 est
1050 1838 1095 1878 et
1119 1836 1195 1892 qui
1221 1835 1563 1894 malignantium
1590 1835 1734 1878 iacula
1753 1849 1835 1893 pro

363 1903 671 1947 innocentibus
698 1907 903 1961 potenter
928 1904 1134 1962 excipiat.
1195 1905 1400 1948 Officium
1424 1919 1597 1962 quoque
1624 1905 1718 1948 eius
1743 1904 1834 1948 illis

364 1972 440 2029 qui
462 1972 693 2015 minimum
715 1976 911 2030 possunt,
931 1973 1171 2031 plurimum
1191 1974 1381 2031 prodest,
1398 1977 1443 2017 et
1467 1974 1556 2017 illis
1579 1974 1654 2031 qui
1676 1988 1831 2017 nocere
1851 1989 1892 2024 ²5

363 2041 628 2092 desiderant,
662 2042 903 2099 plurimum
943 2043 1218 2087 aduersatur.
1280 2043 1382 2086 Non
1422 2058 1527 2100 ergo
1566 2043 1660 2086 sine
1699 2057 1833 2087 causa

363 2111 562 2169 gladium
583 2115 744 2168 portat,
765 2126 852 2168 quo
872 2111 1129 2155 innocenter
1148 2113 1407 2170 sanguinem
1430 2112 1592 2164 fundit,
1611 2116 1664 2156 ut
1683 2116 1835 2157 tamen

364 2180 437 2223 uir
469 2180 737 2237 sanguinum
769 2195 857 2223 non
888 2181 958 2231 sit,
989 2185 1034 2225 et
1062 2181 1260 2224 homines
1288 2181 1543 2239 frequenter
1571 2182 1752 2234 occidat,
1782 2185 1836 2227 ut

365 2264 454 2293 non
476 2250 674 2294 incurrat
694 2265 852 2293 nomen
875 2250 1098 2294 homicidii
1124 2251 1193 2294 uel
1220 2255 1405 2296 reatum.
1464 2251 1512 2295 Si
1534 2252 1651 2295 enim
1673 2266 1835 2310 magno

365 2319 562 2364 creditur
595 2320 860 2378 Augustino,
891 2320 1037 2363 Dauid
1067 2321 1139 2363 uir
1167 2321 1434 2378 sanguinum
1464 2321 1609 2365 dictus
1638 2324 1716 2373 est,
1745 2336 1835 2365 non
1853 2334 1896 2369 30

366 2393 548 2447 propter
571 2389 686 2432 bella
712 2389 788 2432 sed
814 2393 994 2447 propter
1016 2390 1178 2433 Vriam.
1239 2390 1297 2433 Et
1322 2390 1499 2434 Samuel
1525 2405 1743 2448 nusquam
1764 2390 1836 2434 uir

371 2503 388 2540 5
416 2492 573 2530 comoda
590 2492 614 2528 S
755 2502 795 2539 15
820 2503 957 2539 ymago
977 2492 1015 2528 M
1155 2502 1196 2539 17
1222 2493 1362 2529 damna
1378 2492 1440 2529 CB
1579 2504 1623 2542 19
1647 2493 1794 2532 adibita.
1811 2493 1836 2533 S

416 2596 437 2622 2
465 2587 636 2632 1’m’ncepe
652 2587 745 2621 eta:
771 2597 803 2621 v.
822 2584 908 2632 Dig.
928 2584 951 2621 i.
971 2596 991 2631 3
1010 2585 1027 2633 ξ
1048 2595 1104 2631 31.
1229 2596 1271 2621 10
1294 2588 1388 2634 quod
1403 2587 1437 2622 et·
1479 2587 1568 2623 lacet
1584 2588 1681 2624 etc:
1707 2586 1794 2635 Dig.
1811 2587 1837 2625 i.

368 2645 390 2680 4
411 2631 428 2679 ξ
454 2643 483 2670 1.
643 2642 682 2669 12
712 2634 765 2669 De
781 2634 887 2669 uultu
906 2634 997 2669 etc:
1026 2632 1080 2670 Pa.
1101 2631 1171 2669 xvi.
1190 2643 1222 2670 2.
1380 2644 1421 2670 21
1478 2636 1558 2680 irya
1575 2639 1639 2671 tua
1652 2637 1748 2673 etc:
1777 2635 1836 2672 Pa.

369 2679 459 2717 xxii.
478 2690 511 2725 ⁴·
658 2690 702 2716 22
728 2682 986 2733 elipeuesoreu'a
1007 2682 1104 2717 eta:
1133 2693 1163 2716 v.
1190 2691 1209 2717 2
1229 2680 1318 2727 Reg.
1339 2680 1362 2717 i.
1382 2691 1439 2717 21.
1583 2683 1629 2719 26
1653 2684 1735 2719 Non
1758 2684 1837 2719 eine

369 2740 478 2764 causa
497 2729 590 2764 etc:
620 2726 724 2763 Rom.
745 2726 823 2763 xxii.
842 2738 877 2772 ⁴·
1023 2738 1068 2774 30
1094 2730 1317 2774 Aumwen'no:
1345 2727 1439 2765 talia
1455 2728 1556 2775 apud
1582 2729 1836 2776 Augustinum

368 2775 490 2812 adhuc
521 2774 687 2811 invenire
716 2786 793 2811 non
823 2774 942 2822 potui.
1039 2777 1100 2811 uir
1120 2778 1362 2821 sanquinum:
1390 2786 1410 2811 2
1436 2775 1527 2822 Reg.
1555 2776 1627 2814 xvi.
1654 2786 1684 2823 7,
1710 2779 1753 2822 83
1786 2776 1833 2815 of.

373 2832 388 2861 ι
410 2822 529 2859 Parui.
549 2821 637 2859 xxii.
655 2824 688 2859 8.
831 2832 873 2870 3¹
901 2824 1047 2860 Samuel
1064 2825 1162 2861 eta:
1188 2835 1221 2862 v.
1242 2833 1256 2861 ι
1277 2823 1369 2870 Reg.
1387 2834 1444 2860 xv.
1463 2834 1518 2870 32,
1535 2834 1592 2871 33.

483 2897 545 2938 238
