1994 3190
181 199 281 234 cst.
295 184 407 247 xm]
699 184 1138 231 POLICRATICVS
1666 198 1745 237 410
1763 187 1793 227 d

179 307 300 350 tione
334 305 430 349 ueri
464 304 588 348 nulla
622 305 848 362 potentior
878 307 957 348 est.
1017 304 1202 348 Cunctis
1236 305 1454 362 siquidem
1489 305 1649 350 auibus

179 375 464 419 excellentius
494 374 619 418 uolat
653 377 699 417 et
732 374 790 417 ab
830 374 970 431 ipsius
1010 373 1132 416 Iouis
1172 375 1364 418 archano
1405 390 1648 433 numquam

177 444 438 488 excluditur.
500 442 700 500 Cumque
733 445 860 486 tanto
892 443 1016 485 uisus
1046 443 1247 486 acumine
1277 444 1428 501 uigere
1462 445 1648 496 dicatur,

177 516 230 556 ut
261 513 317 556 ab
348 513 498 556 ethere
523 527 696 555 summo
723 511 955 569 pisciculos
979 512 1026 554 in
1048 511 1188 554 fundo
1208 513 1343 556 maris
1374 517 1648 565 contueatur,

138 601 157 634 5
177 582 308 626 etin
348 581 493 639 ipsum
533 581 682 633 solem,
723 580 841 637 quod
881 580 993 623 nulli
1040 581 1337 623 animantium
1382 582 1497 635 licet,
1538 584 1649 640 figat

175 651 396 703 obtutum,
415 665 623 695 sensuum
654 650 832 707 quidem
862 650 1112 693 subtilitate
1142 651 1197 693 de
1229 650 1350 693 Iouis
1377 652 1524 708 gratia
1546 667 1647 696 con-

175 721 404 764 scientiam
444 719 650 763 ueritatis
690 733 925 776 rerumque
964 720 1181 776 mysteria
1220 723 1464 763 mutuatur.
1537 721 1648 774 Quis

176 791 293 834 enim
333 789 496 833 falsum
537 789 825 846 interpretem
865 789 997 840 dicat,
1029 804 1160 846 quem
1201 789 1483 832 consiliorum
1525 790 1647 833 Iouis

175 861 303 904 nouit
352 874 444 903 esse
498 859 793 917 participem?
872 858 1021 902 Locris
1071 859 1286 903 aduersus
1335 858 1647 903 Crotonienses

118 946 160 971 10
175 929 500 980 dimicantibus,
539 928 690 986 aquila
733 928 840 971 dum
890 929 1177 987 pugnabatur
1219 929 1508 986 superuolans
1555 929 1644 972 uic·
1662 942 1727 981 4¹¹
1748 943 1778 971 a

175 998 336 1043 toriam
376 998 540 1042 dicitur
577 998 826 1049 contulisse,
866 1013 966 1042 cum
1006 998 1135 1055 pauci
1176 1013 1360 1041 numero
1400 998 1648 1042 deleuerint

175 1068 382 1112 infinitos.
444 1067 541 1111 Hoc
571 1071 721 1111 tamen
752 1067 958 1111 ualidiori
986 1068 1113 1126 signo
1141 1068 1351 1111 scribitur
1377 1068 1646 1118 roboratum,

175 1152 227 1181 eo
277 1137 393 1195 quod
443 1137 532 1180 duo
582 1137 764 1180 iuuenes
807 1137 1068 1194 procerioris
1113 1140 1324 1189 staturae,
1363 1138 1647 1195 elegantioris

175 1206 356 1260 formae,
376 1207 423 1249 in
453 1206 641 1250 candido
669 1207 839 1258 habitu,
859 1207 917 1250 ab
945 1210 1134 1265 utroque
1165 1207 1303 1250 latere
1334 1207 1494 1251 Locros
1521 1222 1646 1264 prae·

117 1294 156 1329 15
175 1277 385 1326 cesserint
398 1291 408 1329 3
457 1277 635 1329 scilicet,
675 1280 727 1320 ut
767 1279 864 1320 erat
910 1277 1156 1320 communis
1195 1277 1358 1334 opinio,
1398 1276 1558 1320 Castor
1601 1281 1646 1319 et

175 1346 344 1389 Pollux.
394 1346 557 1389 Omina
572 1360 678 1389 uero
694 1346 946 1390 huiusmodi
967 1361 1066 1390 cum
1088 1347 1375 1403 geminantur
1394 1346 1647 1404 potentiora

174 1418 290 1459 sunt.
351 1415 469 1458 Dum
491 1415 640 1466 Hiero,
661 1415 716 1459 de
736 1431 824 1472 quo
851 1431 997 1473 supra,
1017 1416 1161 1473 prima
1187 1416 1304 1459 bella
1331 1416 1476 1466 iniret,
1496 1416 1647 1472 aquila

175 1499 232 1528 ex
250 1485 490 1542 improuiso
505 1485 668 1528 resedit
680 1485 727 1528 in
739 1485 879 1543 clipeo
891 1486 1225 1543 progredientis,
1241 1501 1377 1529 manu
1390 1490 1644 1543 promptum

177 1569 409 1612 regemque
450 1553 654 1597 futurum
694 1554 959 1612 significans.
1040 1555 1105 1598 Ea
1150 1555 1222 1598 die
1269 1570 1358 1612 qua
1403 1559 1536 1598 natus
1577 1562 1645 1598 est

117 1643 161 1668 20
177 1622 441 1676 Alexander,
477 1623 591 1667 duae
621 1624 794 1681 aquilae
821 1627 918 1668 tota
944 1625 1015 1668 die
1040 1640 1119 1682 per
1148 1625 1280 1682 pedes
1304 1640 1439 1682 supra
1469 1624 1643 1667 culmen

177 1692 332 1736 domus
358 1693 498 1750 patris
525 1693 619 1736 eius
638 1694 860 1746 sederunt,
880 1709 1009 1738 omen
1030 1695 1218 1752 duplicis
1243 1694 1417 1751 imperii
1440 1694 1642 1751 Europae

174 1762 391 1820 Asiaeque
439 1763 749 1820 praeferentes.
829 1764 1041 1807 Vultures
1091 1764 1396 1807 difficultatem
1446 1767 1641 1821 portant,

177 1831 400 1885 duritiam,
435 1833 738 1890 rapacitatem,
771 1834 887 1877 sicut
925 1834 1061 1877 habes
1097 1834 1143 1876 in
1176 1834 1346 1891 origine
1378 1834 1500 1876 urbis
1540 1848 1640 1877 con·
1659 1840 1688 1877 b

175 1900 354 1945 dendae.
414 1901 556 1945 Fenix
593 1903 831 1960 singularis
871 1903 1099 1947 felicitatis
1133 1918 1356 1946 successus
1395 1903 1643 1960 pollicetur,

117 1990 158 2025 ²5
177 1970 304 2027 quale
331 1974 398 2014 est
424 1972 541 2028 quod
566 1987 684 2015 noua
708 1972 850 2015 Roma
874 1973 971 2015 uiso
997 1972 1138 2016 fenice
1159 1972 1414 2016 melioribus
1434 1972 1643 2029 auspiciis

174 2040 352 2084 condita
380 2044 458 2084 est.
518 2041 630 2084 Auis
658 2042 778 2099 picta
807 2042 908 2085 urbi
939 2042 1223 2085 Pictauorum
1253 2042 1443 2086 contulit
1469 2057 1643 2092 nomen,

174 2108 401 2152 leuitatem
421 2111 568 2167 gentis
587 2111 728 2155 colore
748 2115 794 2155 et
818 2126 924 2155 uoce
948 2113 1262 2170 praefigurans.
1324 2112 1472 2154 Ardea
1492 2126 1640 2154 rerum

175 2207 199 2243 6
222 2207 415 2244 obtuitum
432 2207 478 2244 S:
500 2211 676 2255 optutum
694 2209 728 2244 A
869 2219 890 2255 7
916 2210 1088 2247 misteria
1104 2209 1163 2246 AS
1318 2221 1365 2246 20
1388 2208 1472 2256 per]
1491 2220 1581 2256 prae
1600 2208 1640 2244 M

176 2263 217 2290 21
244 2254 434 2301 dupplicis
451 2254 475 2291 S

222 2351 244 2424 ῗ
272 2344 426 2389 Cumque
441 2349 540 2380 tanto
557 2346 652 2382 etc.:
679 2356 710 2379 v-
731 2343 818 2380 Isid.
840 2346 934 2390 Oriy.
951 2344 1015 2380 xii.
1033 2354 1052 2389 7
1069 2343 1111 2391 ἕξ
1131 2355 1184 2387 10,
1203 2354 1255 2380 11.
1354 2355 1377 2391 9
1401 2346 1526 2380 Locris
1543 2346 1614 2380 etc.
1630 2355 1638 2379 ε

175 2399 208 2424 v.
246 2389 358 2426 ustin.
377 2401 437 2426 xx.
457 2401 488 2436 3.
600 2401 640 2436 17
666 2393 764 2427 Dum
780 2393 894 2428 Hiero
911 2394 1005 2428 etc.:
1034 2392 1166 2428 lustin.
1185 2392 1290 2427 xxiii.
1305 2403 1340 2436 4.
1441 2402 1483 2437 ¹9
1507 2393 1566 2426 Ea
1584 2393 1643 2426 die

176 2437 246 2472 etc.
261 2447 284 2490 τ.
296 2436 429 2473 Iustin.
447 2437 513 2474 xii.
535 2440 588 2476 16.
686 2449 731 2484 24
757 2440 878 2474 Fenix
889 2442 959 2476 etc.
977 2451 985 2475 :
1013 2439 1242 2476 Phoenicem
1256 2451 1280 2475 a
1293 2437 1642 2484 Constantinopolis

177 2483 370 2520 condltore
397 2485 513 2521 visum
540 2497 616 2522 esse
640 2498 751 2523 nemo
779 2488 929 2532 praeter
961 2487 1142 2523 Ioannem
1168 2489 1346 2529 nostrum,
1378 2486 1477 2532 quod
1510 2485 1640 2530 sciam,

176 2532 325 2572 namu
371 2531 565 2578 phoenicis
605 2535 734 2570 tamen
776 2534 938 2580 effigiem
979 2546 1066 2570 cum
1106 2534 1177 2570 hac
1220 2533 1469 2580 inscriptione
1510 2542 1639 2568 FELIX

178 2585 409 2614 'muronvu
440 2589 680 2616 REPARATIO
708 2581 749 2616 in
778 2582 945 2617 nummis
969 2581 1181 2617 exhibuisse
1207 2581 1454 2617 Constantem
1482 2583 1520 2617 et
1547 2581 1639 2616 Con-

178 2624 388 2678 stantinum
421 2626 470 2669 ΙΙ,
505 2627 763 2673 imperatores,
797 2628 1037 2664 Constantini
1070 2628 1203 2675 Magni
1244 2628 1350 2670 filios,
1387 2639 1446 2664 me
1485 2628 1541 2663 vir
1582 2628 1637 2664 rei

178 2672 463 2725 numismaticae
487 2674 734 2720 peritissimus
758 2675 913 2712 Carolus
937 2675 1059 2711 Oman
1087 2677 1288 2712 certiorem
1316 2675 1433 2719 secit;
1469 2676 1517 2711 cf.
1546 2675 1634 2711 Cod.

180 2716 375 2755 Iustiman.
397 2719 425 2756 Ι.
448 2729 488 2765 17
506 2719 525 2767 ξ
545 2732 589 2757 10
607 2725 615 2740 ‘
629 2722 773 2768 regiam
791 2725 957 2758 nostram
975 2735 1072 2768 quae
1091 2722 1170 2759 Deo
1187 2722 1355 2768 propitio
1373 2735 1458 2759 cum
1477 2722 1638 2757 meliori-

175 2763 245 2818 bus
274 2765 426 2802 condita
453 2769 511 2804 est
538 2769 726 2814 auguriis!
847 2772 892 2806 26
918 2771 1013 2806 Auis
1035 2772 1156 2815 picta:
1183 2771 1229 2806 de
1254 2770 1362 2816 picae
1387 2769 1511 2806 cultus
1535 2769 1639 2816 apud

175 2810 346 2848 Plctavos
362 2813 531 2859 reliquiis
547 2815 630 2851 vide
647 2815 804 2860 Grimm,
824 2818 996 2852 Deutsche
1012 2818 1160 2863 Mythol.
1179 2829 1209 2853 c.
1230 2828 1285 2853 21.

233 2891 315 2909 wass
866 2886 884 2912 1
1485 2890 1502 2922 5
1508 2887 1525 2921 7
