1994 3190
160 173 247 221 ³381
266 183 296 212 a
633 165 895 211 IOANNIS
935 162 1457 210 SARESBERIENSIS

314 288 432 342 Quid
461 287 638 345 sapiens
666 286 806 330 stulto
835 286 996 337 differt,
1023 286 1131 343 quid
1159 299 1352 343 paupere
1381 285 1519 337 diues,

371 357 491 411 Quid
519 357 680 400 misero
709 356 833 408 felix,
862 356 901 399 si
931 356 1050 413 sapis
1081 370 1178 399 ecce
1206 355 1343 398 uides,

314 427 363 470 Si
393 426 533 469 fuerit
561 426 717 478 laetus,
743 425 891 469 oculos
921 439 1136 481 auresque
1165 424 1356 468 libenter

372 496 578 552 Exponet
607 495 739 552 nugis
769 493 959 537 forsitan
989 494 1063 537 ille
1093 493 1196 537 tuis.
1897 539 1899 542 ,

315 565 389 609 Sic
418 565 559 622 igitur
587 579 730 622 nugas
758 578 952 621 sparges,
982 578 1038 606 ne
1067 563 1216 606 taedia
1243 563 1445 620 gignant,
1805 578 1824 611 5

374 635 497 688 Quae
527 634 659 677 rebus
689 633 818 676 laetis
848 636 955 676 sunt
984 633 1165 676 inimica
1194 632 1338 675 nimis.

317 703 365 746 Si
395 703 520 746 iubet
549 706 602 746 ut
633 717 776 760 nugas
805 702 958 759 agites,
988 715 1156 758 nugare
1186 701 1415 744 decenter:

268 779 298 817 b
374 772 494 815 Nam
522 772 607 815 sibi
636 786 716 829 per
745 786 887 829 nugas
917 771 1032 814 seria
1061 770 1210 814 credet
1239 770 1323 827 agi.

317 842 513 885 Vtilibus
542 856 697 899 nugas,
727 841 788 884 sic
818 843 944 897 aptes
974 839 1089 882 seria
1117 839 1247 890 ludis,

372 912 435 954 Vt
459 911 542 954 tibi
573 911 633 953 sit
660 910 868 968 grauium
898 909 1022 951 nulla
1051 909 1250 951 timenda
1273 922 1445 952 manus.
1806 928 1849 953 10

316 981 365 1024 Si
396 981 520 1024 iubet
550 985 602 1023 ut
631 984 790 1031 taceas,
819 982 971 1022 statua
999 978 1265 1022 taciturnior
1295 982 1403 1031 esto,

374 1050 469 1094 Nec
498 1050 689 1093 redimas
719 1049 858 1107 signis
886 1049 1024 1091 uerba
1053 1050 1217 1105 negata
1246 1047 1342 1091 tibi.

319 1171 433 1216 Cum
463 1171 652 1215 satiatus
682 1170 780 1223 erit,
811 1169 883 1213 uel
913 1184 1013 1213 cum
1042 1169 1212 1212 maiora
1240 1169 1477 1222 uocabunt,

376 1242 468 1285 Ora
497 1241 740 1284 conductus
769 1239 901 1283 detur
929 1243 982 1282 ut
1011 1239 1115 1282 inde
1146 1239 1242 1282 tibi.

319 1310 342 1353 1
372 1311 500 1362 citus,
529 1312 663 1367 atque
693 1309 811 1361 redi;
849 1323 906 1351 ne
930 1322 1118 1365 quorum
1148 1321 1326 1365 carpere
1355 1321 1498 1364 nugas
1809 1327 1850 1362 1⁵

378 1380 527 1423 Ausus
558 1394 614 1429 es,
645 1378 853 1435 infligant
882 1377 972 1420 tela
1002 1391 1238 1434 necemque
1268 1379 1441 1434 parent.

322 1451 471 1492 Vnum
501 1449 729 1493 discedens
758 1451 927 1492 secreta
956 1447 1107 1506 profer
1136 1448 1184 1490 in
1214 1462 1346 1491 aure:

379 1519 600 1576 Quicquid
630 1521 769 1576 agant
796 1517 887 1570 alii,
918 1521 971 1560 tu
1001 1532 1168 1561 memor
1197 1521 1292 1561 esto
1321 1517 1402 1562 tui.

322 1589 532 1645 Quaeque
562 1602 663 1631 caro
694 1586 888 1639 faenum,
917 1588 997 1630 flos
1026 1586 1147 1630 faeni
1176 1586 1319 1645 gloria
1348 1585 1505 1638 carnis,

381 1658 504 1702 Haec
533 1658 670 1701 nichil
701 1660 790 1701 est:
833 1657 998 1700 nichilo
1027 1657 1134 1714 quid
1164 1657 1311 1700 minus
1341 1670 1434 1700 esse
1462 1658 1641 1714 potest?
1811 1676 1854 1700 20

323 1728 510 1770 Munera
540 1726 748 1770 fortunae
777 1726 948 1770 uiscata
977 1729 1114 1783 puta;
1159 1726 1373 1769 uitiorum

381 1797 563 1840 Semina
592 1800 710 1847 sunt,
740 1795 953 1840 scelerum
982 1796 1158 1854 pabula,
1187 1796 1343 1839 mortis
1372 1795 1471 1839 iter.

281 1880 306 1910 c
325 1867 443 1911 Sunt
471 1867 630 1923 laquei,
659 1870 766 1910 sunt
795 1867 994 1918 insidiae,
1023 1869 1129 1909 sunt
1158 1866 1306 1910 toxica
1333 1866 1503 1920 mortis,

384 1936 527 1990 Quam
558 1951 647 1978 non
679 1936 905 1993 effugient,
936 1951 1045 1993 quos
1075 1936 1158 1979 dea
1186 1949 1315 1979 caeca
1339 1935 1460 1979 colit.

325 2007 453 2061 Quod
485 2006 669 2049 fortuna
698 2006 834 2060 dedit,
865 2011 910 2050 et
940 2007 1058 2064 quod
1087 2006 1224 2058 dabit,
1254 2010 1323 2050 est
1353 2006 1560 2058 alienum,
1814 2025 1856 2059 ²5

382 2075 572 2119 Auferet
601 2076 683 2120 hoc
713 2080 870 2130 totum,
901 2092 1002 2121 cum
1031 2077 1153 2121 uolet
1182 2077 1290 2135 ipsa,
1320 2076 1417 2122 tibi.

325 2146 458 2189 Retia
487 2146 693 2203 pennatis
722 2150 950 2203 nequeunt
978 2146 1183 2204 praeuisa
1212 2159 1380 2200 nocere,

384 2215 451 2257 Tu
482 2229 783 2272 quaecumque
812 2216 949 2268 uides,
980 2216 1094 2260 retia
1123 2216 1284 2260 mentis
1313 2216 1440 2260 habe.

328 2284 459 2327 Retia
488 2287 594 2327 sunt
624 2299 925 2342 quaecumque
955 2286 1092 2339 uides,
1122 2286 1430 2343 hominemque
1461 2284 1649 2342 ligatum

385 2354 456 2396 Ad
487 2353 691 2397 miseram
723 2358 909 2397 mortem
940 2370 1020 2412 per
1049 2355 1167 2398 mala
1196 2369 1395 2413 quaeque
1424 2354 1623 2399 trahunt.
1815 2375 1858 2409 30

328 2422 544 2473 Forsitan,
575 2422 717 2466 ‘unde
747 2423 830 2466 tibi
861 2424 995 2467 datur
1024 2425 1132 2469 haec
1161 2424 1399 2469 audacia?'
1439 2426 1646 2481 quaeret;

386 2492 516 2535 Dices
547 2491 632 2534 ‘nil
665 2496 866 2536 metuens
895 2494 1045 2538 omnia
1074 2497 1200 2539 tutus
1228 2494 1350 2552 agit!

327 2579 375 2645 {6
400 2606 468 2644 illa
487 2607 523 2642 M

375 2714 396 2749 8
422 2713 517 2748 Nam
533 2714 603 2748 sibi
622 2714 710 2749 01,οα
738 2711 784 2747 cs.
805 2710 932 2748 Sidon.
950 2710 1073 2758 Apoll.
1091 2712 1162 2758 Ep.
1180 2710 1204 2748 i.
1222 2719 1255 2757 9.
1359 2720 1400 2756 ¹9
1427 2711 1590 2764 Quaeque
1606 2721 1689 2746 cam
1707 2711 1797 2747 etc.:

329 2759 375 2796 ln.
392 2758 442 2796 xl.
459 2762 492 2796 6.
653 2770 693 2797 21
723 2760 879 2795 Munera
888 2761 1066 2803 fortunae
1082 2761 1244 2795 uiscata:
1271 2757 1318 2795 cf.
1337 2757 1420 2795 Seu.
1434 2759 1505 2804 Ep.
1524 2769 1549 2794 1.
1568 2758 1589 2794 8
1608 2759 1626 2803 §
1647 2767 1680 2804 3,
1698 2755 1798 2795 Plin.

328 2809 399 2855 Ep.
417 2807 466 2844 ix.
486 2817 532 2854 30
549 2808 568 2854 5
589 2817 623 2844 ι.
767 2815 811 2851 27
837 2808 942 2843 Boua
959 2808 1049 2845 etc-z
1081 2806 1187 2844 Prov.
1207 2805 1232 2843 i.
1253 2814 1308 2851 17.

438 2883 461 2917 ⁴
