1994 3190
661 0 700 41 A

202 188 302 223 oAP.
317 175 421 237 xm]
716 173 1153 220 POLICRATICVS
1680 185 1764 226 442
1783 188 1814 217 a

200 311 301 342 cum
330 299 375 340 et
404 296 521 339 diem
549 294 805 338 uidentibus
835 294 1004 337 cunctis
1034 293 1239 344 illustret,
1258 296 1476 352 temperet
1504 295 1667 347 orbem,

199 366 306 409 anni
332 368 532 422 tempora
555 363 741 414 diuidat,
761 362 944 405 inducat
970 377 1118 405 rerum
1144 363 1483 415 uicissitudines,
1503 367 1549 408 et
1577 365 1667 408 alia

197 434 391 492 plurima
410 447 522 490 quae
542 446 660 475 nunc
684 431 866 489 longum
894 434 961 474 est
982 446 1199 474 enarrare.
1260 431 1348 475 Sed
1375 433 1479 476 licet
1504 434 1666 477 multa-

197 517 298 546 rum
317 503 566 546 utilitatum
592 501 640 544 in
660 516 711 544 eo
731 504 777 544 et
796 501 843 543 in
863 501 1020 544 ceteris
1039 515 1197 544 causae
1216 502 1450 553 resideant,
1470 503 1666 560 ipsorum
1683 507 1713 546 b

160 590 180 626 5
197 575 348 616 tamen
367 574 413 615 et
431 571 629 616 omnium
649 585 762 628 quae
789 573 906 614 recte
926 573 1043 621 sunt,
1063 585 1154 613 una
1180 573 1249 613 est
1278 574 1324 614 et
1349 572 1494 628 prima
1522 587 1666 623 causa,

197 656 310 699 quae
341 640 557 684 mundum
592 639 699 683 fecit
728 639 932 697 propriae
961 640 1208 682 maiestatis
1237 641 1449 697 potentia,
1480 655 1667 697 eumque

195 711 439 769 sapientiae
459 725 564 754 suae
583 709 753 753 uirtute
774 712 819 753 et
840 709 1137 753 immensitate
1158 708 1373 752 formauit
1393 711 1438 752 et
1457 710 1666 760 firmauit,

196 783 242 824 et
280 783 333 824 ut
371 780 411 823 ei
446 782 540 823 tam
574 778 870 822 substantiam
905 793 1038 836 quam
1079 778 1268 822 formam
1306 777 1539 831 conferret,
1573 779 1666 822 sola

194 849 378 893 inducta
402 851 470 892 est
499 848 708 892 bonitate.

138 940 180 965 10
253 919 420 962 Verum
439 918 741 962 mathematici
761 917 834 961 uel
858 918 1106 975 planetarii,
1126 917 1233 960 dum
1253 916 1539 975 professionis
1559 932 1664 960 suae

193 988 440 1046 potentiam
460 987 648 1030 dilatare
668 987 887 1038 nituntur,
907 987 954 1030 in
975 987 1135 1030 erroris
1156 990 1202 1030 et
1222 986 1465 1046 impietatis
1485 986 1663 1029 menda-

193 1058 262 1102 cia
281 1057 644 1115 perniciosissime
664 1059 888 1101 corruunt.
938 1057 983 1100 N
985 1071 1032 1101 ec
1051 1057 1363 1114 cuiuscumque
1383 1056 1494 1099 artis
1510 1055 1665 1113 regula

193 1130 399 1171 seruatur
433 1127 568 1178 illesa,
597 1127 684 1171 nisi
724 1127 831 1170 dum
871 1126 992 1170 infra
1031 1127 1199 1185 proprii
1234 1127 1410 1184 generis
1443 1122 1663 1169 ambitum

193 1197 434 1248 cohibetur,
468 1197 728 1254 praesertim
766 1211 867 1240 cum
907 1197 1037 1239 iuxta
1075 1197 1319 1254 sapientem
1360 1196 1569 1253 frequens
1603 1195 1664 1238 sit

136 1285 176 1320 1⁵
194 1266 363 1323 aliquid
411 1269 541 1310 extra
578 1266 778 1324 regulam
828 1266 1031 1309 inueniri.
1107 1266 1263 1309 Omnis
1302 1265 1467 1309 etenim
1508 1264 1663 1322 regula

193 1334 324 1378 alicui
350 1336 502 1393 generi
529 1351 676 1379 rerum
697 1335 1024 1380 accommodata
1045 1338 1122 1378 est.
1194 1335 1244 1378 Si
1268 1349 1375 1378 uero
1399 1334 1661 1378 traducatur
1679 1342 1704 1372 c

191 1403 250 1446 ad
269 1404 402 1457 aliud,
422 1405 575 1448 statim
605 1405 652 1448 in
682 1405 918 1448 ueritatem
949 1404 1159 1462 impingit
1188 1404 1426 1447 obnoxiam
1457 1402 1658 1446 falsitati.

192 1471 242 1516 Si
286 1487 391 1531 ergo
429 1474 732 1518 mathematici
772 1473 1014 1532 probabilis
1054 1474 1314 1523 matheseos,
1354 1472 1400 1514 id
1440 1476 1519 1523 est,
1559 1472 1659 1516 doc-

191 1541 368 1586 trinalis
407 1546 554 1587 essent
592 1544 680 1588 fine
719 1543 928 1594 contenti,
970 1546 1015 1586 et
1063 1557 1214 1586 ueram
1260 1544 1440 1599 possent
1485 1541 1659 1599 assequi

133 1621 178 1662 29
192 1611 454 1669 positionem
489 1613 730 1664 stellarum,
766 1616 811 1656 et
846 1627 902 1656 ex
934 1612 1072 1670 signis
1104 1612 1197 1655 suis
1231 1611 1378 1655 sobria
1410 1610 1659 1654 eruditione

191 1682 431 1725 secundum
471 1682 589 1740 quod
627 1683 895 1726 naturaliter
926 1682 1196 1739 proueniunt
1230 1681 1493 1739 qualitatem
1532 1695 1657 1738 prae-

190 1750 301 1795 scire
358 1754 607 1810 temporum
664 1755 710 1796 et
765 1752 1079 1810 speculationis
1132 1766 1238 1795 suae
1294 1750 1658 1794 iocundissimum

189 1833 367 1878 carpere
406 1821 614 1866 fructum.
675 1820 789 1866 Cum
828 1836 935 1864 uero
975 1820 1170 1864 dilatant
1207 1820 1447 1878 philateria
1487 1834 1568 1862 sua
1612 1823 1658 1863 et

189 1891 477 1948 magnificant
525 1891 734 1943 fimbrias,
773 1891 879 1935 dum
929 1890 1339 1934 constellationibus
1383 1892 1429 1933 et
1466 1889 1659 1946 planetis

131 1970 174 2006 ²5
191 1958 379 2002 nimium
411 1960 596 2004 uirtutis
629 1961 868 2013 ascribunt,
901 1960 963 2003 eis
998 1960 1144 2003 nescio
1179 1974 1312 2016 quam
1345 1959 1658 2002 auctoritatem

191 2043 372 2087 operum
401 2029 680 2080 ascribentes,
700 2029 747 2072 in
777 2029 988 2073 creatoris
1017 2031 1315 2086 prorumpunt
1343 2027 1578 2079 iniuriam3
1612 2030 1658 2070 et

188 2098 295 2142 dum
329 2099 507 2143 celestia
546 2114 659 2156 quae
693 2102 890 2142 tractant
925 2099 983 2141 ad
1018 2098 1303 2141 sobrietatem
1339 2112 1429 2140 non
1464 2097 1657 2154 sapiunt,

187 2166 317 2211 iuxta
355 2167 603 2226 apostolum
642 2168 770 2211 stulti
811 2171 930 2212 sunt.
998 2167 1111 2210 Vide
1151 2167 1199 2210 in
1239 2170 1454 2224 quantam
1494 2166 1656 2209 erroris

189 2236 397 2294 abyssum
446 2237 503 2280 ab
546 2237 655 2294 ipsis
704 2237 939 2282 celestibus
987 2237 1160 2280 cadant.
1230 2235 1655 2280 Constellationibus

130 2317 173 2352 30
189 2306 280 2349 suis
314 2306 540 2350 ascribunt
574 2307 759 2351 omnias
792 2307 859 2349 Tu
893 2306 1060 2350 uideris
1094 2321 1152 2349 an
1183 2306 1263 2349 fiat
1295 2306 1335 2348 ei
1368 2305 1544 2356 iniuria,
1576 2304 1653 2362 qui
1670 2308 1699 2349 d

189 2373 296 2418 fecit
321 2375 462 2419 celum
490 2378 536 2419 et
561 2378 726 2419 terram
752 2379 798 2420 et
820 2376 970 2419 omnia
997 2390 1110 2433 quae
1139 2375 1187 2418 in
1212 2375 1275 2418 eis
1304 2378 1423 2418 sunt.
1482 2375 1654 2417 Deinde

190 2458 286 2488 eam
325 2444 599 2488 constellatio
642 2445 774 2488 rebus
814 2446 1120 2489 necessitatem
1170 2445 1339 2497 indicit,
1378 2447 1431 2487 ut
1479 2444 1655 2487 arbitrii

189 2512 378 2569 perimat
425 2513 687 2557 libertatem.
765 2514 837 2556 An
881 2517 926 2557 et
965 2514 1048 2558 hoc
1086 2516 1216 2565 recte,
1260 2517 1406 2557 tecum
1445 2513 1653 2557 delibera.

194 2627 210 2654 1
238 2617 361 2655 cuntis
376 2618 410 2653 A
596 2628 617 2654 2
641 2617 935 2655 necessitudines
951 2617 985 2652 A
1175 2628 1219 2663 23
1244 2616 1473 2663 philacteria
1487 2616 1521 2652 A
1538 2629 1650 2663 mary.

191 2674 211 2701 2
218 2673 235 2710 5
261 2665 472 2701 asscribunt
488 2664 513 2700 S
655 2666 700 2702 26
725 2665 971 2702 asscribentes
989 2664 1014 2702 S
1157 2675 1203 2711 29
1227 2665 1391 2701 abissum
1410 2665 1444 2700 A

238 2774 284 2810 23
308 2766 465 2801 dilatant
486 2765 583 2802 etc.:
611 2763 721 2800 Matt.
746 2763 851 2800 xxiii.
872 2772 903 2810 5.
1047 2765 1091 2800 28
1115 2764 1221 2799 iuxta
1245 2764 1466 2809 apostolum:
1491 2775 1527 2798 v.
1545 2762 1650 2800 Rom.

189 2810 216 2848 i.
235 2822 291 2848 22.
433 2821 490 2857 30,
508 2821 551 2858 31
577 2813 739 2859 quifecit
755 2813 849 2848 ete:
877 2811 935 2848 Ps.
951 2810 1024 2848 xlv.
1041 2812 1075 2847 6.

1480 2889 1539 2914 111
