1994 3190
257 185 375 233 517b

723 181 925 225 IOANN
926 180 984 226 IS
1026 180 1540 226 SARESBERIENSIS
1683 180 1795 242 [ΗΒ.
1811 193 1862 226 1v

392 306 438 346 et
458 317 503 345 se
524 302 659 345 talem
679 301 768 346 illis
788 302 1008 353 exhibeat,
1027 305 1081 345 ut
1107 302 1250 345 uitam
1276 301 1371 345 eius
1398 317 1455 345 ex
1479 302 1714 346 deuotione
1733 316 1860 360 prae-

392 371 543 415 ferant
581 386 697 422 suae,
737 374 784 415 et
822 371 1173 415 incolumitatem
1212 371 1333 414 illius
1374 371 1597 429 quandam
1637 372 1860 429 publicam

391 444 602 498 reputent
639 441 805 494 uitam3
852 444 898 484 et
937 441 977 484 ei
1020 444 1128 484 tunc
1167 441 1317 484 omnia
1363 446 1481 485 recte
1527 441 1775 498 procedent,
1815 443 1861 483 et

390 525 632 568 paucorum
666 510 859 568 stipatus
888 510 1097 567 obsequio
1131 510 1418 567 praeualebit‚
1451 511 1489 554 si
1524 525 1635 567 opus
1669 513 1747 561 est,
1783 510 1859 553 ad-

390 595 546 623 uersus
570 579 926 623 innumerabiles.
988 579 1135 623 Fortis
1157 580 1322 623 etenim
1342 583 1410 623 est
1439 582 1492 623 ut
1521 595 1639 623 mors
1659 579 1860 632 dilectio;
1876 595 1895 629 5

390 653 436 692 et
464 664 642 701 cuneus,
674 664 805 706 quem
840 648 1029 692 funiculi
1059 649 1223 702 amoris
1254 650 1577 707 constringunt,
1609 664 1698 692 non
1730 648 1861 693 facile

390 719 627 776 rumpitur.

348 805 374 835 c
447 788 667 831 Dorenses
686 802 786 831 cum
811 787 1158 830 Atheniensibus
1178 788 1422 845 pugnaturi
1443 787 1497 830 de
1519 790 1683 830 euentu
1703 787 1859 844 praelii

337 1692 366 1732 d

388 857 567 900 oracula
595 857 923 900 consuluerunt.
983 857 1259 913 Responsum
1295 859 1362 899 est
1391 856 1639 913 superiores
1671 855 1779 907 fore,
1810 856 1859 898 ni

387 941 536 984 regem
576 925 917 969 Atheniensium
949 926 1220 969 occidissent.
1281 924 1395 969 Cum
1435 929 1621 969 uentum
1662 928 1776 968 esset
1810 925 1859 968 in
1879 939 1921 963 10

386 995 564 1046 bellum,
596 995 814 1037 militibus
853 997 958 1037 ante
992 994 1142 1037 omnia
1180 994 1298 1051 regis
1337 994 1538 1038 custodia
1576 994 1858 1052 praecipitur.

387 1064 735 1108 Atheniensibus
759 1078 810 1106 eo
836 1066 1034 1120 tempore
1064 1078 1144 1107 rex
1169 1062 1342 1107 Codrus
1366 1067 1474 1107 erat.
1535 1064 1634 1117 Qui,
1649 1078 1858 1121 responso

386 1134 458 1176 dei
494 1138 539 1177 et
573 1134 819 1191 praeceptis
855 1133 1051 1176 hostium
1091 1133 1292 1191 cognitis,
1322 1136 1496 1176 mutato
1533 1133 1650 1191 regis
1689 1133 1859 1184 habitu,

385 1206 610 1246 sarmenta
629 1203 740 1246 collo
759 1218 916 1260 gerens
936 1206 1082 1247 castra
1097 1203 1292 1246 hostium
1313 1203 1574 1260 ingreditur.
1632 1202 1704 1245 Ibi
1724 1202 1858 1246 turba

385 1273 695 1316 obsistentium
726 1287 753 1315 a
783 1272 936 1325 milite,
965 1287 1095 1330 quem
1123 1272 1236 1316 falce
1266 1275 1553 1330 percusserat,
1580 1272 1856 1316 interficitur.
1877 1286 1918 1321 15
1973 1267 1976 1270 ’

386 1341 578 1400 Cognito
618 1342 734 1400 regis
773 1356 964 1399 corpore,
1004 1342 1225 1386 Dorenses
1273 1342 1367 1386 sine
1406 1342 1574 1399 praelio
1613 1341 1858 1387 discedunt.

385 1412 534 1468 Atque
574 1412 639 1454 ita
678 1411 973 1455 Athenienses
1012 1412 1182 1455 uirtute
1222 1411 1357 1462 ducis,
1391 1426 1472 1469 pro
1506 1411 1650 1454 salute
1684 1412 1856 1468 patriae

383 1482 518 1539 morti
558 1496 605 1524 se
643 1481 879 1532 offerentis,
914 1481 1028 1524 bello
1067 1481 1327 1524 liberantur.
1386 1481 1502 1524 Item
1544 1480 1767 1538 Ligurgus
1807 1480 1855 1523 in

383 1566 521 1608 regno
550 1565 630 1594 suo
662 1550 839 1594 decreta
867 1551 1142 1594 constituens
1172 1550 1384 1609 populum
1415 1550 1463 1593 in
1493 1550 1703 1607 obsequia
1732 1550 1853 1607 prin-

381 1622 542 1678 cipum,
577 1620 797 1678 principes
826 1620 883 1662 ad
919 1620 1136 1663 iustitiam
1172 1620 1457 1677 imperiorum
1492 1619 1715 1672 firmauit;
1754 1620 1852 1662 auri
1874 1637 1918 1661 ιο

383 1691 644 1748 argentique
674 1705 804 1733 usum
834 1693 880 1732 et
910 1690 1107 1732 omnium
1143 1689 1354 1732 scelerum
1387 1689 1619 1732 materiam
1649 1689 1855 1743 sustulit;

382 1760 557 1802 senatui
586 1759 831 1803 custodiam
860 1759 1020 1817 legum,
1040 1758 1204 1816 populo
1224 1758 1481 1815 sublegendi
1508 1762 1710 1801 senatum
1733 1761 1854 1816 pote·
1906 1809 1907 1812 Ἴ

381 1832 542 1872 statem
570 1829 716 1881 dedit;
748 1828 910 1872 statuit
936 1828 1156 1885 uirginem
1183 1827 1277 1870 sine
1305 1827 1408 1870 dote
1429 1827 1606 1878 nubere,
1622 1831 1674 1870 ut
1693 1842 1855 1873 uxores

382 1898 663 1954 eligerentur,
692 1912 782 1941 non
820 1897 1030 1955 pecunia;
1069 1896 1314 1939 maximum
1347 1896 1557 1939 honorem
1595 1911 1676 1953 pro
1709 1898 1853 1955 gradu

381 1967 515 2010 etatis
544 1982 698 2010 senum
729 1981 822 2010 esse
854 1966 1022 2018 uoluit;
1062 1980 1141 2009 nec
1176 1980 1281 2008 sane
1314 1979 1500 2022 usquam
1535 1969 1678 2009 terrae
1708 1967 1852 2011 locum
1873 1982 1914 2018 ²5

380 2036 706 2080 honoratiorem
728 2038 929 2079 senectus
959 2036 1104 2078 habet.
1164 2035 1348 2088 Deinde,
1372 2039 1424 2079 ut
1451 2036 1734 2079 eternitatem
1760 2037 1853 2081 suis

380 2105 551 2163 legibus
581 2106 718 2156 daret,
748 2105 1033 2148 iureiurando
1064 2104 1235 2162 obligat
1264 2105 1505 2155 ciuitatem,
1534 2105 1669 2148 nichil
1697 2120 1771 2149 eos
1798 2106 1853 2150 de

379 2175 474 2218 eius
488 2175 658 2232 legibus
671 2177 921 2217 mutaturos
936 2178 1174 2231 antequam
1192 2178 1504 2219 reuerteretur.
1557 2174 1855 2219 Proficiscitur

378 2248 528 2288 autem
545 2244 737 2295 Cretam,
752 2244 814 2286 ibi
835 2247 1097 2301 perpetuum
1123 2243 1306 2286 exilium
1323 2244 1428 2301 egit,
1444 2243 1645 2301 abicique
1661 2245 1853 2289 moriens

377 2329 476 2357 ossa
497 2329 577 2357 sua
597 2314 643 2357 in
665 2328 785 2356 mare
806 2313 947 2363 iussit,
968 2328 1022 2356 ne
1045 2312 1196 2356 relatis
1218 2312 1589 2356 Lacedaemonem
1613 2313 1781 2356 solutos
1806 2328 1852 2357 se
1872 2331 1915 2365 ³0

378 2383 590 2441 religione
620 2382 865 2426 iusiurandi
903 2382 949 2425 in
980 2382 1272 2426 dissoluendis
1308 2383 1480 2440 legibus
1510 2383 1852 2428 arbitrarentur.

379 2452 464 2495 His
499 2452 676 2510 quidem
713 2452 927 2510 exemplis
960 2467 1011 2495 co
1047 2452 1258 2495 libentius
1291 2455 1405 2504 utor,
1443 2451 1560 2509 quod
1601 2451 1851 2510 apostolum

378 2565 419 2602 31
450 2555 694 2592 iurisiurandi
714 2555 788 2591 138²

429 2656 445 2693 5
473 2647 595 2683 Fores,
610 2649 705 2684 cta:
732 2645 843 2683 Cant.
857 2645 933 2683 viii.
952 2647 985 2683 6.
1082 2646 1106 2683 6
1130 2658 1266 2682 cuneus
1280 2648 1373 2682 eta:
1400 2658 1431 2681 v.
1453 2644 1594 2683 Ecolcs.
1612 2645 1658 2682 iv.
1679 2655 1731 2683 12.
1830 2647 1851 2683 8

376 2696 419 2730 de
438 2700 566 2730 euentu
585 2697 658 2731 otc.
677 2705 686 2731 ε
716 2693 847 2730 lustin.
868 2693 904 2729 ii.
925 2695 948 2730 6
967 2693 1008 2739 ξς
1033 2694 1157 2730 16-21.
1332 2704 1372 2733 io
1393 2695 1570 2739 populum
1587 2695 1660 2731 etc.
1678 2704 1687 2729 :
1716 2692 1848 2730 lustin.

376 2741 429 2778 iii.
451 2752 471 2777 2
491 2741 508 2788 ξ
529 2752 568 2796 9..
733 2752 779 2778 2ο
794 2744 992 2788 firmauit:
1011 2742 1194 2786 formauit
1213 2740 1328 2777 habet
1348 2740 1524 2777 Iustinus.
1646 2742 1735 2776 auri
1752 2742 1823 2778 otc.
1840 2753 1848 2776 ε

378 2788 509 2825 Ιυκιὶη.
530 2788 582 2825 nii.
603 2799 622 2825 2
643 2788 660 2836 ξ
685 2799 736 2826 ¹2.
864 2799 907 2835 23
934 2790 1069 2825 Statuit
1086 2790 1182 2825 cta:
1212 2800 1242 2825 v.
1262 2788 1396 2826 lustin.
1419 2787 1473 2825 iii.
1493 2798 1513 2835 3
1534 2786 1575 2836 ξς
1597 2797 1675 2835 7-9.
1804 2789 1850 2826 26

379 2837 518 2873 Deinde
536 2838 630 2874 eta:
659 2836 790 2874 lustin.
811 2835 863 2873 iii.
884 2846 904 2883 3
925 2835 966 2884 §§
990 2845 1043 2883 11,
1066 2846 1118 2873 12.

487 2901 549 2935 ²⁴²
