1994 3190
167 176 265 210 cAP.
280 162 414 224 xx1x]
505 181 507 186 2
690 158 1130 205 POLICRATIGVS
1645 169 1726 210 47⁵
1746 170 1773 206 c

165 283 384 341 cognouit,
414 283 494 325 aut
533 280 571 323 si
611 279 871 337 qualitatem
911 279 1122 335 temporis
1154 279 1426 322 imminentis
1458 278 1629 336 experi-

164 355 414 396 mentorum
443 349 618 392 indiciis
647 348 827 405 colligit.
886 347 1006 390 Dum
1036 350 1186 390 tamen
1215 349 1285 390 his
1315 348 1631 405 posterioribus

165 434 442 478 nequaquam
489 419 588 475 quis
637 417 702 460 ita
747 431 900 460 aurem
950 417 1258 466 accommodet,
1298 421 1350 460 ut
1397 418 1501 460 fidei
1551 419 1631 459 aut

159 489 366 546 -religioni
405 487 700 544 praeiudicet3
741 485 818 529 sed
857 499 937 528 nec
976 485 1108 542 primi
1147 486 1356 528 audiendi
1392 490 1509 536 sunt,
1543 486 1630 529 nisi

128 578 148 612 5
163 559 211 601 in
231 572 282 600 eo
303 556 420 614 quod
439 556 685 612 loquuntur
703 569 730 597 a
750 554 952 603 Domino,
973 553 1090 610 quod
1110 567 1353 610 numquam
1374 554 1630 611 religionem

163 627 409 684 impugnat,
441 625 547 682 quia
580 638 736 667 uerum
771 637 878 665 uero
916 622 1072 678 nequit
1107 636 1200 664 esse
1240 623 1511 664 contrarium
1551 637 1631 666 nec

162 696 327 740 bonum
348 695 474 738 bono.
533 693 596 736 At
616 692 785 751 phisici,
806 692 913 734 dum
933 694 1121 733 naturae
1142 691 1330 733 nimium
1351 692 1631 734 auctoritatis
1648 692 1678 732 d

163 765 430 816 attribuunt,
442 764 489 806 in
510 766 734 806 auctorem
749 764 937 804 naturae
957 760 1234 802 aduersando
1249 759 1351 802 fidei
1373 760 1632 816 plerumque

163 834 430 891 impingunt.
489 832 593 875 Non
613 831 731 874 enim
755 845 907 874 omnes
931 829 1091 872 erroris
1118 843 1269 886 arguo,
1289 829 1392 872 licet
1419 829 1633 885 plurimos

108 920 149 951 ιο
166 903 381 947 audierim
407 902 462 945 de
482 901 641 951 anima,
661 901 716 943 de
745 899 991 943 uirtutibus
1011 902 1057 942 et
1084 898 1291 955 operibus
1312 898 1418 947 eius,
1446 898 1500 940 de
1525 913 1632 955 aug-

165 975 316 1015 mento
346 971 540 1029 corporis
571 973 617 1014 et
648 970 954 1018 diminutione,
985 968 1039 1011 de
1074 967 1393 1011 resurrectione
1425 967 1632 1017 eiusdem,

165 1042 220 1085 de
249 1042 469 1085 creatione
499 1055 646 1083 rerum
677 1039 808 1082 aliter
836 1053 969 1095 quam
999 1038 1108 1080 fides
1143 1038 1306 1080 habeat
1341 1037 1631 1094 disputantes.

132 1104 134 1107 ¹
166 1111 233 1155 De
252 1111 348 1169 ipso
368 1125 541 1168 quoque
561 1109 656 1152 Deo
675 1108 900 1152 interdum
920 1107 986 1151 ita
1005 1107 1261 1164 loquuntur,
1281 1110 1333 1149 ut

395 1219 433 1263 si
463 1218 711 1277 terrigenae
742 1219 1014 1275 temptarent
1043 1219 1164 1259 astra
1188 1215 1403 1273 gigantes,

110 1349 148 1385 ¹⁵
167 1331 213 1373 et
261 1328 384 1372 inani
427 1330 589 1372 conatu
637 1341 738 1370 cum
788 1324 1040 1368 Enchelado
1087 1327 1140 1367 ut
1189 1324 1252 1367 eis
1303 1323 1476 1366 Ethnae
1523 1337 1635 1366 onus

166 1397 400 1456 ignifluum
427 1397 684 1454 imponatur
702 1395 886 1452 cupiant
913 1393 1164 1452 promereri.
1224 1393 1311 1436 Sed
1339 1393 1385 1435 in
1411 1393 1480 1435 his
1506 1392 1635 1435 facile

165 1467 255 1511 labi
294 1469 490 1524 possunt,
521 1466 626 1523 quia
665 1464 1010 1522 quanticumque
1049 1462 1216 1520 ingenii
1246 1462 1365 1504 uires
1394 1463 1507 1505 citra
1535 1477 1635 1519 pro-

166 1535 436 1580 funditatem
477 1534 751 1578 difficultatis
791 1548 903 1590 quae
943 1533 990 1574 in
1030 1532 1100 1574 his
1139 1532 1334 1574 uertitur
1373 1531 1633 1574 subsistunt.
1652 1535 1736 1584 476
1757 1544 1787 1573 a

168 1605 255 1648 Vbi
295 1620 402 1648 uero
441 1605 590 1647 deficit
629 1603 891 1653 intellectuS,
926 1602 1029 1644 fidei
1070 1602 1241 1644 ratione
1281 1601 1481 1650 deducta,
1522 1616 1634 1658 quae

111 1692 154 1717 ιο
169 1675 314 1718 media
345 1677 423 1725 est,
457 1677 597 1717 restat
629 1673 723 1716 sola
757 1672 916 1730 opinio.
977 1671 1091 1715 Cum
1126 1685 1232 1714 uero
1263 1671 1317 1713 de
1350 1670 1635 1714 inferioribus

169 1744 409 1802 quaeritur,
435 1746 545 1801 puta
572 1743 626 1786 de
653 1742 954 1799 complexione
982 1740 1186 1784 animalis
1214 1740 1268 1783 de
1297 1754 1429 1783 causa
1459 1743 1504 1782 et
1529 1755 1636 1783 cura

169 1813 432 1871 egritudinis
452 1812 515 1856 eis
535 1812 715 1869 omnino
735 1811 871 1854 nichil
897 1811 1019 1854 deest
1046 1814 1223 1868 praeter
1247 1810 1451 1852 effectum
1478 1810 1635 1866 operis,

168 1882 207 1926 si
236 1882 275 1926 is
303 1882 589 1926 desideratur.
650 1882 708 1924 Et
738 1881 916 1937 quidem
947 1880 1131 1923 theorici
1162 1879 1371 1936 quicquid
1403 1894 1533 1922 suum
1568 1883 1637 1922 est

169 1951 352 2003 faciunt,
372 1954 418 1995 et
447 1951 562 1995 forte
592 1965 673 2008 pro
702 1964 850 1992 amore
880 1952 959 1992 tuo
989 1949 1180 2006 amplius
1210 1949 1457 2006 erogabunt
1486 1948 1544 1990 ab
1574 1948 1637 1991 eis

112 2037 153 2072 ²5
169 2021 443 2079 singularum
476 2035 624 2064 rerum
659 2033 813 2063 causas
852 2021 898 2061 et
936 2021 1120 2060 naturas
1150 2018 1346 2075 accipies.
1418 2018 1637 2061 Sanitatis

171 2090 434 2149 egritudinis
454 2093 500 2134 et
518 2089 820 2133 neutralitatis
846 2102 1046 2131 censores
1070 2091 1187 2130 sunt.
1248 2088 1371 2130 Dant
1398 2088 1636 2130 sanitatem

170 2160 306 2203 uerbo
349 2163 479 2204 tenus
522 2163 568 2203 et
606 2161 895 2210 conseruant3
944 2157 1278 2200 neutralitatem
1326 2158 1481 2200 iubent
1521 2158 1636 2201 istuc

171 2228 413 2282 diuertere3
460 2228 725 2301 egrit'udinis
764 2227 1029 2284 praeuident
1075 2230 1120 2269 et
1167 2227 1326 2270 docent
1365 2242 1530 2277 causas,
1570 2227 1637 2268 in·

171 2297 326 2341 dicunt
364 2298 405 2341 ei
444 2297 623 2341 initium
663 2300 952 2354 augmentum
993 2299 1161 2338 statum
1202 2300 1247 2338 et
1286 2296 1637 2339 declinationem.

114 2379 158 2414 30
175 2366 292 2420 Quid
311 2367 486 2411 multa?
543 2366 657 2411 Cum
678 2381 752 2410 eos
772 2365 1142 2417 audio,uidentur
1162 2366 1272 2408 mihi
1294 2380 1420 2422 posse
1440 2368 1638 2407 mortuos

174 2435 398 2486 suscitare,
430 2450 510 2480 nec
545 2436 778 2493 Esculapio
814 2435 1089 2478 Mercurioue
1121 2435 1364 2478 creduntur
1394 2434 1637 2477 inferiores.
1655 2435 1685 2476 b

174 2504 489 2548 Verumtamen
518 2505 566 2547 in
595 2520 646 2549 eo
680 2520 842 2563 magna
871 2504 1033 2547 mentis
1067 2504 1375 2547 ammiratione
1414 2503 1640 2546 distrahor

226 2659 268 2694 14
292 2650 334 2685 Si
347 2651 544 2704 ferrcyenae
560 2652 656 2688 etc.:
681 2650 768 2687 Luc.
787 2651 915 2688 Phar-8.
932 2650 986 2687 iii.
1007 2651 1086 2696 316.
1262 2659 1315 2697 15,
1340 2651 1382 2687 16
1407 2651 1638 2686 Enchelado:

177 2695 359 2733 Enceladi
383 2697 614 2734 mentionem
638 2710 749 2744 saepe
774 2698 920 2734 faciunt
944 2701 1118 2734 auctores
1143 2709 1236 2743 quos
1261 2697 1357 2744 legit
1382 2698 1526 2738 Noster,
1554 2709 1586 2733 e.
1601 2710 1638 2744 g.

178 2743 315 2784 Lucan.
331 2745 460 2781 Pham.
476 2744 524 2780 vi.
542 2755 632 2790 2943
664 2745 860 2782 claudian.
877 2748 918 2781 in
944 2747 1022 2781 ΙΙΙ.
1046 2757 1140 2782 cons.
1158 2747 1297 2781 Honor.
1320 2747 1379 2781 161
1398 2758 1407 2789 ;
1442 2747 1640 2791 iym’fluum

179 2790 452 2838 ap..Claudian.
469 2793 555 2828 ibid.
576 2794 641 2838 196
657 2792 698 2829 in
714 2795 896 2829 contextu
911 2793 1016 2829 haud
1032 2791 1209 2829 dissimili
1226 2792 1423 2839 reperitur.

1466 2862 1528 2908 167
