1994 3190
165 200 264 233 οΔΡ.
278 185 400 247 xxn]
672 184 1111 230 POLICRATICVS
1648 196 1727 238 453
1745 189 1775 228 b

163 307 470 367 prouidentiae
500 321 590 350 non
624 305 836 363 impletur
869 303 1060 356 effectus,
1091 305 1209 362 quod
1244 305 1449 349 futurum
1484 311 1552 351 est
1586 310 1633 352 et

163 392 253 421 non
293 376 469 420 euenire
507 377 665 432 potest,
699 376 848 431 potest
886 373 1022 416 etiam
1061 388 1151 416 non
1191 374 1328 419 fuisse
1366 377 1632 433 praeuisum.

163 446 268 490 Non
313 449 475 496 tamen,
517 447 570 487 ut
610 442 886 500 praedictum
927 446 1006 494 est,
1045 443 1404 502 inuestigationis
1449 446 1634 490 audacia

163 514 529 572 omnipotentiam
559 513 712 555 minuo
741 515 822 555 aut
855 512 1146 556 immensitati
1182 514 1276 556 eius
1312 530 1634 572 quamcumque

124 605 144 640 5
161 584 411 644 praescribo
430 596 693 626 mensuram.
753 581 851 625 Hoc
878 584 1028 624 autem
1048 596 1149 625 cum
1175 583 1329 626 multis
1355 586 1510 635 sentio,
1530 585 1636 642 quia

161 655 200 700 si
230 653 338 712 quid
372 652 494 695 Deus
527 650 763 708 praeuidit‚
794 650 969 693 eueniet
982 665 993 703 ;
1032 654 1078 694 et
1109 651 1148 694 si
1183 666 1273 694 non
1305 653 1515 703 euenerit,
1544 668 1635 696 non

161 723 394 782 praeuidit.
473 721 601 764 Vnde
638 719 931 778 probabiliter
968 720 1026 762 ad
1066 721 1213 763 minus
1253 721 1477 779 colligitur
1518 723 1634 779 quia,

161 792 200 836 si
229 794 376 850 potest
404 806 493 834 non
524 790 712 840 euenire,
738 791 886 846 potest
915 789 1050 832 etiam
1081 804 1170 832 non
1201 789 1338 834 fuisse
1367 791 1632 848 praeuisum.

163 860 282 916 Quid
301 860 419 904 enim
439 874 495 902 ex
516 873 603 916 quo
623 858 842 902 ueraciter
860 862 1167 915 consequatur,
1187 858 1285 916 ipsa
1307 860 1475 902 ueritas
1495 860 1634 912 nouit,

103 948 146 974 ιο
162 931 500 987 iuncturamque
529 928 754 972 rationum
785 928 914 985 plene
946 931 992 970 et
1026 927 1221 986 perfecte
1255 929 1488 986 primitiua
1519 930 1635 973 ratio

161 1002 328 1058 pensat.
389 998 517 1042 Hanc
553 1000 703 1041 autem
735 997 931 1040 humano
964 997 1117 1055 generi
1155 997 1359 1056 indulget
1394 997 1634 1042 Academia

162 1069 348 1127 antiqua
366 1068 590 1112 licentiam
610 1070 674 1118 ut,
694 1066 905 1124 quicquid
924 1067 1163 1124 unicuique
1183 1067 1410 1124 probabile
1430 1068 1633 1120 occurrit,
1651 1083 1676 1112 c

161 1152 242 1182 suo
270 1138 366 1181 iure
394 1137 616 1181 defendat.
677 1135 859 1180 Solebat
888 1136 1029 1179 nostri
1066 1137 1277 1194 temporis
1313 1136 1634 1194 Peripateticus

161 1207 391 1252 Palatinus
433 1206 637 1250 omnibus
686 1205 756 1248 his
805 1204 1131 1248 conditionibus
1177 1205 1369 1256 obuiare,
1417 1206 1495 1248 ubi
1544 1221 1635 1249 non

104 1296 146 1333 ¹⁵
163 1277 386 1335 sequentis
419 1276 694 1320 intellectum
733 1274 1035 1318 antecedentis
1074 1275 1301 1332 conceptio
1339 1275 1519 1327 claudit,
1554 1280 1634 1319 aut

162 1361 252 1392 non
307 1346 607 1391 antecedentis
655 1345 929 1388 contrarium
978 1345 1286 1402 consequentis
1337 1345 1632 1389 destructoria

162 1416 300 1475 ponit,
330 1431 381 1461 eo
415 1416 533 1474 quod
568 1429 719 1458 omnes
758 1413 1050 1458 necessariam
1085 1416 1235 1458 tenere
1270 1416 1631 1472 consequentiam

161 1486 316 1538 uelint,
339 1486 424 1530 etsi
453 1484 692 1529 nonnullae
723 1485 816 1528 sola
845 1484 952 1527 dum
983 1487 1134 1527 tamen
1163 1498 1327 1541 magna
1357 1485 1448 1527 sint
1474 1486 1631 1542 proba-

162 1555 336 1600 bilitate
364 1558 609 1600 contentae.
668 1555 796 1599 Sicut
821 1554 939 1597 enim
960 1553 1170 1597 scientiae
1195 1554 1364 1597 assistit
1384 1555 1634 1599 euidentior

104 1641 149 1667 πο
163 1639 244 1683 pro
263 1625 332 1669 sui
351 1625 666 1683 perspicuitate
685 1624 847 1682 opinio,
866 1623 929 1667 sic
956 1626 1002 1666 et
1029 1622 1206 1680 singula
1227 1637 1314 1679 quo
1334 1623 1634 1680 probabiliora

164 1697 281 1746 sunt,
319 1709 372 1739 eo
409 1695 756 1738 necessariorum
795 1693 1039 1736 fideliorem
1079 1692 1319 1750 imaginem
1359 1693 1633 1750 praeferunt.

165 1763 224 1807 Et
242 1778 298 1807 ne
316 1778 386 1807 me
407 1763 542 1807 solius
563 1763 783 1821 opinionis
809 1763 979 1806 lubrico
998 1763 1215 1806 fluctuare
1242 1765 1384 1818 putes,
1404 1766 1630 1807 auctorem

163 1847 251 1891 quo
288 1847 358 1877 me
392 1836 520 1877 tueor
558 1848 770 1891 magnum
811 1832 989 1890 profero
1024 1832 1341 1889 Augustinum,
1371 1833 1448 1889 qui
1487 1833 1631 1876 locum

163 1902 290 1946 illum
309 1917 533 1961 exponens
553 1902 799 1961 Euangelii,
818 1902 896 1945 ubi
923 1902 978 1945 de
1002 1902 1157 1944 multis
1183 1902 1499 1953 mansionibus,
1519 1917 1632 1960 quae
1650 1904 1679 1944 d

105 1986 148 2022 σε,
165 1972 213 2016 in
241 1972 372 2016 domo
401 1973 546 2016 Patris
574 1975 693 2024 sunt,
722 1987 749 2015 a
779 1971 1013 2015 Saluatore
1042 1972 1095 2014 fit
1124 1972 1304 2023 mentio,
1334 1973 1424 2015 ait:
1465 1973 1515 2016 Si
1545 1988 1633 2030 quo
1689 2015 1696 2023 ,

164 2041 311 2085 minus
330 2041 539 2085 dixissem
559 2041 698 2092 uobis,
718 2041 823 2098 quia
842 2041 959 2084 uado
979 2055 1135 2098 parare
1156 2041 1283 2084 uobis
1311 2041 1466 2092 locum,
1487 2042 1533 2084 id
1554 2046 1634 2093 est,

164 2110 202 2154 si
231 2125 320 2154 non
347 2114 492 2155 essent
517 2110 848 2168 praedestinati,
869 2110 1092 2161 dixissem,
1113 2110 1187 2154 ibo
1214 2115 1259 2155 et
1282 2112 1633 2169 praedestinabo.

163 2177 482 2223 Diuersitatem
521 2179 686 2223 etenim
735 2179 1015 2222 mansionum
1057 2194 1170 2236 quae
1220 2181 1268 2223 in
1314 2180 1445 2224 domo
1491 2182 1634 2239 patris

164 2247 313 2292 electis
361 2249 452 2292 suis
499 2252 788 2307 praeparatae
837 2252 955 2300 sunt,
1004 2249 1184 2292 diuinae
1236 2251 1633 2307 praedestinationi

102 2333 150 2370 30
166 2319 355 2374 coaptat,
402 2332 515 2374 quae
563 2317 790 2360 saluandis
838 2332 920 2375 pro
973 2317 1085 2361 bene
1137 2318 1302 2376 placito
1357 2320 1633 2377 disponentis

165 2385 284 2442 parit
322 2385 498 2428 diuersa
535 2386 771 2430 carismata
809 2386 1057 2444 gratiarum
1102 2390 1148 2430 et
1191 2402 1438 2432 munerum.
1517 2388 1632 2432 Cum

95 2505 100 2509 ,
166 2468 270 2511 ergo
318 2456 471 2497 tantus
519 2457 647 2511 pater
694 2454 812 2498 hunc
861 2455 1205 2512 apprehenderit
1250 2457 1633 2515 interpretationis

166 2556 383 2640 ιιιξτὲαἰῖεη]
402 2559 484 2594 tam
499 2557 560 2594 CB
719 2568 766 2605 29
791 2556 923 2596 electis
939 2557 1030 2605 suis]
1049 2559 1226 2597 caelestis
1243 2559 1284 2596 M
1452 2572 1497 2608 32
1523 2561 1629 2608 ergo]

219 2694 273 2729 13,
294 2694 337 2728 14
359 2685 615 2730 Peripateticus
639 2687 854 2722 Palatinus:
880 2684 904 2722 i.
918 2697 950 2723 e.
975 2686 1214 2730 Abailardus‚
1237 2689 1283 2724 ut
1308 2700 1448 2734 supra;
1472 2701 1504 2725 v.
1527 2691 1628 2726 Dial.

169 2730 227 2766 III
255 2732 387 2777 Topica
411 2731 532 2776 (Ouvr.
558 2734 660 2769 Ine'd.
684 2744 748 2780 pp.
776 2742 841 2780 335
867 2733 996 2779 seqq).
1115 2745 1159 2780 23
1185 2736 1454 2782 Augustinum:
1480 2749 1513 2772 v.
1533 2738 1630 2783 Aug.

169 2777 629 2863 Zss‘ffft‘sszss‘f'ss‘vfffffi’
647 2779 665 2827 ξ
688 2791 703 2817 1
724 2779 872 2827 (Migne
889 2782 936 2856 P.
947 2782 991 2818 L.
1008 2792 1120 2818 xxxv.
1140 2783 1259 2830 1814).
1436 2794 1455 2820 2
1461 2792 1478 2830 5
1505 2786 1547 2820 Si
1562 2796 1630 2831 quo

237 2896 318 2916 wass
882 2897 904 2926 g
1452 2902 1466 2927 χ
1475 2903 1516 2937 ²9
