1994 3190
248 174 335 215 420
350 165 384 206 b
727 162 988 208 IOANNIS
1029 162 1540 209 SARESBERIENSIS
1688 162 1808 225 [ΜΒ.
1824 176 1864 210 11

354 288 384 326 b
401 284 460 327 ad
485 283 674 328 iudicem
701 284 1012 334 Romanorum,
1030 283 1150 341 apud
1177 299 1307 341 quem
1332 284 1484 342 flagris
1509 285 1568 328 ad
1597 299 1696 328 ossa
1723 299 1864 343 usque

400 354 596 397 laniatus
624 367 766 410 neque
794 367 944 410 preces
970 367 1113 410 neque
1140 353 1343 396 lacrimas
1373 353 1505 397 fudit.
1557 354 1652 397 ,Sed
1678 355 1864 398 eandem

397 438 552 466 uocem
581 422 892 466 miserabiliter
925 425 972 465 et
1001 436 1100 465 cum
1128 422 1318 479 quodam
1349 423 1518 466 eiulatu
1548 423 1756 466 emittens
1783 438 1864 481 per

397 492 575 550 singula
613 507 724 549 pene
762 492 948 534 uerbera
982 490 1248 548 proferebat,
1282 491 1449 534 addens
1479 491 1614 534 etiam
1654 492 1759 536 hoc:
1795 493 1863 536 Ve

396 577 454 605 ue
477 562 756 605 Ierosolimis.
817 561 1104 617 Prosequitur
1127 564 1173 604 et
1195 561 1318 604 aliud
1337 561 1454 604 idem
1479 561 1863 619 historiographus
1879 581 1899 615 5

396 632 563 675 maiore
581 634 757 689 gestum
777 630 1000 680 miraculo,
1013 629 1162 672 dicens
1176 630 1401 674 oraculum
1417 630 1638 687 quoddam
1658 630 1706 673 in
1726 631 1863 676 sacris

395 701 558 744 litteris
585 703 820 758 repertum,
841 699 958 756 quod
984 713 1064 756 per
1089 699 1206 742 idem
1231 702 1406 757 tempus
1430 700 1578 742 uirum
1608 699 1863 757 designaret

394 785 452 813 ex
482 785 633 813 eorum
663 770 841 827 regione
870 782 1186 825 processurum,
1216 769 1292 825 qui
1327 769 1465 812 totius
1494 769 1612 812 orbis
1641 769 1863 826 potiretur

395 840 589 897 imperio.
662 839 800 883 Cuius
829 838 995 882 oraculi
1024 838 1301 895 praesagium
1330 838 1447 881 idem
1477 838 1861 896 historiographus

396 909 717 966 Vespasianum
747 908 969 951 declarare
999 907 1258 964 suspicatur.
1323 907 1411 950 Sed
1442 907 1740 964 Vespasianus
1770 922 1860 951 non
1879 926 1924 951 ιο

395 978 495 1021 aliis
525 993 658 1035 quam
687 977 776 1020 illis
805 976 908 1020 solis
937 976 1145 1034 gentibus
1173 991 1285 1033 quae
1315 977 1512 1020 Romano
1532 977 1717 1034 imperio
1736 977 1860 1020 uide-

352 1060 379 1089 c
397 1048 562 1090 bantur
586 1047 789 1090 subditae
814 1046 1067 1089 dominatus
1087 1048 1164 1089 est.
1224 1046 1350 1089 Vnde
1370 1046 1532 1089 iustius
1551 1046 1608 1088 ad
1629 1045 1859 1090 Christum

395 1117 503 1159 haec
523 1130 733 1172 responsa
758 1115 1026 1165 referuntur,
1045 1114 1104 1157 ad
1131 1129 1261 1172 quem
1281 1114 1399 1158 dixit
1420 1115 1575 1159 Pater:
1605 1115 1711 1158 Pete
1730 1130 1758 1157 a
1777 1129 1860 1166 me,

395 1189 442 1228 et
465 1186 579 1228 dabo
598 1185 682 1227 tibi
702 1187 857 1241 gentes
877 1184 1169 1227 hereditatem
1189 1187 1312 1227 tuam
1333 1187 1379 1227 et
1398 1182 1858 1242 possessionem‘tuam

394 1254 607 1298 terminos
636 1257 803 1296 terrae:
839 1256 885 1296 et
913 1253 1039 1296 cuius
1068 1267 1147 1310 per
1176 1253 1292 1296 idem
1320 1256 1496 1311 tempus
1530 1268 1609 1311 per
1638 1253 1860 1311 apostolos
1879 1272 1917 1306 ¹⁵

395 1338 498 1366 suos
518 1324 566 1365 in
593 1337 767 1366 omnem
787 1325 951 1365 terram
973 1322 1115 1365 exiuit
1135 1336 1268 1365 sonus
1297 1325 1342 1366 et
1369 1323 1416 1364 in
1445 1323 1555 1366 fines
1574 1323 1694 1366 orbis
1713 1326 1859 1366 terrae

393 1391 532 1435 uerba
551 1407 715 1436 eorum.

393 1561 499 1619 Cap.
521 1571 561 1617 5.
614 1561 799 1616 Quanta
818 1561 969 1619 fuerit
993 1561 1232 1606 calamitas
1257 1561 1532 1612 obsessorum,
1552 1566 1590 1605 et
1611 1561 1857 1607 obstinatae

566 1631 775 1675 malitiae
794 1632 898 1689 quis
906 1631 1057 1688 fuerit,
1067 1631 1196 1688 finis,
1216 1635 1254 1675 et
1274 1645 1389 1688 quae
1406 1631 1550 1689 pietas
1571 1631 1676 1675 Titi.

448 1734 512 1776 At
544 1749 601 1777 ne
635 1736 705 1777 tot
734 1736 779 1777 et
807 1736 937 1777 tanta
965 1734 1195 1778 mediocris
1223 1735 1379 1793 plagae
1413 1738 1492 1778 aut
1526 1735 1854 1792 perfunctoriae
1874 1746 1917 1770 ²0

389 1803 709 1861 indignationis
741 1803 823 1846 Dei
855 1804 1068 1847 aduersus
1103 1804 1455 1861 impenitentiam
1492 1804 1731 1848 Iudeorum
1765 1805 1853 1863 sig-

388 1887 548 1916 norum
578 1873 862 1930 praecessisse
891 1873 1130 1916 uideantur
1152 1874 1325 1925 indicia,
1346 1874 1642 1917 calamitatem
1672 1874 1853 1917 intoler-

390 1942 563 1991 abilem,
575 1942 796 1984 excidium
817 1942 1114 1999 irreparabile,
1127 1943 1384 2000 reprobatae
1401 1946 1446 1986 et
1461 1946 1691 1986 excecatae
1707 1943 1854 2001 gentis

391 2011 639 2053 inauditam
669 2013 715 2053 et
743 2011 912 2054 cunctis
943 2012 1127 2055 saeculis
1161 2012 1430 2070 incognitam
1461 2012 1722 2055 seruitutem
1756 2027 1852 2056 suc-

348 2086 378 2125 d
394 2081 563 2123 cinctus
597 2095 739 2123 sermo
771 2084 1009 2136 percurrat.
1082 2081 1272 2134 Quantis
1311 2096 1416 2139 ergo
1447 2081 1574 2124 malis
1610 2084 1717 2124 tunc
1751 2082 1849 2124 uni·
1872 2091 1914 2127 ²5

393 2165 522 2192 uersa
541 2149 731 2192 multata
750 2150 820 2199 sit,
841 2153 978 2207 utque
998 2150 1096 2207 ipsa
1115 2150 1277 2194 Iudeae
1304 2153 1423 2194 terra
1451 2151 1574 2201 bello,
1596 2151 1724 2202 fame,
1746 2152 1852 2210 igni,

390 2218 682 2275 caedibusque
714 2222 892 2262 uastata
931 2220 1001 2269 sit,
1036 2223 1205 2276 quanta
1238 2220 1499 2277 populorum
1536 2220 1669 2271 milia,
1704 2223 1854 2278 patres

389 2288 520 2330 simul
551 2302 649 2330 cum
681 2287 941 2343 coniugibus
973 2303 1023 2330 ac
1053 2288 1251 2345 paruulis
1284 2288 1433 2332 liberis
1468 2289 1632 2346 absque
1668 2304 1852 2334 numero

388 2359 434 2399 et
454 2356 618 2413 absque
638 2356 898 2399 discretione
918 2357 1127 2400 trucidati
1153 2357 1252 2407 sint,
1275 2372 1386 2414 quac
1413 2358 1546 2401 ctiam
1575 2359 1850 2402 diuersarum

388 2426 566 2469 urbium
587 2426 845 2475 obsidiones,
865 2426 941 2468 sed
960 2429 1005 2469 et
1032 2426 1170 2483 ipsius
1191 2427 1446 2483 magnificae
1467 2431 1512 2470 et
1533 2427 1850 2473 famosissimae
1869 2442 1912 2476 30

389 2562 412 2596 ⁴
438 2550 553 2586 uerba
571 2549 607 2585 M
775 2560 791 2597 5
819 2549 1153 2597 hystoriographus
1172 2551 1243 2586 AM
1411 2564 1433 2600 9
1458 2552 1793 2601 hystoriographus
1812 2553 1851 2591 M

395 2608 435 2643 13
460 2597 608 2634 dixerut
625 2596 649 2632 S
798 2599 840 2635 16
860 2604 939 2644 post
957 2610 1067 2635 sonus
1084 2601 1167 2635 add.
1185 2611 1314 2635 corum
1332 2599 1398 2635 SM
1544 2611 1587 2646 19
1613 2613 1710 2647 quae
1729 2614 1796 2639 om.
1815 2601 1849 2638 S.

388 2646 429 2680 in
446 2647 544 2681 mbr.
561 2658 637 2691 cap.
655 2646 770 2691 praes.
916 2647 961 2682 26
987 2645 1168 2683 mulctata
1186 2646 1222 2681 M

441 2768 480 2803 ¹3
508 2760 587 2794 Pete
603 2761 695 2795 οἶαι
716 2759 769 2794 Pu.
789 2758 826 2794 ii.
843 2762 874 2796 8.
975 2761 1016 2796 16
1044 2762 1082 2795 in
1099 2772 1235 2796 omnem
1253 2762 1346 2798 etc.:
1368 2761 1425 2797 Pa.
1443 2762 1543 2799 xviii.
1565 2771 1597 2808 5,
1615 2762 1721 2800 Rom.
1738 2775 1773 2800 x.
1798 2765 1850 2801 18.

389 2814 432 2853 25
462 2808 615 2850 Quantis·
633 2833 641 2843 .
660 2834 668 2842 .
689 2834 697 2843 .
715 2808 885 2853 Iosephus
903 2808 984 2854 (425
1002 2808 1064 2854 Α);
1092 2806 1224 2845 Buscb.
1243 2820 1332 2845 vers.
1350 2808 1486 2847 Ruffin.
1506 2809 1559 2847 iii.
1578 2819 1611 2857 5,
1628 2811 1662 2847 6.

499 2884 542 2920 74
