1994 3190
3 1491 5 1493 .
0 1393 5 1434 vv-
0 1268 13 1338 03ae
0 1195 12 1263 ‘yffi-fl,
0 1147 15 1189 ξς,
0 1137 13 1146 ,ι
0 980 14 1130 ava-*W
0 854 14 981 ,Σ-κ-υν,
0 770 13 853 ενδ-’.ν
0 683 9 766 ιιι-
4 660 6 662 «

207 193 303 226 on».
318 181 390 242 vr]
727 180 1164 227 POLICRATICVS
1691 193 1760 235 55¹
1775 194 1805 224 ‘c

207 301 386 345 iudicat.
451 300 744 346 Conterebam
774 301 913 344 molas
942 300 1096 357 iniqui.
1161 300 1349 358 Iniquus
1378 306 1446 346 est
1476 302 1676 360 quisquis

207 370 256 412 in
295 371 469 414 iudiciis
508 370 711 428 sequitur
750 384 840 412 non
879 384 1058 412 causam
1098 370 1175 412 sed
1224 371 1447 427 praedam,
1488 372 1564 429 qui
1615 372 1677 416 sic

207 454 393 483 munera
411 440 561 497 diligit
587 442 640 482 ut
665 442 878 496 sequatur
897 439 1223 482 retributiones.
1283 441 1341 482 Et
1365 441 1468 484 licet
1487 455 1678 498 aequum

207 509 268 552 sit
306 509 424 566 quod
461 508 659 552 decernit
697 507 754 551 ad
793 508 1000 565 pretium,
1039 508 1257 550 auaritiae
1296 510 1493 552 seruiens
1533 510 1680 568 pergit

117 563 120 569 ¹
166 590 188 626 5
207 578 256 621 in
281 581 480 622 mortem.
544 577 674 621 Vnde
701 577 925 634 sequitur:
957 576 1016 619 Et
1043 577 1097 619 de
1124 577 1333 620 dentibus
1360 578 1481 621 illius
1507 579 1679 622 aufere·
1698 582 1727 622 d

207 648 310 691 bam
329 648 551 706 praedam,
564 647 849 704 dicebamque
866 662 874 690 :
906 646 961 689 In
978 646 1131 689 nidulo
1152 661 1250 689 meo
1270 647 1444 690 moriar.
1487 648 1682 691 Mentem

206 717 358 774 itaque
392 720 698 775 composuerat
732 716 808 773 qui
845 730 993 759 rerum
1027 730 1210 759 suarum
1243 716 1538 773 amplitudine
1577 732 1681 760 con-

206 788 359 828 tentus
374 787 480 828 erat.
521 783 615 827 Nec
631 782 847 826 auaritiae
862 784 941 826 aut
958 782 1214 826 ambitionis
1230 783 1412 826 stimulo
1427 784 1682 842 urgebatur,

207 857 262 897 ut
276 853 456 898 domum
472 853 634 904 domui,
647 867 804 910 agrum
820 866 927 909 agro
940 852 1226 909 coniungeret
1238 867 1378 909 usque
1391 852 1449 895 ad
1470 853 1682 896 terminos

149 934 192 959 ¹0
210 923 293 967 loci
314 938 364 967 ac
384 923 422 966 si
442 923 561 966 solus
581 922 864 965 habitaturus
885 924 1000 965 esset
1020 921 1066 964 in
1088 922 1317 979 superficie
1336 924 1497 966 terrae.

269 992 328 1036 Et
366 993 482 1036 sicut
519 992 668 1050 palma
706 990 1010 1048 multiplicabo
1049 990 1154 1034 dies.
1224 991 1334 1034 Rem
1374 991 1681 1034 admirandam

209 1061 464 1105 Aristotiles
512 1061 560 1104 in
609 1060 797 1118 septimo
847 1060 1207 1104 Probleumatum
1255 1064 1301 1104 et
1351 1060 1584 1104 Plutarcus
1634 1061 1681 1103 in

210 1134 368 1174 octauo
407 1130 761 1174 Memorabilium
802 1129 933 1173 dicit:
984 1129 1033 1172 Si
1073 1144 1206 1187 super
1243 1130 1427 1187 palmae,
1460 1130 1682 1188 inquiunt,

212 1201 382 1244 arboris
437 1200 609 1258 lignum
662 1202 824 1256 inagna
877 1198 1074 1256 pondera
1132 1199 1344 1256 imponas,
1394 1214 1445 1243 ac
1504 1203 1682 1242 tantum

152 1283 193 1319 ¹5
212 1269 413 1327 grauiter
460 1283 618 1326 urgeas
667 1283 832 1318 oneres,
874 1271 927 1311 ut
975 1268 1237 1326 magnitudo
1281 1268 1427 1311 oneris
1473 1269 1683 1312 sustineri

212 1353 302 1382 non
342 1341 486 1396 queat,
525 1353 614 1382 non
654 1338 858 1381 deorsum
898 1338 1016 1381 cedit
1055 1352 1135 1381 nec
1175 1337 1222 1380 in
1269 1342 1435 1381 terram
1476 1339 1683 1389 flectitur,

211 1407 288 1452 sed
328 1407 541 1451 aduersus
580 1407 752 1464 pondus
791 1407 985 1464 resurgit
1025 1410 1070 1450 et
1109 1422 1285 1450 sursum
1328 1408 1492 1451 nititur
1535 1423 1682 1452 recur-

212 1479 446 1535 uaturque.
516 1476 765 1534 Propterea,
805 1476 953 1534 inquit
994 1477 1240 1532 Plutarcus‚
1280 1477 1450 1534 placuit
1488 1478 1681 1535 palmam

213 1546 390 1605 signum
419 1561 512 1590 esse
541 1547 753 1590 uictoriae
784 1546 831 1589 in
861 1547 1189 1597 certaminibus,
1219 1547 1429 1604 quoniam
1464 1547 1575 1604 ligni
1615 1547 1682 1590 in-
1698 1558 1776 1599 552
1797 1559 1827 1588 a

154 1635 198 1660 20
214 1616 393 1674 genium
414 1616 666 1659 huiusmodi
688 1619 756 1659 est
774 1619 827 1659 ut
847 1617 1110 1673 urgentibus
1131 1617 1573 1674 opprimentibusque
1594 1632 1683 1661 non

213 1686 351 1729 cedat.
412 1686 574 1728 Fertur
593 1685 700 1728 item
729 1685 846 1742 quod
874 1700 1024 1728 ramus
1052 1686 1147 1728 eius
1173 1686 1357 1743 palmae,
1378 1701 1491 1743 quae
1519 1685 1684 1730 Graece

213 1755 378 1798 dicitur
411 1755 632 1805 basileros,
668 1754 799 1797 auelli
836 1769 925 1797 non
960 1758 1107 1812 potest
1139 1755 1176 1798 si
1218 1756 1428 1798 trahatur
1466 1755 1684 1809 deorsum,

213 1825 302 1875 sed,
318 1825 355 1867 si
371 1838 545 1867 sursum
562 1824 790 1881 produca8‚
805 1824 934 1867 cedit.
996 1823 1185 1868 Constat
1205 1828 1354 1867 autem
1373 1824 1479 1881 quia
1499 1828 1684 1869 truncus

214 1894 388 1952 palmae
414 1894 486 1937 uel
514 1894 652 1951 stipes
672 1908 699 1936 a
720 1893 866 1937 radice
894 1894 1176 1937 contrahitur
1201 1894 1277 1937 sed
1310 1894 1357 1936 in
1384 1894 1686 1951 superioribus

156 1979 198 2014 ⁸⁵
216 1963 443 2007 dilatatur.
502 1963 638 2007 Secus
672 1965 823 2006 autem
864 1966 931 2006 est
961 1964 1008 2006 in
1038 1963 1197 2020 quauis
1226 1964 1383 2006 arbore
1414 1978 1527 2021 quae
1556 1967 1685 2007 tanto

215 2033 359 2091 magis
397 2033 613 2091 turgescit
652 2047 739 2090 quo
778 2032 836 2075 ad
882 2035 1047 2075 terram
1087 2033 1225 2090 stipes
1265 2033 1456 2076 uicinius
1505 2034 1685 2076 accedit.

214 2101 300 2146 Per
338 2101 531 2159 palmam
571 2116 675 2160 ergo
714 2102 993 2159 significatur
1032 2102 1208 2145 iustitia
1248 2102 1533 2153 inuincibilis‚
1572 2117 1686 2159 quae

215 2171 470 2215 descensum
504 2185 594 2214 non
628 2171 756 2214 nouit
787 2171 864 2214 sed
900 2172 1042 2215 solum
1076 2172 1133 2214 ad
1163 2172 1393 2228 superiora
1422 2186 1685 2228 processum.

216 2241 366 2284 Vnde:
410 2241 564 2284 Iustus
595 2242 648 2283 ut
682 2240 830 2298 palma
865 2241 1052 2286 florebit.
1117 2241 1265 2284 Radix
1299 2255 1397 2284 mea
1429 2244 1584 2298 aperta
1618 2245 1687 2284 est

215 2315 650 2370 W
685 2333 966 2380 problematum
999 2333 1075 2369 AM
1268 2343 1310 2379 13
1352 2333 1577 2380 plutarchus
1608 2333 1685 2369 AM

219 2381 285 2462 ἐξά
289 2379 510 2448 plutarchus
525 2379 601 2416 AM
780 2391 826 2417 20
850 2380 1201 2428 oprimentibusque
1218 2379 1244 2417 S
1412 2383 1457 2418 28
1482 2381 1686 2418 decensum

268 2511 286 2549 5
312 2503 364 2538 Et
378 2504 421 2538 de
436 2504 600 2539 dentibus
617 2504 710 2540 etc.:
738 2503 803 2540 Iob
820 2503 922 2540 xxix.
942 2513 996 2548 17,
1019 2505 1072 2540 18.
1231 2515 1254 2550 9
1278 2506 1424 2540 domum
1441 2506 1536 2541 etc.:
1562 2516 1594 2541 v.
1613 2504 1684 2542 Isa.

218 2561 251 2585 v.
267 2551 299 2585 8.
431 2560 469 2586 11
497 2551 548 2586 Et
566 2553 659 2587 sicut
679 2553 749 2588 etc.
764 2564 773 2588 :
801 2551 868 2587 Iob
885 2551 986 2588 xxix.
1005 2553 1057 2588 18.
1193 2562 1235 2588 12
1259 2554 1464 2588 Aristotiles
1480 2554 1520 2587 in
1537 2555 1686 2598 septimo

221 2599 291 2634 etc.
310 2607 318 2631 :
349 2595 445 2633 Gen.
462 2596 516 2632 iii.
534 2599 567 2634 6.
618 2597 728 2635 Hunc
746 2598 898 2635 Ioannis
915 2599 1036 2635 nostri
1053 2599 1178 2635 locum
1196 2599 1362 2635 contulit
1379 2599 1552 2636 Hertzius
1570 2601 1611 2635 in
1627 2600 1684 2636 ed.

219 2643 372 2680 maiore.
499 2654 542 2689 13
565 2645 877 2682 Memorabilium:
903 2648 1214 2692 Symposiacorum
1231 2646 1352 2689 Gen.;
1377 2659 1409 2683 v.
1424 2647 1523 2683 Plut.
1546 2649 1686 2691 Quaest.

224 2693 362 2728 Conviv.
380 2692 413 2727 8.
431 2700 455 2735 4
473 2690 491 2744 ξ
513 2699 531 2738 5
552 2691 635 2736 (724
653 2692 707 2737 Ε).
890 2704 910 2730 2
916 2703 934 2740 5
961 2695 1067 2730 secus
1083 2700 1202 2730 autem
1218 2696 1290 2731 etc.
1306 2705 1315 2730 ε
1341 2706 1373 2730 ν.
1392 2694 1501 2740 Greg.
1522 2694 1572 2730 M.
1590 2696 1684 2730 Mor.

220 2738 297 2775 xix.
311 2747 355 2782 27
375 2737 393 2784 ξ
413 2748 459 2783 49
475 2749 517 2773 ιιι
535 2738 601 2774 Iob
618 2739 719 2776 xxix.
737 2741 779 2776 18
798 2740 945 2787 (Migne
962 2742 1003 2776 P.
1017 2743 1059 2777 L.
1071 2741 1184 2777 lxxvi.
1202 2742 1307 2787 130);
1333 2740 1439 2778 cuius
1451 2742 1684 2778 sententiam

221 2785 318 2822 citat
334 2784 439 2821 Grat.
466 2786 600 2822 Decret.
626 2785 655 2822 Ι.
680 2786 782 2823 xlvii.
808 2799 839 2823 c.
864 2798 885 2833 3
905 2787 1127 2835 (Friedberg
1143 2787 1168 2824 i.
1191 2791 1284 2835 170).
1428 2799 1476 2835 29
1498 2790 1624 2825 Iustus
1647 2794 1688 2824 ut

222 2834 320 2871 etc.:
347 2832 404 2868 Ps.
424 2831 496 2869 xci.
519 2842 572 2878 13.
668 2834 793 2869 Radix
808 2835 901 2871 etc.:
928 2834 995 2871 Iob
1013 2834 1112 2871 xxix.
1134 2845 1191 2882 19.

1513 2899 1579 2932 303
