1994 3190
223 186 306 227 447
326 185 351 215 c
697 172 958 217 IOANNIS
999 170 1514 217 SARESBERIENSIS
1671 169 1840 232 [mnan

368 296 648 351 coaequatur.
709 293 836 337 Sicut
858 293 976 336 enim
997 293 1115 350 quod
1141 292 1272 336 uideo
1299 292 1540 344 imminere,
1559 292 1683 335 nulla
1703 307 1759 336 ex
1786 305 1840 336 eo

367 363 474 420 quia
496 362 677 405 uidetur
702 363 962 406 necessitate
982 362 1224 420 proueniet,
1245 362 1307 405 sic
1334 364 1379 404 et
1406 361 1524 418 quod
1547 361 1666 404 illius
1686 361 1839 404 oculus

367 431 694 489 contemplatur
724 447 813 475 non
842 434 910 475 est
934 431 1228 475 necessarium
1256 431 1445 474 euenire.
1505 430 1605 473 Scio
1635 430 1839 487 equidem

367 501 561 558 lapidem
610 501 683 544 uel
731 501 954 558 sagittam,
1003 516 1136 557 quam
1184 501 1232 542 in
1275 500 1415 543 nubes
1461 499 1679 542 iaculatus
1727 513 1839 554 sum,

324 574 353 613 d
370 571 576 628 exigente
610 573 773 614 natura
804 585 1053 614 recasuram
1088 571 1135 612 111
1171 573 1348 620 terram,
1380 569 1428 611 in
1463 583 1596 626 quam
1630 569 1840 612 feruntur
1858 583 1878 617 5

369 641 518 684 omnia
548 643 664 684 nutu
703 654 783 684 suo
814 640 1022 697 pondera,
1053 654 1133 683 nec
1167 643 1318 682 tamen
1350 639 1609 696 simpliciter
1646 638 1840 682 recidere

367 710 415 752 in
436 714 601 753 terram
621 713 712 760 aut,
733 710 838 767 quia
858 710 975 760 noui,
995 709 1187 752 recidere
1213 723 1387 752 necesse
1411 711 1489 751 est.
1550 708 1702 751 Potest
1721 708 1840 751 enim

366 779 560 822 recidere
589 782 635 822 et
663 793 753 821 non
783 778 997 831 recidere3
1035 779 1226 820 alterum
1261 780 1423 828 tamen,
1456 777 1539 820 etsi
1574 791 1664 819 non
1693 790 1840 820 neces-

368 849 495 899 sario,
524 863 679 891 uerum
713 851 863 891 tamen
898 850 988 900 est;
1027 847 1139 889 illud
1168 847 1323 903 utique
1354 847 1472 903 quod
1501 847 1590 890 scio
1623 846 1839 890 futurum.

368 916 418 960 Si
451 916 568 959 enim
604 916 808 959 futurum
843 932 933 960 non
967 919 1047 967 est,
1082 916 1165 959 etsi
1205 915 1300 959 fore
1339 919 1535 973 putetur,
1571 929 1661 958 non
1701 915 1840 958 scitur
1859 935 1901 961 ιο

368 988 530 1038 tamen,
550 986 758 1042 quoniam
779 985 899 1028 illius
919 984 1036 1042 quod
1056 999 1145 1028 non
1170 987 1248 1035 est,
1268 999 1358 1027 non
1382 984 1567 1027 scientia
1593 983 1670 1027 sed
1690 983 1840 1040 opinio

367 1059 446 1099 est.
522 1054 731 1099 Ceterum
770 1054 854 1097 etsi
893 1069 983 1097 non
1022 1069 1115 1097 esse
1154 1054 1305 1111 possit,
1343 1054 1481 1097 nichil
1519 1053 1708 1111 impedit
1746 1068 1840 1097 esse

367 1123 609 1174 scientiam,
645 1138 757 1180 quae
790 1137 880 1166 non
914 1123 1259 1166 necessariorum
1298 1126 1475 1165 tantum
1516 1123 1593 1165 sed
1633 1137 1841 1179 quorum-

368 1193 478 1236 libet
498 1193 785 1235 existentium
806 1195 885 1243 est,
905 1192 991 1235 nisi
1019 1192 1136 1235 forte
1156 1195 1202 1235 et
1224 1195 1276 1235 tu
1299 1207 1399 1235 cum
1421 1192 1581 1236 Stoicis
1602 1192 1841 1236 existentia

367 1277 544 1306 censeas
563 1261 819 1305 necessariis
838 1261 1144 1318 comparanda.
1204 1261 1277 1305 Sic
1298 1265 1344 1304 et
1363 1277 1475 1319 quae
1499 1262 1574 1305 ille
1594 1262 1840 1320 praenouit‚
1862 1282 1900 1317 15

368 1331 518 1374 omnia
532 1330 822 1388 proculdubio
834 1330 1149 1387 implebuntur.
1194 1330 1511 1388 Contingentia
1526 1334 1675 1374 tamen
1691 1332 1841 1376 omnia

370 1405 417 1444 et
447 1415 537 1444 non
567 1400 744 1443 euenire
771 1399 978 1456 possibile
1003 1403 1082 1443 est.
1141 1399 1264 1443 Adeo
1285 1401 1463 1457 quidem
1483 1405 1535 1444 ut
1556 1401 1614 1444 ad
1634 1402 1839 1445 euenien-

220 1479 303 1527 448
323 1489 353 1518 a
370 1471 476 1514 dum
509 1485 590 1520 res,
619 1484 728 1526 quas
763 1483 863 1512 cum
904 1483 955 1512 eo
994 1468 1172 1512 futuras
1210 1470 1534 1526 praenouimus,
1568 1486 1658 1514 non
1697 1472 1841 1529 magis

369 1540 508 1597 ipsius
549 1553 682 1596 quam
721 1541 872 1581 noster
915 1538 1039 1582 uisus
1077 1538 1309 1596 astringat,
1347 1539 1450 1583 licet
1489 1540 1547 1583 ab
1589 1541 1710 1583 illius
1749 1540 1837 1584 dis-

367 1608 586 1666 positione
620 1607 889 1650 subsistendi
924 1607 1114 1650 formam
1148 1609 1297 1651 omnia
1330 1609 1587 1662 sortiantur,
1618 1612 1838 1666 quatenus
1860 1629 1903 1654 σο

368 1679 486 1721 bona
515 1681 633 1720 sunt.
692 1677 817 1720 Alias
846 1680 996 1720 autem
1031 1691 1121 1720 non
1151 1677 1321 1721 formae
1350 1679 1570 1722 existendi
1599 1679 1839 1737 imaginem

367 1749 543 1804 gerunt,
586 1746 663 1789 sed
702 1746 924 1788 defectum
964 1746 1084 1789 illius
1123 1747 1402 1790 enormitatis
1440 1762 1546 1790 suae
1584 1748 1698 1791 uitio
1740 1763 1840 1806 pro·

368 1819 605 1859 testantur.
679 1814 975 1857 Praescientia
1009 1829 1114 1872 ergo
1146 1815 1278 1859 rebus
1312 1831 1445 1859 causa
1479 1816 1711 1859 eueniendi
1750 1831 1840 1860 non

368 1889 447 1936 est,
482 1889 562 1927 aut
594 1887 780 1927 euentus
814 1899 962 1926 rerum
998 1884 1038 1927 ei
1073 1899 1206 1927 causa
1245 1888 1312 1928 est
1350 1886 1635 1943 praesciendi,
1669 1901 1726 1930 ne
1759 1884 1842 1930 aut

367 1954 678 2012 temporalium
723 1957 869 1996 motus
912 1956 1090 1996 eternae
1130 1955 1436 2011 prouidentiae
1483 1970 1615 1999 causa
1653 1956 1724 2007 sit,
1760 1958 1840 2000 aut
1860 1975 1901 2010 ²5

368 2039 396 2067 a
442 2023 678 2081 purissimo
722 2022 846 2065 fonte
894 2022 1107 2066 bonitatis
1155 2023 1373 2066 malorum
1422 2025 1647 2081 profluant
1690 2025 1838 2069 11111111.

368 2093 490 2137 Deus
519 2107 626 2135 uero
657 2093 871 2135 bonorum
902 2092 1140 2135 dumtaxat
1169 2097 1324 2136 auctor
1357 2096 1434 2136 est.
1497 2093 1625 2145 Quod
1657 2108 1764 2138 uero
1792 2094 1839 2138 in

367 2163 573 2220 compitis
603 2162 738 2218 uulgo
767 2161 968 2211 obicitur,
989 2162 1093 2218 quia
1123 2162 1366 2205 necessario
1396 2163 1433 2205 si
1462 2163 1567 2219 quid
1596 2164 1841 2220 praescitur

369 2232 555 2281 eueniet,
595 2231 718 2273 nullo
758 2230 963 2273 ueritatis
1003 2231 1157 2273 robore
1197 2231 1435 2273 subnixum
1477 2234 1556 2283 est,
1596 2232 1682 2275 nisi
1723 2232 1840 2277 forte

370 2301 501 2344 rebus
535 2300 592 2343 ab
626 2300 745 2343 omni
781 2300 1044 2343 necessitate
1078 2299 1293 2342 absolutis
1332 2300 1511 2343 modum
1546 2302 1839 2359 complexioni
1859 2323 1900 2357 30

370 2371 470 2427 quis
519 2370 701 2421 tribuat,
748 2373 800 2413 ut
844 2370 993 2427 potius
1042 2370 1302 2413 necessitate
1355 2372 1648 2428 consequendi
1706 2387 1839 2430 quam

322 2448 350 2486 b
369 2441 676 2497 consequentis
697 2440 946 2498 propositae
971 2439 1291 2482 enuntiationis
1318 2440 1484 2483 ueritas
1504 2444 1686 2485 constet.
1747 2442 1840 2487 Nec

371 2526 440 2554 me
464 2511 644 2561 artabis,
668 2514 720 2553 ut
750 2509 852 2553 licet
881 2509 1195 2566 dispositarum
1228 2524 1373 2552 rerum
1404 2511 1663 2554 mutabilem
1696 2511 1842 2556 fatear

369 2595 463 2624 esse
504 2584 723 2632 naturam,
763 2578 992 2622 scientiam
1033 2578 1307 2636 disponentis
1347 2578 1403 2621 ob
1443 2579 1524 2623 hoc
1564 2580 1707 2624 dicam
1747 2595 1840 2626 esse

374 2716 418 2742 ιο
442 2704 536 2751 fore]
556 2705 654 2741 forte
674 2704 702 2739 Β
851 2714 892 2750 14
919 2702 1056 2750 ntoycia
1073 2702 1105 2739 A
1248 2713 1288 2741 21
1316 2704 1535 2752 ymaginem
1554 2705 1593 2742 M

418 2825 462 2860 27
489 2817 529 2851 in
546 2817 729 2861 compitis:
760 2813 783 2851 i.
798 2825 828 2851 e.
849 2813 986 2860 vulgo;
1011 2813 1058 2851 cf.
1077 2812 1173 2851 Gall.
1194 2816 1238 2852 N.
1258 2815 1305 2852 A.
1323 2814 1347 2853 i.
1365 2825 1397 2852 2.

482 2898 547 2923 no
