1994 3190
209 193 360 255 raon]
723 189 1162 235 POLIGRATICVS
1693 186 1776 237 385
1794 187 1823 225 b

208 314 385 358 litterae
409 310 766 356 consecrassent?
824 309 967 352 Arcus
992 307 1285 364 triumphales
1305 310 1412 350 tunc
1439 306 1678 365 proficiunt

207 382 456 426 illustribus
495 380 606 424 uiris
650 379 707 422 ad
756 378 957 436 gloriam,
997 391 1098 420 cum
1143 391 1199 419 ex
1249 376 1410 433 quibus
1449 376 1593 419 causis
1632 378 1679 418 et

208 466 395 509 quorum
454 451 557 501 sint,
606 449 807 506 inpressa
856 447 984 490 docet
1043 446 1286 502 inscriptio.
1375 446 1678 489 Liberatorem

206 521 390 578 patriae,
405 519 688 563 fundatorem
710 517 884 574 quietis,
899 519 1006 559 tunc
1027 515 1205 558 demum
1226 515 1447 571 inspector
1467 516 1678 572 agnoscit,

171 610 190 645 5
206 605 307 635 cum
326 590 488 633 titulus
509 589 891 645 triumphatorem,
912 600 1044 642 quem
1064 587 1218 627 nostra
1245 584 1481 626 Britannia
1508 585 1676 642 genuit,

206 659 375 702 indicat
414 658 769 703 Constantinum.
841 655 1006 698 Nullus
1045 654 1163 697 enim
1202 668 1414 710 umquam
1454 654 1720 696 constantie

206 728 348 786 gloria
377 728 549 778 claruit,
570 726 657 770 nisi
688 741 744 769 ex
774 740 854 768 suo
884 724 956 767 uel
987 724 1152 780 scripto
1186 723 1342 765 alieno.
1408 722 1574 764 Eadem
1610 726 1678 765 est

207 797 322 841 asini
346 800 392 840 et
411 796 607 840 cuiusuis
631 794 912 852 imperatoris
939 796 1040 850 post
1070 792 1291 835 modicum
1322 794 1498 848 tempus
1525 791 1678 848 gloria,

206 867 294 910 nisi
343 870 562 924 quatenus
601 865 815 908 memoria
853 862 1113 906 alterutrius
1152 861 1417 918 scriptorum
1467 861 1678 903 beneficio

149 954 192 980 ιο
206 939 484 995 prorogatur.
555 935 675 988 Quot
709 937 754 977 et
786 936 976 990 quantos
1011 931 1244 974 arbitraris
1279 930 1416 973 fuisse
1451 945 1587 987 reges,
1623 930 1678 972 de

207 1006 368 1064 quibus
406 1019 626 1062 nusquam
666 1018 808 1046 sermo
843 1006 911 1046 est
950 1004 1030 1045 aut
1069 1001 1311 1058 cogitatio?
1382 1000 1535 1043 Nichil
1574 1015 1679 1056 ergo

206 1075 480 1120 consiliosius
510 1077 578 1118 est
606 1073 910 1131 captatoribus
939 1072 1117 1130 gloriae,
1138 1085 1270 1128 quam
1301 1070 1602 1113 litteratorum
1633 1073 1679 1112 et

207 1145 494 1189 scribentium
527 1144 720 1186 maxime
752 1142 943 1200 gratiam
980 1140 1234 1198 promereri.
1295 1140 1526 1182 Inutiliter
1559 1139 1678 1181 enim

208 1214 271 1258 eis
301 1216 520 1272 geruntur
563 1212 753 1270 egregia,
787 1211 1015 1268 perpetuis
1053 1210 1248 1253 tenebris
1287 1209 1557 1258 obducenda,
1592 1209 1678 1251 nisi

150 1300 190 1335 ¹5
206 1283 458 1327 litterarum
498 1283 594 1327 luce
634 1283 888 1326 clarescant.
961 1280 1182 1337 Quicquid
1223 1279 1393 1322 fauoris
1433 1282 1514 1322 aut
1554 1293 1678 1335 prae-

206 1353 434 1398 coniorum
477 1352 657 1395 aliunde
704 1351 996 1403 contrahitur,
1036 1350 1219 1407 perinde
1259 1352 1327 1392 est
1367 1363 1417 1392 ac
1457 1348 1495 1391 si
1546 1348 1678 1398 Eeho,

206 1437 340 1480 quam
361 1423 489 1466 audis
509 1423 556 1465 in
577 1422 754 1471 fabulis,
774 1421 956 1478 plausus
976 1419 1171 1476 excipiat
1191 1419 1446 1462 theatrales.
1501 1418 1678 1460 Desinit
1696 1420 1779 1469 386
1798 1431 1828 1459 a

206 1492 324 1536 enim
351 1507 452 1536 cum
479 1491 657 1549 ceperit.
716 1490 789 1532 Ad
819 1491 926 1533 haec
958 1489 1005 1531 in
1035 1489 1184 1531 dolore
1215 1488 1436 1538 solatium,
1465 1487 1679 1530 recreatio

205 1561 253 1604 in
287 1561 448 1613 labore,
482 1562 529 1604 in
570 1562 833 1618 paupertate
868 1559 1130 1611 iocunditas,
1162 1558 1380 1601 modestia
1419 1558 1467 1599 in
1506 1557 1679 1599 diuitiis

149 1644 190 1669 ²0
206 1633 252 1674 et
281 1631 449 1674 deliciis
483 1630 737 1674 fidelissime
767 1645 794 1672 a
828 1629 992 1672 litteris
1028 1631 1275 1671 mutuatur.
1337 1627 1455 1670 Nam
1491 1641 1518 1669 a
1553 1627 1679 1669 uitiis

205 1700 441 1744 redimitur
479 1701 664 1750 animus,
704 1703 750 1742 et
789 1699 917 1742 suaui
958 1702 1004 1741 et
1047 1698 1161 1740 mira
1201 1697 1405 1754 quadam,
1445 1697 1579 1739 etiam
1631 1697 1679 1738 in

206 1769 416 1821 aduersis,
443 1770 715 1813 iocunditate
747 1769 954 1819 reficitur,
978 1783 1079 1811 cum
1112 1767 1170 1810 ad
1202 1767 1438 1824 legendum
1471 1766 1542 1809 uel
1573 1766 1677 1809 scri-

206 1838 399 1882 bendum
427 1840 558 1883 utilia
588 1839 751 1882 mentis
777 1838 972 1882 intendit
1002 1852 1198 1880 acumen.
1260 1837 1444 1879 Nullam
1472 1836 1519 1878 in
1547 1836 1679 1878 rebus

207 1907 414 1952 humanis
433 1909 732 1952 iocundiorem
757 1911 837 1951 aut
856 1908 1079 1950 utiliorem
1109 1906 1441 1964 occupationem
1469 1906 1681 1956 inuenies,

207 2047 435 2104 colloquiis
470 2051 550 2091 aut
583 2048 712 2091 corde
744 2063 824 2105 per
855 2047 1088 2091 caritatem
1129 2046 1317 2089 dilatato
1350 2045 1495 2088 Deum
1530 2048 1679 2087 mente

205 2117 425 2174 concipiat
454 2121 500 2161 et
525 2117 750 2175 magnalia
775 2117 869 2160 eius
895 2117 1015 2174 apud
1042 2131 1087 2159 se
1116 2116 1242 2172 quasi
1270 2115 1462 2172 quadam
1491 2115 1678 2157 medita-

206 2185 341 2229 tionis
359 2201 495 2229 manu
519 2190 774 2244 pertractet.
835 2187 1032 2243 Experto
1052 2186 1192 2237 crede,
1213 2186 1320 2242 quia
1346 2185 1495 2227 omnia
1522 2185 1678 2227 mundi

206 2253 353 2299 dulcia
376 2256 447 2298 his
472 2256 633 2300 collata
656 2256 879 2300 exercitiis
906 2259 1186 2298 amarescunt
1199 2269 1208 2307 3
1239 2269 1291 2297 eo
1318 2254 1497 2311 quidem
1524 2254 1678 2311 magis,

55 2318 71 2363 ss
149 2325 295 2381 30'quo
334 2325 491 2382 cuique
530 2340 684 2369 sensus
724 2326 951 2384 integrior,
987 2328 1032 2368 et
1072 2325 1187 2368 ratio
1227 2325 1485 2381 incorrupta
1524 2324 1677 2367 iudicii

207 2393 398 2451 purioris
427 2395 553 2452 uiget
582 2395 791 2439 acumine.
855 2395 961 2438 Noli
992 2410 1097 2452 ergo
1126 2394 1292 2444 mirari,
1317 2408 1454 2450 quare
1483 2394 1676 2450 aliquem
1696 2401 1725 2440 b

208 2463 395 2520 gradum
416 2464 569 2514 scalae,
590 2479 702 2521 quae
723 2479 840 2508 nunc
861 2465 955 2507 sola
974 2464 1102 2507 nouit
1122 2478 1363 2514 ascensum,
1383 2465 1517 2520 prout
1537 2477 1676 2519 quan-

213 2582 230 2621 5
256 2574 469 2613 brittannia
485 2577 509 2613 S
727 2588 766 2615 11
793 2589 915 2615 sermo
932 2590 1119 2624 nusquam
1135 2577 1169 2614 A
1375 2587 1421 2621 24
1446 2576 1620 2614 inueniet
1637 2576 1677 2611 M

261 2690 279 2728 5
304 2693 406 2728 quem
429 2689 552 2719 nostra
575 2685 776 2720 Britannia
798 2686 944 2729 genuit:
976 2683 1032 2722 De
1058 2683 1156 2720 falsa
1182 2683 1360 2730 opinione
1386 2682 1679 2720 Constantinum

213 2727 396 2774 Magnum
427 2729 470 2765 in
502 2730 706 2767 Britannia
737 2733 872 2767 natum
905 2743 984 2768 esse
1016 2731 1088 2768 vid.
1123 2731 1329 2778 Schopflin‚
1359 2731 1679 2766 Commentationes

211 2776 507 2860 ξίξεῖνᾶἓζεπὲἒὶ
509 2778 597 2861 1328,
625 2789 728 2824 seqq.
755 2780 795 2815 et
824 2778 855 2815 I.
882 2778 1139 2815 Wordsworth
1167 2781 1262 2815 Βία.
1295 2780 1339 2824 of
1361 2779 1550 2815 Christian
1574 2779 1677 2822 Bioy.

1522 2907 1562 2940 13
