1994 3236
888 205 1342 251 PROLEGOMENA

380 320 632 378 suspicatur
649 321 728 364 loe.
743 335 878 379 supra
896 322 971 365 eit.
983 321 1037 366 V.
1055 322 1168 365 Rose
1188 322 1373 365 eandem
1392 336 1486 366 esse
1506 323 1561 366 de
1581 337 1670 380 qua
1688 327 1842 367 narrat

381 391 602 434 Robertus
621 391 676 434 de
696 390 930 448 Torigneio
944 391 992 433 in
1010 389 1244 435 Gkronicis
1258 391 1342 434 sub
1356 406 1395 435 a.
1413 393 1524 437 1128
1541 391 1647 450 (non
1660 408 1698 436 a.
1719 395 1842 443 1228,

379 463 433 503 ut
461 459 600 503 refert
629 460 1071 512 Schaarsehmidtius‚
1091 460 1185 504 Ioh.
1207 461 1309 504 Sar.
1333 475 1373 518 p.
1400 474 1495 513 122,
1521 462 1646 505 euius
1675 462 1730 505 de
1759 463 1842 505 hae

379 543 427 572 re
461 529 679 572 rationem
717 529 897 572 omnino
927 529 1209 586 pei-turbauit
1239 529 1322 573 hoe
1353 529 1409 572 de
1442 545 1559 573 anno
1599 531 1839 587 erratum):

378 597 570 642 Iacobus
595 598 780 642 clericus
801 598 855 641 de
881 597 1067 642 Venetia
1093 598 1250 642 retulit
1276 598 1330 642 de
1358 599 1519 643 Graeco
1538 599 1595 643 in
1614 599 1842 644 Latinum

377 669 601 725 quosdam
638 667 771 711 libros
809 666 1063 711 Aristotelis
1110 670 1150 711 et
1197 671 1522 712 commentatus
1569 673 1640 721 est,
1678 669 1843 713 scilicet

379 737 554 794 Topica,
607 735 868 792 Analyticos
911 736 1087 793 priores
1136 740 1177 779 et
1219 737 1482 793 posteriores
1529 741 1570 781 et
1618 738 1842 789 Elerwhos,

376 806 593 863 quamuis
623 805 862 862 antiquior
892 805 1132 849 translatio
1166 819 1302 861 super
1334 806 1502 850 eosdem
1540 806 1676 850 libros
1713 807 1841 851 habe-

375 878 506 919 retur
526 875 609 934 (ed.
626 875 839 926 Howlett,
853 889 895 932 p.
911 888 929 918 1
940 874 1023 933 14).
1083 875 1172 918 Sed
1191 875 1485 932 antiquiorem
1505 876 1840 920 translationem

376 945 502 989 euius
533 944 802 988 mentionem
838 944 948 988 facit
982 944 1213 996 RobertuS,
1243 947 1360 988 eerte
1390 945 1711 1003 ignorauth
1739 961 1840 990 eum

375 1014 453 1057 alii
473 1018 570 1058 tum
594 1014 730 1058 etiam
750 1013 1038 1066 Abaelardus,
1058 1013 1135 1071 qui
1165 1013 1212 1055 in
1232 1013 1497 1058 Dialecticae
1523 1029 1629 1059 suae
1657 1018 1772 1073 part.
1794 1023 1840 1060 2⁸

373 1085 466 1128 ait:
510 1083 770 1128 Aristotelis
807 1083 934 1127 enim
972 1083 1085 1127 duos
1118 1086 1318 1136 tantum,
1352 1082 1840 1129 Praedicamentorum

373 1154 533 1197 scilibet
572 1157 612 1197 et
650 1152 998 1204 Periermenias‚
1036 1151 1176 1196 libros
1213 1167 1327 1197 usus
1366 1153 1514 1197 adhuc
1558 1154 1839 1198 Latinorum

374 1222 584 1279 coynouit
618 1222 770 1279 (Ouvr.
802 1221 982 1274 ‘inedita
1016 1235 1059 1279 p.
1098 1222 1224 1277 228);
1273 1225 1320 1265 et
1358 1236 1626 1280 quamquam
1664 1224 1758 1281 ipse
1793 1228 1839 1268 et

375 1292 626 1348 Amlytica
648 1291 815 1348 priora
843 1294 889 1334 et
923 1290 1086 1347 Topica
1115 1290 1265 1342 edidit,
1300 1290 1413 1334 liber
1445 1291 1559 1335 alter
1590 1292 1639 1335 in
1667 1293 1839 1337 Aristo-

374 1362 507 1405 telem
534 1362 587 1405 de
615 1361 648 1404 I
646 1361 1008 1417 nterpretatimie,
1027 1360 1141 1404 alter
1164 1360 1211 1403 in
1236 1360 1472 1404 Boethium
1492 1361 1546 1405 de
1570 1361 1838 1420 differentiis

376 1429 548 1487 TopimLs
579 1433 647 1474 est
684 1430 1035 1474 commentarius.
1096 1429 1213 1480 Mox,
1248 1432 1361 1474 teste
1400 1429 1567 1474 Ioanne
1601 1434 1753 1475 nostro
1790 1432 1837 1475 in

374 1499 526 1544 Metal.
548 1499 608 1543 iii.
630 1509 669 1554 5,
689 1499 857 1542 uersari
888 1499 1159 1556 incipiebant
1182 1499 1339 1542 saltem
1365 1498 1541 1556 Topica.
1601 1502 1720 1546 Oum
1748 1502 1835 1546 ita-

374 1584 459 1627 que
480 1569 549 1627 (ut
569 1569 706 1612 uerba
725 1568 819 1612 eius
840 1567 1048 1624 referam)
1069 1571 1166 1611 tam
1193 1568 1382 1612 euidens
1410 1568 1470 1613 sit
1495 1569 1679 1615 utilitas
1705 1570 1835 1629 Topi-

371 1653 543 1692 eorum,
580 1637 727 1682 miror
765 1650 906 1694 quare
948 1650 1054 1681 cum
1101 1636 1209 1681 aliis
1248 1637 1443 1695 (scilicet,
1483 1639 1743 1696 Analyticis
1791 1645 1837 1684 et

371 1707 630 1764 Sophisticis
656 1705 880 1764 Elenchis)
909 1721 939 1750 a
967 1706 1220 1750 maioribus
1247 1707 1432 1752 tamdiu
1459 1708 1748 1755 intermissus
1776 1711 1837 1754 sit

372 1775 627 1821 Aristotelis
665 1774 776 1820 liber
814 1779 862 1819 ut
900 1776 1092 1819 omnino
1130 1779 1214 1820 aut
1248 1777 1350 1833 fere
1387 1776 1444 1820 in
1490 1777 1836 1823 desuetudinem

369 1846 545 1898 abierit,
576 1844 760 1903 quando
789 1849 932 1888 aetate
960 1849 1127 1897 nostra,
1157 1844 1388 1903 diliyentis
1415 1846 1597 1903 inyenii
1623 1848 1836 1905 pulsante

371 1916 538 1968 studia,
558 1914 693 1972 quasi
722 1929 752 1958 a
782 1918 921 1958 morte
944 1914 1017 1958 uel
1045 1929 1076 1958 a
1103 1929 1259 1959 somno
1286 1915 1505 1959 eoecitatus
1534 1919 1594 1960 est
1623 1920 1679 1961 ut
1708 1932 1833 1962 reuo-

369 1988 490 2030 caret
529 1987 730 2028 errantes
767 1987 808 2027 et
847 1984 983 2027 uiam
1021 1984 1231 2028 ueritatis
1268 1984 1581 2041 quaerentibus
1625 1986 1834 2043 aperiret.

371 2055 439 2099 De
479 2053 645 2098 Ottone
685 2052 955 2110 Frisingensi
995 2053 1209 2111 episeopo,
1239 2053 1316 2110 qui
1356 2068 1394 2098 a.
1428 2055 1538 2109 1158
1579 2069 1832 2112 supremum

370 2123 487 2167 diem
512 2123 636 2175 obiit,
649 2123 757 2166 haec
778 2122 912 2165 habet
933 2122 1212 2173 Rahewinus,
1232 2122 1333 2166 libri
1357 2123 1589 2168 Gestorum
1610 2125 1834 2169 Friderici

368 2192 657 2251 imperatoris
676 2192 733 2236 ab
761 2192 856 2250 ipso
877 2191 1040 2235 Ottone
1069 2191 1263 2235 incohati
1293 2192 1576 2237 continuator
1595 2194 1672 2251 (iv.
1699 2208 1764 2248 11,
1785 2196 1832 2238 in

371 2262 533 2306 Pertzii
564 2261 684 2305 Mon.
719 2260 863 2305 Germ.
896 2260 1029 2311 Hist„
1058 2261 1230 2317 Script„
1264 2276 1342 2314 xx,
1372 2276 1413 2320 p.
1444 2267 1576 2321 451):
1625 2263 1834 2308 Litterali

367 2330 557 2376 scientia
586 2344 683 2374 non
710 2329 990 2374 mediocriter
1019 2333 1103 2374 aut
1135 2330 1396 2387 uulyariter
1425 2331 1680 2377 instructus
1708 2333 1832 2378 inter

366 2401 585 2458 episcopos
619 2399 888 2443 Alemaniae
921 2399 995 2443 uel
1022 2399 1208 2455 primus
1243 2400 1315 2444 uel
1349 2400 1471 2444 inter
1496 2402 1673 2458 primos
1706 2402 1830 2447 kabe-

366 2469 503 2513 batur
521 2469 576 2513 in
598 2471 784 2511 tantwm
806 2471 861 2512 ut
879 2499 889 2510 .
907 2467 1366 2524 ..philosophicorum
1384 2473 1423 2513 et
1444 2470 1833 2516 Aristotelicorum

364 2538 591 2583 librorum
613 2536 907 2582 subtilitatem
938 2537 993 2580 in
1016 2537 1195 2593 Topicis,
1217 2538 1474 2595 Analyticis
1493 2542 1627 2596 atque
1653 2540 1831 2585 Elencis

354 2608 454 2666 sere
483 2607 673 2663 primus
703 2606 869 2650 nostris
892 2605 1073 2661 finibus
1102 2607 1426 2663 apportauerit.
1496 2607 1697 2666 Denique
1733 2609 1828 2653 Gil-

364 2676 517 2720 bertus
539 2676 817 2726 Porretanus,
839 2675 913 2732 qui
938 2690 976 2718 a.
1000 2684 1110 2729 1154
1132 2690 1155 2718 e
1176 2675 1273 2719 uita
1293 2676 1516 2734 migrauit,
1538 2677 1584 2720 in
1609 2677 1724 2723 libro
1744 2679 1829 2723 Sex

364 2745 731 2801 Principtbrum,
751 2759 843 2802 cap.
869 2757 891 2798 7
915 2744 971 2787 ad
997 2744 1069 2787 fin.
1090 2744 1362 2800 (Aristotelis
1383 2746 1493 2803 Opp.
1515 2747 1609 2791 Lat.
1630 2747 1695 2791 ed.
1716 2748 1826 2792 Ven.

367 2825 490 2873 1552,
504 2817 535 2858 t.
550 2814 563 2857 i
580 2813 654 2860 fol.
671 2815 746 2873 34)
762 2814 944 2859 lectores
964 2813 1020 2857 ad
1039 2813 1287 2871 Analytica
1299 2814 1468 2859 mittit:
1499 2814 1695 2874 Reliqua
1706 2831 1826 2870 uero,

480 2898 591 2927 xxiv
