1994 3190
195 195 293 229 cAP.
306 186 419 242 xm]
701 182 1138 228 POLICRATICVS
1676 195 1759 236 505
1776 186 1806 226 b
1846 192 1849 196 ·

194 305 262 346 est
303 303 429 360 regni
463 301 646 345 diuitias
679 316 813 358 quam
847 301 1122 344 affectionem
1157 303 1350 361 coniugii
1383 304 1460 347 alii
1496 304 1660 349 cedere.

170 372 332 429 -Atqui
363 386 443 415 nec
474 371 550 414 isti
581 371 789 428 coniuges
820 373 926 413 sunt
955 370 1032 412 sed
1067 371 1254 415 lenones.
1328 373 1451 417 Tunc
1482 374 1660 417 demum

191 440 340 484 omnia
363 439 605 482 creduntur
624 438 877 495 exposuisse
892 438 1120 490 diuitibus,
1135 454 1235 482 cum
1251 440 1354 483 fidei
1370 442 1501 484 fidem
1523 442 1660 486 faciat

189 508 299 552 fides
330 508 509 552 uiolata.
569 507 657 551 Sed
689 507 796 564 quid
835 507 951 550 filias
981 511 1027 550 et
1058 522 1218 551 uxores
1250 509 1398 566 (quod,
1429 511 1532 554 licet
1561 512 1660 554 iura

153 595 172 630 5
188 577 464 635 prohibeant,
487 580 637 620 tamen
663 591 938 633 quocumque
968 576 1098 619 modo
1126 580 1290 619 natura
1318 580 1554 635 permittit)
1585 595 1659 623 ex-

188 646 293 704 poni
340 661 500 703 queror
545 649 625 690 aut
666 645 911 703 prostitui?
984 645 1039 688 In
1083 646 1225 703 ipsam
1272 650 1493 700 naturam,
1534 650 1659 705 quasi

187 715 391 772 gigantes
435 716 511 759 alii
557 715 849 759 teomachiam
894 730 1057 758 nouam
1102 718 1368 767 exercentes,
1408 716 1660 774 insurgunt.

190 783 325 827 Filios
357 785 548 828 offerunt
578 785 751 835 Veneri,
781 784 1043 841 eosdemque
1078 784 1125 826 in
1155 784 1378 827 oblatione
1408 798 1659 842 pupparum

187 853 386 911 uirgines
416 854 588 912 praeire
619 854 902 912 compellunt.
964 854 1019 896 In
1047 854 1136 896 illis
1163 854 1326 897 etenim
1356 855 1489 898 etatis
1514 859 1657 899 matu-

130 939 172 964 10
189 922 299 966 ritas
339 926 610 980 expectatur,
649 926 698 966 at
743 923 791 966 in
830 922 900 966 his
946 923 1108 966 sufficit
1147 922 1317 966 alienae
1356 923 1659 980 impudicitiae

187 992 464 1050 uoluptatem
490 1008 616 1050 posse
647 993 825 1050 expleri.
886 992 1030 1038 Pudet
1056 993 1199 1036 dicere
1227 994 1345 1049 quod
1375 994 1541 1051 seipsos
1570 996 1658 1038 uiri

187 1064 306 1106 etate
340 1063 636 1120 prouectiores
671 1065 718 1106 et
752 1077 884 1106 sensu
918 1062 1190 1120 turpitudini
1232 1065 1385 1106 tantae
1426 1078 1514 1108 non
1555 1066 1657 1108 sub·

186 1132 374 1175 trahunt
403 1134 459 1182 et,
480 1146 580 1175 cum
610 1146 683 1174 eos
713 1132 760 1174 in
790 1131 996 1175 nobiliori
1021 1146 1131 1174 sexu
1162 1134 1324 1174 natura
1350 1134 1579 1185 creauerit,
1600 1134 1656 1177 ad
1675 1145 1700 1174 c

185 1201 460 1253 deteriorem,
481 1204 698 1258 quantum
723 1201 771 1244 in
801 1201 909 1258 ipsis
937 1203 1015 1251 est,
1036 1215 1092 1243 ex
1123 1201 1279 1244 innata
1307 1202 1480 1245 malitia
1510 1204 1655 1260 prola-

130 1284 167 1318 15
185 1269 364 1321 buntur,
395 1270 634 1314 effeminati
664 1271 777 1314 uitio
807 1274 853 1313 et
881 1270 1132 1327 corruptela
1161 1285 1345 1321 morum,
1375 1286 1475 1315 cum
1507 1275 1656 1316 tamen

184 1340 370 1382 naturae
390 1340 600 1384 beneficio
615 1340 807 1384 feminae
827 1355 920 1383 esse
940 1355 1029 1383 non
1049 1340 1231 1397 possint.
1291 1340 1405 1384 Cum
1427 1341 1655 1386 lasciuien-

183 1407 244 1451 tis
273 1404 428 1452 diuitis
459 1409 592 1452 luxus
626 1409 802 1452 libidini
837 1411 944 1452 uota
979 1423 1058 1452 sua
1090 1410 1323 1468 procingit,
1360 1411 1655 1454 recumbentis

183 1477 316 1535 pedes
354 1478 681 1522 calamistratus
719 1479 968 1523 comatulus
1003 1479 1180 1536 excipit,
1214 1480 1404 1522 nitorem
1449 1481 1655 1525 inuidens

183 1547 416 1599 meretrici,
464 1544 671 1592 histrioni
721 1549 937 1599 habitum,
983 1548 1154 1592 cultum
1204 1550 1358 1606 procis,
1405 1550 1655 1608 uirginibus

125 1633 168 1658 ao
183 1619 402 1669 ornatum,
432 1618 747 1675 triumphalem
783 1633 957 1675 quoque
992 1618 1266 1676 principibus
1300 1622 1578 1676 apparatum,
1611 1624 1656 1665 et

183 1685 230 1729 in
273 1686 459 1730 aliorum
508 1689 743 1744 conspectu
787 1687 919 1745 pedes
963 1690 1019 1738 et,
1059 1702 1114 1730 ne
1154 1688 1255 1745 plus
1294 1688 1450 1740 dicam,
1490 1691 1655 1733 teneris

181 1755 386 1799 manibus
414 1755 549 1799 tibias
578 1758 769 1809 tractat3
809 1756 1074 1800 cirotecatus
1106 1757 1223 1799 enim
1259 1757 1440 1800 incessit
1471 1759 1653 1809 diutius,

181 1826 234 1868 ut
252 1839 410 1868 manus
429 1825 510 1868 soli
531 1826 780 1869 subtractas
801 1826 1018 1869 emolliret
1038 1826 1094 1869 ad
1115 1826 1270 1869 diuitis
1293 1842 1432 1872 usum.
1482 1828 1653 1871 Deinde

182 1892 361 1937 licentia
385 1894 615 1951 paululum
639 1895 901 1952 procedente
928 1897 1073 1938 totum
1099 1910 1258 1953 corpus
1282 1896 1505 1954 impudico
1528 1900 1654 1940 tactu

125 1981 165 2015 ²5
183 1962 391 2006 oberrans
420 1964 693 2021 pruriginem
723 1964 882 2021 scalpit
916 1979 1049 2021 quam
1085 1965 1203 2015 fecit,
1233 1968 1278 2008 et
1310 1966 1435 2023 ignes
1467 1966 1652 2010 Veneris

181 2031 433 2090 languentis
467 2033 724 2077 inflammat.
783 2034 949 2077 Verum
985 2034 1092 2078 haec
1125 2034 1398 2079 abominatio
1431 2051 1521 2079 non
1556 2039 1648 2079 tam
1666 2039 1694 2079 d

181 2102 451 2146 ostendenda
482 2105 550 2146 est
584 2118 716 2160 quam
751 2103 1043 2160 conspuenda,
1078 2105 1350 2161 puderetque
1386 2119 1483 2148 eam
1518 2106 1650 2163 nugis

181 2171 344 2214 nostris
370 2186 462 2215 esse
489 2172 714 2223 insertam,
732 2172 818 2215 nisi
840 2173 1024 2229 eandem
1048 2172 1290 2230 Apostolus
1314 2173 1525 2217 Romanis
1546 2175 1650 2218 scri-

181 2239 289 2283 bens
317 2241 465 2284 uerbis
494 2241 775 2285 manifestius
805 2242 1103 2299 expressisset,
1133 2243 1283 2287 dicens
1317 2244 1424 2300 quia
1459 2243 1650 2287 feminae

181 2350 203 2387 7
228 2342 507 2380 theomachiam
523 2343 557 2379 A
701 2353 743 2390 17
768 2344 961 2392 precingit
978 2345 1018 2381 M
1162 2347 1207 2383 26
1232 2346 1491 2384 abhominatio
1511 2346 1571 2383 AS

230 2440 252 2475 8
277 2441 318 2475 in
342 2440 516 2476 oblatione
534 2453 770 2488 pupparum:
795 2454 828 2477 v.
856 2442 978 2479 Schol.
1003 2442 1043 2478 in
1069 2442 1167 2478 Pers.
1187 2445 1263 2479 Sat.
1285 2444 1326 2481 ii.
1348 2453 1394 2488 70
1415 2445 1564 2490 (Nempe
1586 2446 1651 2481 hoc

181 2488 276 2533 quod
298 2487 425 2522 Veneri
444 2488 594 2524 donatae
610 2501 634 2524 a
650 2491 786 2535 virqine
804 2494 941 2535 pupae)
959 2501 968 2526 :
995 2492 1068 2526 diis
1090 2495 1164 2526 tam
1187 2496 1273 2526 sunt
1297 2503 1380 2538 opes
1403 2504 1650 2538 superuacuae

181 2545 304 2583 quam.
324 2535 454 2569 Veners·
473 2547 622 2581 puppae
648 2549 738 2583 quas
765 2539 930 2582 uiryines
955 2539 1125 2573 nubentes
1151 2540 1299 2574 donant.
1360 2540 1526 2575 Solebam
1552 2542 1649 2576 em'm

181 2581 345 2626 viraines
361 2586 550 2628 antequam
574 2583 747 2619 nuberent
761 2586 936 2630 quaedam
952 2586 1182 2630 uiminitatis
1201 2597 1287 2621 suae
1303 2588 1399 2622 dona
1422 2588 1550 2622 Veneri
1566 2599 1649 2624 con-

182 2629 326 2663 secrari.
388 2629 466 2664 Hoc
493 2635 524 2664 et
556 2631 669 2666 Varro
695 2633 829 2668 scribit.
978 2635 1018 2669 18
1055 2634 1325 2669 calamistratus
1353 2636 1577 2672 comatulus:
1616 2648 1646 2670 v.

184 2673 338 2728 Hieron.
356 2676 427 2728 Esp.
439 2675 503 2729 liv.
523 2675 541 2722 ξ
564 2687 605 2722 13
625 2677 768 2724 (Migne
785 2680 825 2714 P.
844 2680 887 2715 L.
906 2679 996 2715 xxii.
1013 2681 1112 2726 556).
1257 2691 1301 2716 22
1332 2684 1571 2719 Cirotecatus:
1600 2694 1647 2718 sc.

183 2720 412 2759 chirothecis
436 2723 612 2766 indutum
644 2724 658 2759 i
687 2736 767 2760 sum
794 2728 922 2762 autem
951 2727 1176 2774 vocabulum
1202 2739 1263 2773 ap.
1290 2728 1348 2764 Du
1377 2728 1505 2774 Gange
1533 2730 1647 2765 deest.

183 2770 406 2853 2g—Vgenem's
421 2737 750 2816 lanquentisziiuv.
765 2773 840 2809 Sat.
858 2773 908 2810 xi.
932 2775 1008 2819 167.
1133 2785 1180 2822 29
1193 2777 1360 2821 feminae
1382 2777 1474 2813 etc.:
1500 2776 1606 2813 Rom.
1624 2777 1649 2813 i.

184 2826 205 2853 2
254 2826 275 2852 2
300 2843 309 2854 .

1472 2905 1534 2938 219
