1994 3190
220 157 302 206 485
318 157 349 195 b
693 154 954 200 IOANNIS
993 154 1507 200 SARESBERIENSIS
1639 150 1752 212 [mn.
1768 163 1830 196 111
1885 181 1906 192 ..

364 277 448 321 sub
468 277 588 320 omni
608 277 758 321 cubito
777 292 936 321 manus
958 277 1151 335 ponitur,
1172 277 1349 334 quando
1374 291 1465 320 non
1484 275 1614 319 modo
1633 273 1832 332 operatio

365 346 442 389 sed
474 346 683 403 quicquid
715 347 756 389 ei
789 347 963 391 adiacet
995 347 1340 391 commendatur.
1410 345 1559 402 Caput
1596 345 1831 388 uniuersae

365 415 499 458 etatis
527 415 733 458 ceruicali
759 417 1084 473 superponitur,
1109 416 1217 460 dum
1247 415 1346 473 quis
1373 415 1653 458 adulantium
1682 412 1831 456 uerbis

365 484 413 526 in
433 484 573 527 totius
591 484 713 527 uitae
733 485 938 542 operibus
965 485 1219 529 delectatur.
1279 485 1339 527 Et
1365 484 1496 527 alibi:
1526 483 1628 540 Ipse
1658 482 1832 525 edifica-

366 553 445 595 bat
471 554 698 610 parietem,
722 554 788 596 illi
818 557 968 598 autem
994 555 1213 598 liniebant
1239 569 1352 597 eum.
1411 553 1630 595 Parietem
1656 551 1833 595 edificat
1851 566 1869 599 5

366 637 456 665 non
488 622 667 665 domum
702 624 903 680 quisquis
932 624 1166 667 induratae
1206 623 1369 666 mentis
1407 622 1521 665 uitio
1560 621 1832 678 prauitatem

366 692 567 749 congerit
600 706 796 749 operum.
857 693 945 746 Qui
974 693 1022 735 in
1053 693 1222 750 pariete
1256 692 1348 735 solo
1379 692 1543 735 ostium
1576 690 1698 742 facit,
1725 703 1832 746 quo-

367 775 554 817 cumque
593 761 871 819 ingrediatur
910 761 1019 806 foris
1058 765 1137 806 est.
1208 761 1483 817 Quicumque
1522 760 1569 802 in
1609 758 1834 816 prauitate

367 830 513 886 operis
543 830 754 873 indurata
782 834 930 875 mente
961 834 1250 875 conuersatur
1279 845 1307 873 a
1337 832 1591 873 sanctorum
1625 827 1834 871 societate

367 899 643 956 seiungitur3
672 900 925 943 edificatum
949 916 1054 959 ergo
1084 901 1299 958 parietem
1325 899 1440 950 linit,
1459 898 1659 955 quisquis
1682 895 1835 954 prauis
1855 910 1896 934 10

368 969 574 1026 operibus
598 969 783 1012 alicuius
803 970 1038 1013 adulanter
1060 969 1306 1027 applaudit,
1363 967 1478 1013 Cum
1498 982 1604 1010 uero
1624 967 1684 1010 sit
1703 969 1836 1023 turpe

327 1050 352 1079 c
369 1038 573 1081 omnibus
593 1038 778 1089 adulari,
797 1039 927 1097 longe
946 1040 1123 1096 turpius
1143 1042 1211 1083 est
1230 1039 1268 1082 si
1287 1039 1335 1080 in
1354 1040 1614 1095 praeceptae
1643 1035 1835 1079 auctori-

368 1108 477 1151 tatis
512 1111 591 1151 aut
622 1108 790 1151 ordinis
825 1109 947 1152 uiros
981 1109 1180 1152 adulatio
1211 1108 1353 1152 cadat.
1418 1107 1541 1150 Adeo
1573 1106 1752 1163 quidem
1783 1106 1837 1147 ut

368 1191 592 1221 sacrorum
620 1192 838 1220 canonum
858 1179 1079 1222 institutis
1100 1182 1280 1222 cautum
1307 1177 1367 1220 sit
1390 1176 1568 1220 elericos
1598 1174 1836 1231 irrefraga-

368 1246 519 1290 biliter
545 1246 826 1303 deponendos
860 1248 937 1304 qui
969 1251 1213 1292 noscuntur
1246 1245 1575 1290 adulationibus
1610 1243 1838 1297 inseruire.
1857 1260 1897 1294 15

370 1316 506 1359 Recte
530 1316 720 1372 quidem,
741 1317 847 1373 quia
866 1317 1009 1360 omnis
1029 1317 1227 1360 adulatio
1251 1316 1433 1360 comites
1459 1315 1595 1358 habet
1614 1313 1764 1356 dolum
1792 1314 1838 1355 et

371 1384 575 1428 fraudem
626 1385 1008 1443 proditionemque
1055 1389 1100 1429 et
1146 1388 1298 1429 notam
1343 1384 1572 1434 mendacii,
1615 1381 1838 1439 sequelam

370 1468 543 1511 quoque
589 1454 879 1511 ignominiam
922 1455 1154 1498 seruitutis
1197 1453 1520 1498 excecationem
1559 1451 1752 1509 proximi
1793 1453 1840 1493 et

370 1522 684 1566 exterminium
704 1523 844 1566 totius
871 1524 1126 1567 honestatis.
1187 1524 1258 1566 An
1277 1534 1367 1565 non
1388 1525 1456 1565 est
1474 1521 1579 1565 talis
1598 1535 1687 1564 non
1707 1519 1838 1563 modo

371 1592 594 1635 eiciendus
613 1607 641 1635 a
660 1593 775 1636 clero
796 1593 872 1636 sed
893 1609 920 1636 a
939 1597 1035 1638 toto
1058 1593 1256 1637 fidelium
1276 1592 1407 1636 cetu?
1859 1607 1901 1630 πο

372 1715 480 1774 Cap.
513 1721 551 1762 6.
601 1718 729 1771 Quod
758 1718 1016 1763 adulatores
1040 1717 1343 1775 ‘multiplicati
1371 1719 1481 1760 sunt
1515 1730 1650 1773 super
1679 1729 1838 1759 nume-

428 1802 550 1838 rum,
585 1792 623 1831 et
660 1803 691 1831 a
725 1788 979 1844 praeclaris
1018 1787 1228 1832 domibus
1266 1787 1463 1831 honestos
1510 1789 1550 1829 et
1595 1783 1841 1829 dissimiles

428 1857 506 1900 sui
533 1857 773 1914 eaepellwnt.

431 1948 554 1992 Haec
584 1952 732 1992 tamen
765 1950 902 2006 pestis
937 1949 1025 1992 iam
1061 1950 1107 1992 in
1143 1952 1319 1993 tantum
1356 1948 1547 1992 Domino
1579 1946 1840 2004 indignante

375 2019 569 2062 inualuit
588 2022 651 2069 ut,
672 2019 709 2062 si
734 2023 918 2062 uentum
946 2019 1062 2063 forte
1087 2019 1225 2062 fuerit
1245 2019 1302 2062 ad
1322 2018 1587 2069 conflictum,
1606 2030 1762 2059 uereor
1784 2030 1840 2059 ne
1862 2033 1901 2068 ²⁵

330 2090 359 2130 d
376 2088 595 2131 modestos
635 2091 681 2131 et
720 2088 856 2131 bonos
888 2089 1008 2131 uiros
1043 2089 1213 2146 possint
1247 2087 1423 2132 facilius
1457 2085 1675 2144 expellere
1707 2099 1840 2142 quam

376 2157 550 2214 expelli.
612 2156 762 2214 Serpit
782 2157 899 2200 enim
924 2157 1080 2200 illuuio
1111 2157 1214 2200 feda
1237 2160 1283 2200 et
1306 2156 1485 2199 morbus
1511 2169 1767 2199 cancerosus
1794 2154 1841 2197 in

374 2241 537 2276 omnes,
557 2229 610 2269 ut
629 2226 777 2269 nullus
797 2230 877 2269 aut
897 2242 1024 2269 rarus
1044 2227 1103 2270 sit
1123 2241 1253 2283 quem
1276 2226 1396 2269 labes
1423 2225 1510 2268 ista
1530 2239 1619 2267 non
1639 2223 1841 2266 maculet.

375 2295 540 2338 Omnes
579 2295 696 2338 enim
736 2294 946 2338 affectant
983 2295 1328 2338 beniuolentiam
1361 2308 1511 2337 eorum
1547 2307 1647 2336 cum
1681 2292 1842 2349 quibus

374 2364 572 2416 uiuitur;
602 2364 718 2421 quod
741 2364 918 2421 quidem
940 2379 1028 2408 non
1051 2364 1179 2407 modo
1201 2364 1371 2408 licitum
1400 2366 1467 2407 est
1493 2363 1569 2406 sed
1595 2363 1841 2412 honestum,
1861 2378 1902 2411 30

379 2478 416 2506 11
445 2467 620 2515 aplaudit
637 2467 662 2505 8
809 2478 849 2506 12
875 2467 1094 2505 autoritatis
1113 2466 1140 2503 O

422 2563 515 2607 ap!
515 2573 551 2595 a
535 2563 659 2597 etex
689 2559 820 2597 Ezech.
840 2558 917 2595 xiii
940 2569 992 2595 ιο.
1117 2569 1156 2601 14
1183 2571 1221 2593 aa
1225 2570 1296 2592 mv>
1300 2571 1329 2592 τι
1335 2570 1366 2593 m
1383 2558 1671 2594 canonum21v0
1689 2557 1840 2594 Carnot.

376 2608 638 2651 Decr.vi.267·
666 2607 771 2643 arat.
787 2609 887 2643 Decr.
906 2607 932 2642 1.
949 2605 1035 2643 xlvi.
1050 2605 1428 2651 e.3(ed.1·*1iedbcrg.
1446 2605 1473 2640 I.
1492 2607 1622 2648 168)«
1636 2605 1844 2642 canonibus

376 2655 528 2693 concilii
547 2654 869 2702 Carthaginien-in
886 2654 955 2691 sub
973 2653 1160 2701 Cyprinno
1180 2663 1218 2689 Λ.
1233 2663 1271 2689 1).
1376 2652 1525 2697 habiti).
1622 2662 1664 2696 27
1692 2654 1842 2689 illuuio:

378 2702 888 2745 vocabulumhoe(-muui
891 2704 940 2746 ’,3)
957 2701 1055 2755 quod
1071 2714 1118 2737 ne
1122 2712 1194 2755 que
1209 2701 1308 2747 apud
1287 2655 1512 2737 25.)Ι·ἢοιέ’,011
1493 2700 1550 2737 ed.
1564 2699 1619 2737 De
1633 2699 1706 2737 Vit.
1720 2712 1794 2746 neq
1796 2710 1843 2736 ue

375 2763 435 2798 up
455 2750 511 2787 Du
531 2750 685 2796 Cnnge'
676 2750 856 2796 mvenien,
874 2751 998 2787 exstat
1023 2748 1062 2785 in
1082 2748 1251 2786 νοιυίυιιο
1269 2747 1842 2795 Chalcidiana1³1at.Tim.250

376 2810 445 2846 pro
462 2799 711 2845 κατακλυσμόε.

489 2869 552 2914 ¹⁸⁴
