1994 3190
175 197 276 232 cAP.
290 182 394 244 xm]
690 181 1129 228 POLIGRATICVS
1655 193 1739 235 444
1759 195 1786 225 c

175 305 252 348 sed
270 304 318 347 in
337 303 476 360 ipsius
496 303 805 358 retorqueatur
819 303 1055 344 auctorem.
1106 300 1338 344 Possibilia
1358 301 1508 359 itaque
1523 304 1640 352 sunt,

174 387 287 430 quae
301 386 543 428 numquam
560 370 715 413 futura
730 373 836 412 sunt
850 383 858 421 ;
889 384 1001 425 quae
1017 370 1066 419 si,
1083 370 1187 425 quia
1200 384 1289 412 non
1306 374 1448 422 erunt,
1465 371 1642 413 euenire

173 456 263 484 non
305 443 495 497 possent,
534 452 815 496 nequaquam
854 437 1082 494 possibilia
1125 438 1388 482 dicerentur.
1468 440 1513 482 N
1515 440 1642 483 auale

173 508 390 566 siquidem
417 508 582 551 bellum
608 507 716 557 fieri,
738 507 845 550 item
874 521 963 549 non
990 506 1085 548 fieri
1113 507 1320 563 possibile
1348 512 1426 558 est,
1450 509 1640 551 alterum

136 598 155 633 5
174 581 323 622 tamen
342 577 557 635 praesciso
577 580 623 620 et
642 565 934 620 determinate
954 590 1111 618 uerum
1132 579 1200 618 est
1220 579 1265 618 et
1285 577 1562 633 praescitum.

173 726 279 785 Cap.
303 739 368 769 21.
408 725 488 768 A‘n
512 724 687 782 possint
721 738 753 767 a
787 723 876 766 Deo
909 723 1020 766 sciri
1049 737 1164 779 quae
1192 737 1288 766 non
1317 723 1532 766 sciuntur
1543 742 1562 774 ;
1601 727 1638 767 et
1657 730 1686 770 d

288 796 406 854 quod
426 809 582 838 rerum
601 793 886 838 mutabilitas
905 793 946 836 ei
961 807 1253 849 nequaquam
1272 796 1331 835 est
1351 792 1610 850 infliyenda
1623 811 1641 843 ;

288 868 326 908 et
355 864 474 922 quod
494 864 614 907 idem
634 867 692 907 est
712 863 913 912 scientia,
928 861 1246 918 praescientia,
1267 860 1515 918 dispositio,
1537 876 1642 918 pro-

288 932 516 983 uidentia,
538 931 894 989 praedestinatio
907 949 925 981 ;
955 934 995 973 et
1021 930 1140 987 quod
1166 945 1282 974 uera
1307 930 1500 987 infinita
1525 934 1645 980 sunt,

116 1026 158 1050 10
288 1007 340 1048 ut
367 1017 590 1046 numerus
615 1016 771 1046 eorum
797 1015 893 1044 ‘non
921 1004 1052 1057 queat
1082 1000 1246 1056 auyeri
1275 1000 1348 1043 uel
1378 1000 1540 1044 ‘minui
1553 1017 1571 1048 ;
1607 1005 1644 1043 et

289 1072 407 1130 quod
421 1071 723 1128 promdmtia
743 1070 928 1114 nullam
947 1069 1245 1112 necessitatem
1265 1068 1395 1113 rebus
1419 1069 1617 1113 inducit.

232 1163 320 1208 Sed
360 1178 455 1208 ecce
494 1163 583 1206 iam
623 1162 807 1206 alterius
845 1161 1120 1205 difficultatis
1159 1165 1439 1205 succrescunt
1469 1175 1646 1211 cornua,

173 1236 220 1277 et
258 1247 531 1291 quocumque
570 1247 640 1275 me
679 1235 866 1282 uertam,
905 1245 1052 1273 errore
1090 1230 1246 1274 uideor
1284 1231 1524 1274 inuolutus.
1597 1230 1645 1273 Si

91 1330 101 1342 .
175 1302 291 1346 enim
327 1317 439 1359 quae
461 1316 550 1345 non
585 1304 691 1344 sunt
726 1315 805 1344 nec
841 1303 983 1350 erunt,
1015 1315 1109 1343 esse
1143 1303 1340 1357 possunt,
1370 1299 1569 1357 profecto
1601 1304 1646 1342 et

116 1387 156 1424 ¹5
175 1371 295 1415 Deus
329 1374 474 1429 potest
505 1371 614 1414 scire
646 1370 764 1427 quod
798 1385 887 1413 non
922 1369 1017 1420 scit,
1046 1372 1127 1412 aut
1156 1384 1207 1412 eo
1237 1363 1470 1427 ignorante
1500 1372 1647 1426 potest

158 1441 342 1498 ,aliquid
380 1440 567 1484 euenire.
629 1440 802 1483 Bellum
843 1454 1033 1496 namque
1074 1439 1232 1481 nauale
1268 1438 1385 1495 quod
1420 1454 1509 1481 non
1549 1439 1646 1489 erit,

173 1510 288 1554 sicut
307 1513 352 1553 et
377 1510 483 1568 geri,
503 1509 565 1552 sic
590 1512 635 1552 et
658 1524 686 1552 a
711 1508 968 1566 gerentibus
995 1508 1095 1551 sciri
1120 1512 1277 1565 potest.
1341 1507 1468 1561 Quod
1490 1508 1646 1565 utique

174 1582 220 1623 et
239 1594 331 1623 esse
352 1582 397 1623 et
417 1579 518 1622 sciri
538 1582 685 1636 potest
711 1579 768 1621 ab
795 1578 984 1628 homine,
1003 1578 1221 1634 numquid
1247 1593 1275 1620 a
1302 1578 1396 1620 Deo
1423 1578 1525 1620 'sciri
1555 1593 1643 1620 non

174 1649 352 1706 potest?
407 1648 456 1692 Si
492 1663 596 1706 ergo
630 1651 777 1705 potest
811 1647 932 1690 Deus
966 1647 1076 1691 scire
1107 1647 1223 1704 quod
1254 1662 1342 1690 non
1372 1647 1467 1697 scit,
1497 1651 1644 1704 potest
1659 1658 1740 1698 445
1758 1660 1788 1688 a

117 1741 160 1766 20
176 1717 330 1775 utique
368 1720 415 1761 et
452 1732 541 1760 non
581 1717 690 1760 scire
730 1717 847 1774 quod
882 1716 976 1767 scit,
1013 1731 1064 1759 eo
1098 1716 1216 1773 quod
1249 1716 1644 1760 contraiacentium

175 1787 307 1830 simul
325 1787 448 1829 nulla
467 1786 607 1844 possit
626 1801 719 1829 esse
738 1786 933 1836 scientia,
953 1801 1053 1829 cum
1081 1786 1269 1829 alterum
1291 1801 1441 1829 eorum
1463 1801 1646 1843 semper,

174 1870 226 1899 eo
249 1855 366 1913 quod
395 1856 599 1899 ueritatis
626 1856 876 1898 substantia
900 1858 1060 1906 careat,
1084 1856 1144 1898 sit
1171 1855 1412 1898 obnoxium
1444 1855 1644 1899 falsitati.

174 1924 310 1969 Porro
347 1925 674 1968 mendaciorum
714 1925 838 1968 nulla
883 1925 1067 1968 scientia
1107 1928 1185 1967 est.
1264 1925 1494 1978 Quomodo
1540 1940 1645 1983 ergo

174 1993 357 2038 scientia
383 1994 673 2037 immutabilis
699 1997 778 2044 est,
802 1994 872 2037 cui
899 1994 1100 2038 decessus
1128 2009 1275 2036 rerum
1302 1997 1450 2051 potest
1474 1995 1568 2037 fieri
1599 1999 1645 2038 et

117 2081 158 2116 ²⁵
175 2077 382 2114 accessus,
416 2077 528 2120 quae
567 2066 714 2120 potest
753 2064 957 2121 ignorare
990 2063 1107 2120 quod
1139 2064 1224 2106 scit
1262 2067 1343 2107 aut
1381 2064 1492 2106 scire
1527 2065 1645 2121 quod

173 2131 342 2175 nescit?
401 2131 527 2185 Quod
561 2132 598 2175 si
633 2147 729 2175 eam
769 2132 1029 2175 uariabilem
1069 2147 1162 2175 esse
1203 2132 1449 2190 recipimus,
1484 2133 1644 2176 Iacobo

174 2201 450 2252 reclamante,
489 2201 577 2244 iam
609 2202 728 2259 apud
769 2217 869 2245 eum
905 2205 972 2246 est
1010 2202 1203 2245 uariatio
1239 2206 1285 2245 et
1324 2202 1644 2245 uicissitudinis

175 2269 463 2320 obumbratio,
483 2273 528 2314 et
546 2274 675 2328 pater
698 2271 916 2314 luminum
937 2286 1030 2315 esse
1049 2271 1235 2322 desistit,
1255 2271 1292 2314 si
1314 2272 1506 2314 elabitur
1526 2273 1644 2329 quod

176 2405 200 2440 4
218 2401 300 2442 post
315 2395 410 2434 item
426 2398 509 2432 add.
528 2407 601 2442 que
619 2395 685 2432 SM
830 2406 848 2443 5
874 2396 1055 2444 prescisse
1073 2396 1149 2433 0¹A
1301 2406 1321 2442 7
1347 2409 1543 2443 nunquam
1562 2396 1586 2433 S
1604 2400 1644 2433 in

178 2444 275 2497 ruobr.
294 2455 371 2496 cap.
382 2445 502 2497 praes}
615 2454 656 2480 12
681 2443 927 2480 subcrescunt
946 2444 1012 2480 MS
1137 2446 1179 2482 18
1203 2444 1291 2481 sciri
1308 2456 1331 2481 a
1348 2445 1419 2481 deo
1438 2446 1476 2480 Μ
1599 2455 1640 2482 21

177 2490 350 2536 mentm]
368 2490 528 2527 lieentia
543 2491 583 2527 M
726 2501 771 2527 22
796 2491 1002 2528 obnoxium
1019 2491 1070 2528 sit
1086 2491 1120 2527 A

227 2613 248 2649 3
272 2605 414 2640 Nauale
430 2606 558 2641 bellum
575 2607 645 2642 etc.
660 2618 669 2642 ε
695 2618 728 2642 v.
746 2605 808 2642 Ar.
828 2607 871 2642 de
886 2607 1025 2652 Interp.
1045 2619 1077 2643 c.
1096 2617 1119 2652 9
1137 2607 1232 2652 (198.
1250 2617 1296 2652 30
1308 2606 1442 2653 seqq.).
1620 2607 1643 2643 6

183 2651 270 2696 Gap.
306 2661 373 2688 21:
408 2651 500 2688 Cum
527 2664 608 2699 cap.
641 2663 681 2690 21
712 2653 759 2690 cf.
792 2653 999 2699 Abailardi,
1030 2655 1180 2690 Dialect.
1213 2654 1261 2691 11.
1291 2657 1404 2690 Anat.
1438 2656 1556 2690 Prior.
1585 2654 1640 2690 iii.

182 2699 286 2734 Ouvr.
305 2699 405 2734 Ine'd.
424 2711 459 2746 p.
479 2700 548 2745 289
568 2703 685 2746 seqq.)
704 2700 925 2747 praesertim
946 2700 1012 2737 ubi
1036 2701 1200 2748 legimus
1224 2703 1324 2738 Licet
1339 2704 1437 2737 em'm
1460 2713 1574 2746 usque
1595 2701 1644 2737 ad

178 2746 324 2799 inser-135·
349 2745 397 2782 cf.
426 2745 542 2782 etiam
568 2746 733 2784 eiusdem
759 2749 897 2783 Introd.
922 2751 972 2784 ad
1007 2750 1128 2786 Theol.
1155 2749 1211 2786 iii.
1238 2749 1301 2796 (ed
1326 2748 1463 2785 Cousin
1492 2760 1528 2794 p.
1561 2749 1642 2793 142)

178 2792 246 2875 fb1
263 2791 474 2845 aristotelis
489 2794 704 2840 exemplum
721 2795 768 2832 de
783 2794 884 2832 bello
900 2795 1026 2832 navali
1044 2796 1150 2833 citat.
1368 2798 1414 2833 26
1437 2797 1587 2832 Iacobo:
1613 2808 1642 2838 v,

199 2850 254 2875 ac.
273 2850 298 2875 1.
321 2848 373 2885 17.

1473 2907 1536 2940 115
