1994 3190
209 152 288 202 588
310 152 339 191 b
684 151 945 196 IOANNIS
985 152 1499 198 SARESBERIENSIS
1668 152 1778 215 [ΜΒ.
1793 165 1825 198 v

356 273 626 330 opprimeret
664 276 710 316 et
749 273 804 316 de
844 288 980 316 manu
1009 274 1269 332 cuiusquam
1308 275 1446 318 nichil
1486 275 1666 332 accepit.
1728 274 1826 318 Hoc

354 343 624 386 conscientia
653 342 872 386 Samuelis
900 346 1142 387 attestatur
1176 347 1222 387 et
1251 345 1451 401 populus,
1481 347 1527 387 et
1556 347 1707 387 tamen
1736 358 1826 387 non

356 417 466 460 satis
504 418 556 460 fit
596 418 888 461 conscientiae
929 418 1220 475 scrupulosae,
1254 419 1341 461 nisi
1380 422 1656 462 sacramento
1695 433 1826 461 suum

356 487 546 543 populus
584 487 889 530 testimonium
935 488 1174 531 roboraret.
1252 488 1333 531 Ait
1372 489 1515 531 enim:
1565 487 1710 531 Testis
1759 490 1827 531 est

357 556 575 599 Dominus
609 557 822 600 aduersus
856 571 936 600 uos
968 560 1014 600 et
1044 558 1172 600 testis
1207 557 1413 601 Christus
1442 558 1536 600 eius
1564 557 1612 599 in
1642 557 1714 600 die
1743 557 1826 601 hac
1845 574 1865 608 5

358 626 464 682 quia
498 641 587 669 non
622 626 885 669 inueneritis
918 626 967 669 in
996 642 1132 669 manu
1151 637 1261 670 'mea
1295 627 1536 684 quippiam.
1597 626 1657 669 Et
1686 626 1826 669 dixit:

360 695 515 738 Testis.
575 695 848 753 Cuicumque
869 697 1079 740 obtestati
1100 697 1394 754 prouinciales
1412 696 1503 740 tale
1521 696 1827 740 testimonium

357 765 604 822 perhibent,
623 766 681 808 ad
708 766 920 810 iudicium
948 766 1264 823 omnipotentis
1291 769 1337 809 et
1363 766 1513 809 omnia
1538 766 1717 809 scientis
1743 765 1828 809 Dei

357 849 537 878 securus
566 835 755 879 accedat.
817 836 1005 878 Prouide
1035 850 1226 892 namque
1256 850 1434 879 causam
1463 835 1648 878 instruit
1673 835 1750 892 qui
1779 835 1827 877 in

357 905 561 947 examine
581 905 894 948 conscientiam
921 905 1126 962 producit
1152 909 1198 948 et
1225 905 1341 948 diem
1362 905 1618 956 humanum,
1639 919 1827 961 quorum
1848 919 1890 942 10

358 977 425 1017 est
445 974 586 1016 iudex
605 975 804 1018 conscius
824 975 872 1016 in
894 974 1074 1018 excelso.
1135 974 1223 1028 Qui
1250 989 1357 1018 uero
1381 989 1481 1018 cum
1507 974 1711 1017 Samuele
1738 989 1828 1017 non

359 1044 606 1087 discutiunt
638 1044 709 1087 hic
744 1044 908 1087 iudicia
942 1058 1034 1094 sua,
1070 1044 1146 1087 sed
1189 1044 1383 1101 prompti
1427 1044 1484 1087 ad
1524 1044 1829 1087 excusationes

316 1126 342 1155 c
360 1114 407 1155 in
427 1113 617 1170 peccatis
638 1114 764 1170 quasi
793 1114 895 1156 lotis
916 1114 1122 1157 manibus
1148 1128 1248 1157 cum
1278 1113 1421 1157 Pilato
1448 1113 1668 1157 clamant:
1698 1113 1827 1156 Mun-

359 1182 442 1225 dus
477 1197 557 1240 ego
590 1197 688 1225 sum
723 1197 750 1225 a
781 1183 996 1241 sanguine
1025 1182 1133 1226 iusti
1163 1183 1322 1235 huius;
1358 1183 1464 1240 quia
1496 1186 1651 1226 contra
1685 1183 1827 1240 legem

365 1254 672 1309 peccauerunt,
704 1267 784 1308 per
810 1252 951 1310 legem
979 1252 1353 1309 dampnabuntur.
1413 1252 1501 1296 Sed
1531 1254 1577 1296 et
1606 1252 1672 1294 illi
1702 1252 1826 1295 dam-
1848 1264 1889 1299 15

361 1321 587 1378 pnationis
622 1324 755 1363 erunt
783 1321 1032 1379 participes,
1068 1322 1144 1379 qui
1185 1337 1258 1365 eos
1297 1323 1484 1379 possunt
1512 1321 1716 1365 cohibere
1747 1335 1827 1364 nec

359 1390 528 1433 uolunt.
609 1390 667 1432 Et
706 1390 760 1432 de
804 1390 874 1433 his
914 1391 1092 1447 quidem
1133 1391 1242 1434 satis
1292 1392 1461 1435 dictum
1511 1394 1578 1434 est
1626 1390 1830 1448 sapienti.

362 1460 549 1502 Proinde
589 1459 645 1502 ad
684 1460 1012 1517 proportionem
1052 1475 1276 1512 manuum,
1317 1475 1450 1518 quam
1490 1461 1723 1504 Plutarcus
1761 1459 1829 1503 in-

358 1529 503 1581 duxit,
534 1532 733 1572 transeat
761 1529 902 1573 stilus.

872 1644 1086 1676 EXPLICIT
1118 1645 1256 1676 LIBER
1286 1645 1316 1676 V
1848 1657 1893 1683 ρο

366 1768 378 1793 1
408 1763 485 1804 post
503 1757 585 1794 Hoc
601 1760 685 1795 add.
703 1760 867 1795 testatur
883 1759 922 1794 M
940 1771 948 1795 :
975 1759 1152 1796 Testatur
1167 1759 1239 1795 hoc
1258 1758 1282 1794 S
1379 1739 1385 1744 ”
1411 1770 1432 1797 2
1456 1761 1643 1796 atestatur
1660 1758 1684 1796 S
1808 1769 1826 1807 5

358 1805 492 1842 cristus
510 1805 533 1841 S
678 1816 724 1842 20
749 1805 917 1853 Explicit
934 1806 1044 1844 Liber
1061 1806 1220 1851 Quintus
1236 1806 1310 1843 AM

409 1927 443 1961 4,
455 1925 482 1999 ὃ
513 1918 625 1952 Testis
640 1921 690 1951 est
707 1917 885 1952 Dominus
902 1916 973 1952 etc.
991 1926 999 1951 ε
1032 1926 1045 1951 1
1067 1914 1157 1962 Reg.
1171 1914 1237 1953 xii.
1256 1924 1289 1961 5.
1390 1925 1434 1952 10
1458 1918 1711 1952 conscientiam
1728 1917 1801 1953 etc.
1819 1927 1828 1952 :

363 1976 385 2000 v
420 1974 433 2000 1
485 1975 536 2000 or.
558 1963 605 2001 iv.
626 1974 654 2007 3,
674 1974 697 2008 4
714 1965 811 1999 Mihi
826 1968 946 1999 autem
966 1975 1035 2009 pro
1052 1965 1202 1998 minimo
1220 1968 1269 1998 “st
1286 1968 1325 1999 ut
1341 1975 1364 1999 a
1384 1965 1486 1999 uobis
1502 1965 1641 1999 iudicer
1655 1968 1719 1999 aut
1732 1976 1755 1999 a
1772 1966 1831 2000 die

363 2014 522 2047 humano
532 2025 546 2056 ,·
570 2013 631 2046 sed
648 2023 760 2058 neque
777 2014 951 2057 meipsum
969 2013 1099 2047 iudico.
1140 2012 1245 2046 Nihil
1258 2023 1297 2046 en
1305 2013 1352 2046 im
1370 2012 1462 2046 mihi
1474 2013 1633 2047 conscius
1648 2023 1729 2047 sum
1740 2024 1754 2057 ,·
1769 2013 1832 2048 sed

362 2071 436 2095 non
454 2061 494 2094 in
511 2060 574 2094 hoc
590 2060 808 2103 {testificatus
821 2071 902 2094 eum
911 2071 924 2102 ,·
997 2060 1010 2093 i
1026 2063 1145 2093 autem
1163 2060 1299 2094 iudicat
1316 2070 1378 2100 me,
1398 2060 1578 2094 Dominus
1595 2063 1655 2094 est.
1777 2069 1829 2102 12,

365 2117 407 2152 13
433 2108 675 2142 excusationes
692 2107 731 2141 in
745 2108 921 2152 peccatis:
979 2118 1005 2141 s.
1023 2106 1094 2141 cxl.
1110 2116 1143 2150 4.
1330 2116 1370 2151 13
1396 2108 1478 2142 lotis
1497 2107 1662 2142 manibus
1679 2108 1772 2143 etc.:
1798 2118 1831 2143 v.

363 2153 474 2189 Matt.
494 2153 606 2189 xxvii.
625 2163 680 2198 24.
854 2164 906 2199 13,
927 2164 969 2198 14
994 2155 1180 2189 Mundus:
1205 2154 1382 2189 Innocens
1397 2152 1509 2199 vulg.
1679 2164 1721 2199 14
1745 2155 1832 2199 quia

364 2207 488 2237 contra
505 2202 613 2246 leqem
631 2202 701 2238 etc.
718 2212 726 2237 :
754 2213 785 2238 v.
803 2201 908 2238 Rom.
927 2200 965 2237 ii.
987 2211 1039 2237 12.
1205 2210 1245 2245 17
1270 2203 1360 2237 satis
1375 2202 1510 2237 dictum
1527 2206 1577 2237 est
1591 2202 1771 2247 sapienti:
1797 2213 1830 2238 v.

364 2249 446 2286 Ter.
465 2250 607 2286 Phor-m.
626 2247 682 2287 iii.
699 2259 732 2296 3.
748 2251 780 2286 8.
990 2250 1031 2286 18
1058 2259 1253 2286 manuum:
1280 2261 1311 2286 v.
1329 2259 1442 2295 supra
1458 2260 1488 2285 0.
1507 2259 1528 2295 3
1548 2251 1634 2295 (540
1646 2250 1698 2295 0).
