1994 3190
271 626 502 673 INCIPIT
540 627 720 671 LIBER
759 627 1084 673 SECUNDUS
1125 627 1509 673 POLICRATICI
1640 635 1713 676 415
1732 637 1762 666 8

769 754 1020 798 ΡΒοωουε.

224 858 388 902 ΟΜΝΙΑ
422 858 584 902 cedunt
614 857 662 900 in
693 872 822 900 usum
857 857 1082 915 sapientis,
1111 858 1363 914 habentque
1394 857 1626 900 materiam

166 927 349 971 uirtutis
369 927 646 979 exercendae,
667 941 967 985 quaecumque
987 927 1196 970 dicuntur
1220 930 1300 970 aut
1321 927 1447 969 fiunt.
1508 925 1626 968 Nam

129 1015 149 1051 5
167 999 214 1041 et
241 997 333 1040 otia
359 997 453 1040 eius
479 997 658 1055 negotia
684 999 800 1047 sunt,
821 999 866 1039 et
893 996 999 1039 dum
1020 996 1205 1040 rationis
1226 996 1458 1039 libramine
1478 1010 1625 1038 rerum
1667 1007 1669 1009 ’

165 1067 361 1110 omnium
395 1067 513 1110 uires
542 1069 714 1124 pensat,
748 1066 935 1124 prouida
966 1065 1292 1123 dispensatione
1324 1064 1534 1122 quicquid
1569 1065 1625 1108 ad
1643 1062 1672 1100 b

164 1135 483 1179 beatitudinem
512 1135 686 1193 proficit
715 1135 906 1192 quadam
936 1135 1062 1192 quasi
1092 1149 1227 1179 manu
1258 1135 1441 1178 uirtutis
1471 1149 1625 1192 appre-

164 1203 330 1248 hendit.
407 1205 529 1248 Tunc
569 1219 674 1262 ergo
713 1204 891 1248 diuinae
933 1204 1176 1262 sapientiae
1221 1208 1324 1247 tuae
1365 1208 1627 1261 argumento

164 1273 434 1318 ualidissimo
465 1273 701 1332 dupliciter
733 1273 864 1317 fidem
896 1273 1016 1325 facis,
1046 1274 1151 1316 dum
1183 1277 1228 1317 et
1257 1274 1304 1316 in
1334 1273 1425 1316 tuis
1453 1273 1627 1316 actibus

108 1363 150 1389 10
166 1347 310 1387 rectus
340 1343 504 1387 incedis
539 1346 584 1386 et
618 1343 941 1401 philosopharis
976 1344 1023 1386 in
1058 1344 1188 1401 nugis
1219 1343 1387 1386 alienis.
1446 1342 1626 1386 Alacres

164 1412 314 1470 itaque
349 1416 509 1456 exeant
547 1427 692 1470 nugae
723 1415 911 1468 nostrae,
944 1428 1053 1471 quas
1088 1413 1301 1456 serenitas
1336 1415 1416 1455 tua
1450 1412 1626 1469 prodire

164 1481 288 1525 iubet
316 1482 363 1524 in
391 1482 630 1539 publicum,
659 1484 712 1525 ut
742 1482 1007 1525 coniectores
1036 1482 1373 1526 mathematicos
1399 1496 1499 1524 cum
1528 1481 1625 1538 qui-

164 1550 349 1595 busdam
376 1551 476 1594 aliis
502 1552 793 1609 nugatoribus
817 1552 1125 1604 introducant;
1155 1552 1260 1608 quia
1280 1551 1443 1608 quibus
1463 1550 1625 1593 dedisti

167 1620 415 1680 egrediendi
431 1621 673 1674 audaciam,
689 1621 939 1664 securitatis
960 1636 1132 1678 quoque
1147 1620 1353 1664 fiduciam
1368 1619 1625 1678 praestabis.

109 1707 150 1743 1⁵
167 1687 496 1734 connectantur
535 1705 639 1748 ergo
674 1690 886 1734 inferiora
928 1691 1239 1748 superioribus,
1274 1693 1320 1733 et
1358 1690 1396 1732 si
1436 1689 1543 1746 quid
1578 1689 1626 1731 in

167 1758 392 1802 alterutris
429 1759 639 1804 uitiosum
679 1763 759 1803 aut
797 1759 993 1804 deforme
1033 1759 1299 1818 apparuerit,
1335 1758 1626 1817 benignitatis

167 1830 270 1872 tuae
298 1828 534 1891 prudentia
563 1829 821 1887 corrigatur.

223 1963 329 2023 Cap.
352 1979 389 2010 1.
447 1965 620 2010 Omina
648 1981 781 2011 ua‘na
810 1982 904 2020 esse,
934 1971 974 2010 et
1003 1981 1070 2010 ‘res
1099 1982 1150 2010 ecc
1166 1965 1263 2023 fide
1290 1980 1377 2011 swa
1407 1965 1568 2023 cuique

757 2037 1027 2093 respondere.

36 2182 40 2187 ,
109 2153 152 2178 ao
224 2131 511 2175 Rusticanum
532 2135 577 2175 et
597 2131 713 2175 forte
729 2133 874 2176 Offelli
890 2133 1173 2190 prouerbium
1189 2135 1278 2175 est:
1309 2132 1396 2185 Qui
1412 2131 1624 2188 sompniis
1641 2143 1666 2172 c

167 2202 214 2243 et
232 2202 428 2258 auguriis
448 2202 598 2256 credit,
614 2217 855 2259 numquam
875 2202 971 2245 fore
991 2217 1204 2246 securum.
1249 2202 1343 2259 Ego
1358 2202 1624 2244 sententiam

167 2271 213 2312 et
241 2269 513 2312 uerissimam
543 2274 588 2313 et
616 2270 915 2314 fidelissimam
945 2275 1065 2329 puto.
1125 2271 1244 2324 Quid
1268 2271 1385 2314 enim
1410 2270 1548 2313 refert
1568 2271 1624 2313 ad

167 2339 521 2395 consequentiam
555 2354 715 2391 rerum,
744 2340 789 2383 si'
817 2341 916 2397 quis
950 2341 1084 2384 semel
1114 2343 1194 2383 aut
1228 2340 1418 2397 amplius
1451 2343 1623 2382 sternu-

173 2469 187 2494 1
215 2458 407 2505 Incipiunt
424 2457 592 2504 capitula
609 2458 762 2496 secundi
778 2458 867 2495 libri
883 2465 915 2495 et
928 2464 1010 2505 post
1026 2460 1187 2513 capitula
1208 2458 1429 2505 Expliciunt
1447 2458 1620 2505 capitula

168 2504 257 2542 libri
285 2505 437 2543 secundi
462 2505 586 2542 CBM:
620 2506 762 2552 Incipit
786 2506 962 2553 prologus
987 2506 1024 2543 ii.
1051 2506 1139 2542 hbri
1165 2506 1249 2542 CB:
1278 2506 1420 2552 Incipit
1445 2505 1623 2552 prologus

168 2551 257 2588 libri
274 2551 427 2589 secundi
446 2552 485 2588 M
500 2565 508 2588 ε
534 2552 676 2599 Incipit
692 2553 870 2600 prologus
887 2553 1040 2590 secundi
1054 2553 1142 2589 libri
1160 2553 1214 2590 A:
1242 2553 1438 2599 Incipiunt
1454 2553 1624 2599 capitula

168 2599 326 2636 secundi
356 2599 445 2635 libri
470 2604 503 2635 et
526 2605 610 2646 post
641 2602 800 2646 capitula
826 2600 1046 2647 Expliciunt
1072 2600 1242 2647 capitula
1274 2600 1413 2646 Incipit
1444 2601 1624 2647 prologus

170 2645 260 2682 libri
274 2645 428 2682 secundi
444 2646 468 2682 S
613 2649 654 2683 18
679 2647 815 2684 Omnia
830 2647 875 2684 Α1
1019 2658 1065 2684 20
1089 2647 1243 2685 somniis
1260 2646 1348 2684 GBS

219 2766 266 2792 20
288 2757 525 2791 Rusticanum
555 2761 587 2792 et
609 2758 709 2802 sorte
746 2758 882 2802 Offelli:
917 2768 949 2792 v.
978 2757 1069 2794 Hor.
1097 2759 1171 2793 Sat.
1197 2756 1236 2793 ii.
1262 2767 1295 2792 2.
1322 2767 1353 2798 2,
1382 2766 1412 2802 3.
1578 2766 1623 2801 23

171 2804 447 2840 sternutamrit:
484 2802 539 2839 De
571 2803 760 2839 ominibus
791 2815 814 2839 a
845 2803 1123 2841 sternutatione
1156 2807 1196 2840 et
1224 2804 1270 2839 de
1299 2815 1370 2839 usu
1396 2802 1557 2850 symboli
1584 2806 1622 2839 et

172 2849 354 2887 orationis
378 2848 596 2886 Dominicae
623 2849 711 2897 (vid.
736 2850 850 2896 infra)
877 2853 916 2887 et
940 2851 1039 2898 signi
1063 2851 1185 2888 crucis
1204 2851 1308 2888 inter
1331 2850 1622 2888 sternutandum

229 2921 308 2940 wass
869 2917 901 2943 K
1466 2908 1510 2952 65
