1994 3190
268 193 349 235 435
370 194 395 224 c
739 180 1001 224 IOANNIS
1042 179 1555 224 SARESBERIENSIS
1707 178 1818 239 [ΗΒ.
1835 191 1875 224 11

409 302 619 359 nulloque
639 301 708 345 sui
729 301 940 345 exercitio
959 301 1223 358 peruenisse.
1282 300 1454 344 Deinde
1473 315 1574 344 cum
1600 315 1721 344 more
1746 301 1877 344 solito

408 373 529 429 apud
559 372 798 415 doctiorem
828 374 981 429 ageret
1006 374 1059 414 ut
1088 371 1173 414 sibi
1199 371 1465 428 promissum
1494 372 1752 423 solueretur,
1776 372 1878 422 iam,

410 442 558 498 inquit
589 442 768 493 doctior,
801 441 971 486 factum
1006 444 1073 485 est
1105 441 1223 498 quod
1257 441 1422 499 petisti,
1451 456 1551 485 cum
1584 456 1636 485 ea
1667 444 1796 485 nocte
1826 444 1880 485 ut

411 511 612 554 docerem
647 511 911 555 accesserim.
972 511 1082 564 Quis
1116 511 1250 554 huius
1282 510 1391 554 facti
1422 511 1614 568 explicet
1647 511 1877 562 rationem,

410 580 498 623 nisi
529 581 646 637 quod
675 581 780 623 boni
809 581 993 638 spiritus
1022 580 1094 623 uel
1123 580 1309 637 maligni
1340 580 1621 638 exigentibus
1650 581 1880 624 hominum
1899 594 1918 630 5

412 650 584 693 meritis
614 665 687 694 eos
716 650 928 693 erudiunt
955 649 1027 693 uel
1053 649 1282 693 illudunt}
1341 649 1484 693 Nouit
1513 649 1631 692 enim
1658 650 1880 693 Ieronimo

367 724 397 764 d
414 719 634 763 referente
672 720 889 764 catholica
927 722 1070 762 mater
1110 718 1291 763 ecclesia
1330 719 1548 776 quomodo
1586 719 1644 762 ad
1682 719 1882 762 tribunal

412 789 571 832 iudicis
605 789 690 832 Dei
724 792 891 846 raptus,
921 804 971 832 eo
1002 788 1120 845 quod
1153 789 1279 832 libris
1311 789 1546 846 gentilium
1575 789 1883 832 uehementius

411 858 646 910 inhereret,
675 859 840 901 ibidem
871 861 1047 902 coactus
1079 861 1147 901 est
1179 859 1380 916 profiteri
1414 873 1460 902 se
1493 858 1615 901 ultra
1648 859 1884 916 gentilium

411 928 549 971 libros
578 943 668 971 non
700 929 831 972 modo
860 943 950 971 non
979 928 1198 971 lecturum
1229 928 1307 971 sed
1335 942 1416 971 nec
1446 928 1582 971 etiam
1610 928 1882 973 habiturum.
1903 945 1946 970 10

412 997 532 1041 Ante
562 998 779 1054 siquidem
814 997 1132 1055 professionem
1160 997 1472 1054 interrogatus,
1503 1011 1604 1041 cum
1638 1012 1685 1041 se
1719 997 1885 1042 diceret

413 1066 731 1119 Christianum,
762 1068 802 1110 ei
831 1083 859 1110 a
887 1067 1032 1110 iudice
1060 1067 1269 1124 probrose
1298 1067 1519 1110 obiectum
1550 1070 1618 1110 est
1647 1055 1766 1124 duod
1793 1082 1884 1111 non
1939 1083 1941 1086 ’

411 1151 519 1180 suus
559 1140 655 1180 erat
694 1137 771 1180 sed
810 1136 1135 1181 Ciceronianus.
1218 1136 1316 1180 Hoc
1355 1139 1505 1180 tamen
1545 1151 1635 1180 non
1674 1137 1885 1181 audacter

411 1206 725 1249 affirmauerim
745 1206 904 1250 somnii
931 1206 1198 1250 censendum
1221 1206 1411 1258 nomine,
1430 1221 1531 1250 cum
1550 1206 1682 1250 idem‘
1695 1206 1883 1251 ueracis-

412 1276 551 1319 simus
571 1280 617 1320 et
643 1276 1014 1333 prudentissimus
1034 1275 1188 1319 doctor
1206 1275 1411 1318 umbram
1431 1276 1591 1319 somnii
1617 1291 1707 1319 non
1733 1275 1883 1330 fuisse,
1903 1290 1949 1330 ις

412 1345 490 1388 sed
539 1361 633 1388 rem
681 1360 829 1389 secum
874 1345 1094 1388 ueraciter
1136 1345 1210 1403 agi
1257 1345 1448 1389 Domino
1487 1345 1700 1389 uisitante
1747 1345 1884 1389 etiam

411 1415 701 1458 iurisiurandi
733 1414 945 1473 religione
979 1415 1210 1458 confirmet
1222 1429 1232 1468 3
1262 1418 1308 1458 et
1338 1418 1392 1458 ut
1422 1415 1599 1473 plenam
1629 1415 1885 1459 assertionis

412 1499 518 1527 suae
554 1484 693 1527 faciat
731 1485 876 1537 fidem,
915 1484 1101 1527 liuorem
1140 1485 1376 1528 uerberum
1415 1485 1464 1527 in
1502 1488 1615 1536 cute,
1646 1485 1884 1528 uulnerum

411 1554 637 1598 cicatrices
677 1553 1015 1612 expergefactus
1055 1554 1251 1598 ostendit
1299 1554 1347 1596 in
1394 1568 1584 1612 corpore.
1655 1554 1743 1598 Sed
1782 1569 1884 1598 cum

413 1624 522 1667 haec
561 1639 588 1667 a
626 1624 857 1680 spiritibus
896 1624 1012 1668 circa
1050 1624 1251 1667 homines
1285 1624 1408 1676 fiant,
1439 1639 1536 1667 eam
1565 1624 1704 1668 solam
1734 1639 1883 1668 rerum
1904 1640 1948 1666 πο

414 1693 654 1751 imaginem
684 1694 827 1736 fidelis
853 1694 1003 1736 anima
1029 1709 1119 1737 non
1149 1697 1424 1751 aspernatur,
1445 1709 1558 1751 quae
1585 1694 1884 1738 innocentiam

263 1775 348 1823 436
367 1784 398 1814 a
415 1763 629 1820 relinquit
667 1763 944 1807 incolumem.
1022 1763 1151 1817 Quod
1197 1764 1236 1807 si
1282 1764 1515 1807 materiam
1553 1764 1679 1807 uitiis
1718 1764 1886 1816 afferat,

414 1833 645 1875 libidinem
684 1832 801 1876 forte
841 1833 1081 1877 accendens
1121 1836 1201 1877 aut
1240 1834 1478 1877 auaritiam
1512 1836 1593 1877 aut
1627 1834 1885 1878 dominandi

413 1902 619 1960 ingerens
653 1902 903 1959 appetitum
938 1906 1019 1946 aut
1053 1903 1263 1960 quicquid
1303 1903 1556 1947 huiusmodi
1592 1906 1660 1947 est
1689 1904 1746 1947 ad
1781 1904 1883 1948 sub-

413 1972 661 2015 uersionem
710 1972 896 2023 animae,
944 1973 1235 2029 proculdubio
1284 1976 1364 2016 aut
1412 1987 1514 2017 caro
1563 1975 1643 2016 aut
1697 1973 1882 2031 spi'ritus
1903 1989 1946 2025 2⁵

412 2040 635 2098 malignus
674 2040 891 2092 immittit,
935 2042 1011 2098 qui
1053 2042 1100 2084 in
1141 2042 1355 2099 quosdam
1401 2042 1684 2100 exigentibus
1730 2043 1884 2101 culpis,

413 2109 604 2153 Domino
625 2110 923 2167 permittente,
936 2114 1066 2154 tanta
1084 2111 1278 2154 malitiae
1299 2126 1406 2155 suae
1427 2111 1606 2155 licentia
1621 2112 1886 2157 debaccatur

411 2181 465 2222 ut
497 2179 614 2236 quod
650 2179 697 2221 in
731 2179 895 2236 spiritu
926 2180 1173 2237 patiuntur,
1203 2180 1447 2224 miserrime
1478 2184 1524 2224 et
1553 2181 1886 2226 mendacissime

413 2248 596 2292 credant
616 2248 663 2290 in
683 2249 939 2306 corporibus
960 2249 1150 2292 euenire.
1210 2249 1351 2303 Quale
1378 2252 1446 2293 est
1473 2250 1591 2307 quod
1619 2251 1886 2295 nocticulam

414 2318 637 2375 quandam
668 2318 739 2361 uel
772 2318 1070 2362 Herodiadem
1100 2318 1172 2362 uel
1206 2319 1453 2376 praesidem
1485 2320 1628 2364 noctis
1659 2321 1885 2366 dominam
1905 2334 1950 2370 30

414 2426 651 2512 (114bsorlxliptnii
667 2426 744 2510 gg
890 2436 931 2474 15
958 2427 1122 2474 sompnii
1139 2427 1214 2464 AM
1357 2438 1398 2466 21
1426 2429 1646 2477 ymaginem
1665 2430 1705 2467 M
1840 2441 1886 2479 27

441 2488 460 2512 e
489 2487 533 2512 ac
561 2487 585 2511 a
604 2487 648 2511 ur

459 2569 483 2604 6
508 2569 620 2603 Noua't
641 2569 734 2603 cto:
764 2579 793 2603 v,
813 2566 967 2603 Hieron.
985 2568 1056 2612 Ep.
1076 2566 1167 2603 xxii.
1187 2568 1268 2613 §30
1286 2567 1444 2615 (Migne,
1464 2571 1505 2605 P.
1521 2571 1564 2607 L.
1581 2570 1672 2607 xxii.
1686 2580 1768 2618 415,
1785 2571 1884 2619 416).

413 2625 460 2661 29
487 2616 598 2660 Quale
615 2620 663 2649 ene
681 2616 751 2650 etc.
769 2627 775 2650 :
807 2614 853 2650 cf.
871 2614 965 2661 Aug.
983 2616 1026 2650 de
1049 2615 1121 2651 Cio.
1143 2617 1223 2659 Dei,
1241 2614 1342 2652 xviii.
1368 2619 1417 2653 18.
1547 2628 1595 2663 30
1620 2620 1883 2656 Herodiadem:

412 2662 512 2699 haud
538 2664 637 2698 roem
663 2661 856 2698 Fontanus
881 2661 936 2706 (in
958 2661 1119 2698 Mam-ob.
1143 2665 1217 2699 Sat.
1242 2662 1295 2699 iii.
1314 2664 1349 2709 8)
1368 2665 1549 2701 herou'dem
1575 2666 1700 2712 legere
1723 2667 1883 2722 maluit3

414 2722 501 2746 nam
533 2709 624 2746 haec
657 2720 702 2745 ex
732 2720 876 2745 (annone
903 2709 1065 2754 quodam
1094 2709 1222 2756 spurio
1251 2722 1355 2748 conc.
1388 2711 1582 2759 Ancyrani
1607 2725 1640 2750 a.
1666 2724 1735 2760 3¹4
1761 2714 1885 2751 babiti

412 2757 538 2795 cibant
555 2755 709 2802 Regino,
726 2755 973 2799 Bmchurdus,
992 2756 1053 2794 lvo
1070 2756 1323 2813 Carnotensis,
1338 2758 1543 2796 Gratianus
1562 2762 1666 2797 Decr.
1685 2761 1733 2797 ΙΙ.
1750 2761 1848 2798 xxvi.

412 2817 444 2843 c.
469 2815 509 2842 12
538 2804 610 2849 (cd.
638 2803 843 2851 Friedberg
868 2803 892 2839 i.
924 2806 1043 2851 1030),
1067 2807 1201 2842 auctor
1231 2805 1321 2842 libn
1350 2808 1393 2844 de
1420 2809 1564 2855 Spa-itu
1593 2813 1625 2845 et
1654 2810 1792 2846 Anima
1815 2768 1884 2847 .υὲ

525 2885 590 2910 100
