1994 3190
248 210 332 260 562
351 210 380 250 b
730 210 931 255 IOANN
933 210 991 255 IS
1035 209 1549 255 SARESBERIENSIS
1712 209 1821 270 [ΜΒ.
1836 220 1868 254 v

397 330 563 373 latione
583 330 792 374 innocens
811 330 1032 375 uideatur.
1083 331 1194 385 Quis
1213 331 1331 375 enim
1349 331 1616 389 gloriabitur
1634 344 1682 374 se
1705 343 1866 387 usque-

399 414 575 458 quaque
603 403 775 443 castum
799 400 961 444 habere
990 415 1075 452 cor,
1105 415 1205 444 cum
1235 404 1282 444 et
1309 403 1432 444 astra
1459 400 1628 444 munda
1655 415 1746 443 non
1775 400 1868 444 sint

397 470 446 512 in
466 472 702 526 conspectu
721 470 842 513 illius
864 470 941 527 qui
961 471 1009 512 in
1028 470 1198 528 angelis
1224 471 1316 514 suis
1341 471 1537 527 repperit
1563 470 1867 527 prauitatem'ss

398 537 549 594 Iniqui
574 553 679 595 ergo
698 539 875 582 arcendi
905 541 1021 590 sunt,
1041 540 1219 596 superbi
1246 542 1292 583 et
1317 539 1455 590 anari,
1475 542 1522 583 et
1544 539 1687 582 omnis
1714 539 1866 582 huius-

354 620 381 651 c
398 607 518 650 modi
538 608 675 665 pestis
695 608 936 652 hominum.
997 608 1042 651 N
1043 609 1148 652 ichil
1175 608 1293 652 enim
1316 608 1605 666 perniciosius
1625 611 1693 652 est
1711 609 1865 666 iniquo
1885 617 1904 652 5

398 676 554 720 diuitis
579 677 840 722 consiliario.
899 677 1044 728 Omni,
1068 678 1226 735 inquit,
1242 678 1443 722 custodia
1469 692 1599 721 serua
1624 692 1699 722 cor
1723 681 1865 729 tuum,

398 747 607 804 quoniam
639 761 696 790 ex
724 747 821 804 ipso
850 747 947 790 uita
975 748 1188 804 procedit.
1249 747 1331 790 Est
1358 748 1511 804 itaque
1540 747 1865 804 prouidendum

397 816 609 873 potestati
634 831 690 859 ne
709 816 947 860 consiliarii
975 817 1069 859 eius
1096 817 1338 874 indigeant,
1357 831 1414 860 ne
1433 817 1579 860 aliena
1604 816 1866 860 immodera-

396 886 489 929 tius
508 886 829 943 concupiscant.
890 886 1019 939 Quod
1049 886 1183 928 etiam
1214 886 1271 928 ad
1302 900 1375 929 eos
1403 900 1543 943 usque
1571 885 1866 943 protenditur,

397 955 474 1012 qui
514 955 562 997 in
600 969 781 1012 corpore
820 955 884 998 rei
923 955 1126 1012 publicae
1165 955 1428 998 interiorum
1467 955 1672 999 obtinent
1709 955 1865 1010 uicem,
1884 971 1927 998 ιο

397 1039 507 1082 quos
537 1027 790 1081 quaestores
819 1027 866 1067 et
893 1025 1306 1068 commentarienses
1335 1027 1382 1068 et
1409 1039 1557 1068 rerum
1587 1025 1867 1083 priuatarum

395 1094 578 1138 comites
597 1109 690 1138 esse
709 1094 1023 1151 praediximus.
1083 1094 1206 1137 Haec
1225 1094 1343 1137 enim
1363 1094 1513 1138 omnia
1531 1095 1589 1138 ad
1612 1095 1864 1139 satietatem

395 1162 630 1205 reficienda
670 1166 787 1213 sunt,
827 1166 873 1206 et
920 1163 1035 1206 hanc
1084 1177 1141 1206 ex
1179 1163 1442 1207 necessitate
1481 1166 1528 1207 et
1576 1178 1672 1215 usu,
1711 1165 1867 1209 habita

395 1232 567 1275 ratione
596 1247 896 1289 personarum,
926 1235 1102 1290 oportet
1130 1233 1428 1290 interpretari.
1498 1233 1547 1277 Si
1577 1234 1696 1277 enim
1725 1234 1864 1279 refici-

395 1304 532 1344 antur
569 1302 747 1345 auidius
786 1305 832 1345 et
870 1303 1018 1346 minus
1059 1303 1277 1360 digerant,
1316 1306 1532 1360 generant
1570 1304 1746 1348 morbos
1785 1307 1866 1349 aut
1886 1317 1926 1354 ¹5

396 1370 660 1415 incurabiles
689 1375 768 1415 aut
797 1372 1004 1416 difficiles.
1064 1372 1342 1429 Impossibile
1370 1372 1588 1430 siquidem
1618 1376 1686 1416 est
1715 1388 1865 1431 quem-

398 1455 531 1497 quam
562 1441 781 1485 iustitiam
811 1444 857 1485 et
882 1441 1114 1498 pecuniam
1134 1441 1284 1498 sequi;
1319 1445 1399 1485 aut
1426 1442 1543 1485 enim
1570 1442 1649 1485 uni
1676 1442 1864 1487 istorum

349 1507 381 1550 d
399 1510 586 1566 quilibet
613 1510 844 1554 adherebit
870 1513 915 1554 et
943 1510 1134 1554 alterum
1159 1514 1452 1568 contempnet,
1478 1514 1558 1554 aut
1584 1512 1866 1569 torquebitur

398 1579 538 1622 altero
558 1579 751 1623 melioris
767 1594 934 1636 expers.
975 1579 1127 1623 Auaro
1146 1594 1336 1637 namque
1351 1582 1464 1623 teste
1480 1579 1711 1638 Sapientia
1725 1581 1864 1625 nichil

397 1648 624 1692 scelestius
658 1651 726 1692 est
757 1652 803 1692 et
836 1649 973 1693 nichil
1012 1649 1210 1706 iniquius
1248 1663 1381 1706 quam
1420 1663 1569 1693 amare
1602 1650 1860 1707 pecuniam3
1882 1662 1926 1689 πο

399 1716 482 1760 hac
514 1717 632 1760 enim
670 1718 866 1761 animam
906 1732 1033 1761 suam
1070 1717 1272 1760 uenalem
1307 1717 1442 1760 habet
1474 1721 1520 1760 et
1558 1718 1606 1760 in
1645 1719 1743 1762 uita
1781 1734 1862 1767 sua

395 1785 582 1842 proiecit
610 1786 770 1829 intima
799 1801 890 1830 sua.
950 1786 1009 1830 Et
1044 1785 1159 1829 forte
1193 1786 1291 1829 ideo
1325 1789 1468 1830 crates
1502 1787 1692 1843 pectoris
1722 1792 1862 1834 costa-

396 1870 582 1912 rumque
617 1855 887 1899 soliditatem
927 1859 972 1899 et
1006 1858 1231 1899 extremae
1273 1855 1388 1899 cutis
1422 1856 1665 1900 claustrum
1699 1860 1863 1903 natura

393 1923 735 1981 diligentissima
760 1939 920 1982 parens
939 1924 1254 1981 circumposuit
1281 1924 1516 1975 intestinis,
1536 1939 1624 1982 quo
1650 1926 1864 1972 aduersus

394 2007 568 2036 omnem
599 1994 863 2037 exteriorem
893 1993 1151 2037 uiolentiam
1181 1994 1339 2037 fierent
1367 1994 1546 2045 tutiora,
1574 1997 1620 2038 et
1649 1996 1712 2039 eis
1744 1996 1862 2054 quod
1882 2007 1924 2044 25

394 2077 568 2106 necesse
599 2067 666 2106 est
706 2063 944 2113 ministrat,
973 2077 1053 2106 nec
1082 2077 1293 2120 umquam
1323 2063 1417 2107 sine
1447 2063 1605 2108 salutis
1634 2079 1739 2108 suae
1773 2066 1862 2110 dis·

394 2131 556 2190 pendio
595 2132 889 2176 exterioribus
928 2135 1224 2189 exponuntur.
1303 2132 1492 2190 Oportet
1537 2137 1687 2176 autem
1727 2134 1776 2177 in
1815 2149 1863 2180 re

395 2201 572 2259 publica
621 2202 734 2244 hanc
778 2205 965 2245 naturae
1004 2201 1172 2258 opificis
1211 2202 1379 2245 seruari
1421 2202 1659 2259 imaginem
1699 2206 1745 2247 et
1792 2204 1863 2249 his

393 2271 738 2314 necessariorum
767 2270 937 2328 copiam
968 2269 1022 2312 de
1053 2270 1227 2327 publico
1257 2270 1513 2315 ministrari.

391 2354 828 2420 W
907 2373 953 2410 28
978 2371 1198 2420 ymaginem
1217 2371 1256 2408 M

447 2476 459 2502 1
491 2467 581 2511 Quia
602 2466 821 2511 aloriabt'tur
843 2466 937 2501 cta:
965 2464 1070 2501 Prov.
1087 2476 1148 2501 xx.
1167 2475 1199 2511 9,
1224 2464 1383 2502 citatum
1401 2478 1472 2504 sec.
1490 2466 1644 2505 Hieron.
1663 2469 1764 2506 Dial.
1781 2470 1861 2506 adv.

394 2514 608 2560 Pelaqianoo
632 2512 672 2550 ii.
691 2524 713 2557 η
741 2511 887 2559 (Migne
915 2514 955 2548 P.
977 2514 1018 2548 L.
1037 2511 1141 2550 xxiii.
1169 2516 1277 2559 539);
1307 2525 1337 2549 v.
1357 2513 1530 2551 Sabatier
1554 2516 1602 2552 ad
1628 2515 1695 2552 loc.
1840 2527 1861 2554 2

393 2566 494 2596 astra
512 2562 648 2596 munda
666 2562 760 2597 etc.:
786 2571 817 2596 v.
838 2559 904 2596 Iob
923 2571 1004 2596 xxv.
1025 2569 1066 2607 53
1093 2565 1194 2596 astru
1219 2571 1287 2606 pro
1303 2560 1413 2608 Vulg.
1430 2563 1551 2599 stellae
1568 2562 1664 2600 citat
1689 2561 1863 2602 Sabatia·

394 2619 440 2644 ex
460 2606 612 2645 Hieron.
634 2609 775 2653 Diam.
792 2608 868 2644 adv.
887 2608 1102 2653 Pelagianos
1118 2606 1156 2643 ii.
1176 2618 1220 2652 24
1240 2606 1385 2655 (Migne
1403 2611 1443 2646 P.
1461 2611 1503 2645 L.
1521 2609 1626 2647 xxiii.
1646 2610 1742 2657 563).
1839 2622 1861 2658 3

394 2657 435 2691 in
451 2657 591 2701 anoctis
607 2657 700 2692 eta:
728 2654 792 2692 Iob
811 2654 856 2691 iv.
878 2655 931 2691 18.
1136 2656 1160 2691 6
1186 2656 1293 2691 Omni
1308 2658 1470 2693 custodia
1488 2659 1586 2694 etc.:
1616 2658 1719 2695 Prov.
1737 2656 1782 2695 iv.
1804 2668 1860 2706 23.

398 2713 439 2739 12
462 2704 738 2748 praediximus:
764 2714 796 2739 v.
813 2713 926 2749 supra
942 2713 972 2738 c.
992 2711 1013 2738 2
1032 2701 1119 2748 (540
1129 2703 1180 2747 c).
1386 2713 1424 2748 ¹7
1451 2708 1520 2742 um·
1536 2707 1686 2743 istorum
1704 2707 1774 2743 etc.
1793 2717 1801 2742 :
1827 2717 1859 2743 v.

396 2749 483 2787 Luc.
501 2749 574 2786 xvi.
597 2760 648 2797 ¹3·
798 2759 841 2795 ¹9
866 2751 991 2786 Auara
1010 2751 1103 2787 etc:
1130 2761 1160 2786 v.
1182 2748 1285 2786 Eccli
1304 2762 1338 2786 x.
1358 2760 1391 2797 9,
1414 2761 1466 2788 ιο.
1621 2762 1662 2790 21
1690 2753 1777 2789 hac:
1803 2753 1862 2790 Mo

394 2796 503 2843 Vulg.
674 2807 718 2835 22
744 2802 858 2834 craten
897 2798 1044 2834 ector-ie:
1075 2796 1185 2843 Verg.
1204 2799 1293 2833 Aen.
1312 2796 1377 2834 xii.
1399 2800 1477 2846 508.
1636 2800 1681 2838 28
1707 2805 1861 2838 murae

392 2845 560 2891 opificia:
587 2856 619 2882 v.
640 2844 738 2883 Plin.
759 2845 852 2881 llice.
907 2849 955 2881 ae.
974 2843 1074 2881 xxxi.
1097 2854 1126 2882 ι.
1150 2854 1164 2882 1
1187 2843 1205 2891 ξ
1229 2854 1258 2882 1.

502 2924 567 2958 3²⁸
