1994 3190
197 218 296 251 mr.
312 203 435 266 xvn]
709 204 1147 250 POLICRATIGVS
1675 206 1756 255 586
1778 206 1807 244 b

195 343 246 372 ac
266 328 303 371 si
323 327 531 385 naufragi
551 327 606 370 de
631 325 854 384 profundo
871 328 1037 382 queant
1056 328 1235 368 enatare
1263 325 1449 376 facilius,
1470 325 1507 368 si
1534 338 1660 382 prae·

195 397 324 455 graui
344 397 516 440 sarcina
536 395 705 439 fuerint
724 395 906 438 onerati.
966 394 1055 438 Sed
1076 395 1176 451 quis
1200 409 1411 452 umquam
1439 395 1661 438 ulcerosus

196 466 346 524 spinas
383 465 602 522 congessit
640 467 694 508 ut
731 464 961 507 uolutatus
1001 464 1048 506 in
1088 464 1151 507 eis
1191 464 1388 520 quiescat
1436 463 1662 507 molliter?

197 534 412 586 Profecto,
441 534 479 578 si
510 534 550 577 ei
579 533 773 591 perfecte
803 533 1056 576 crederetur
1087 533 1163 589 qui
1195 533 1286 576 ait:
1321 533 1520 575 Diuitiae
1555 535 1662 575 sunt

160 620 179 654 5
196 603 360 662 spinae,
379 603 560 647 minime
586 606 714 646 tanto
740 602 888 646 studio
918 617 946 645 a
974 602 1250 659 sapientibus
1279 602 1419 645 nostri
1450 602 1662 659 temporis

197 675 524 730 quaererentur.
573 673 636 716 Vt
655 686 760 730 ergo
781 671 965 715 Publius
986 670 1158 728 Carpus
1178 671 1254 722 ait,
1275 671 1438 714 diuites
1458 672 1661 728 pauperi·

195 742 278 785 bus
309 741 555 785 miseriores
587 744 703 792 sunt,
730 755 782 784 eo
816 740 933 798 quod
968 755 996 783 a
1026 740 1246 798 sapientia
1277 740 1451 798 longius
1483 741 1661 785 abeunt.

195 811 436 868 Appetitus
465 810 724 854 diuitiarum
759 809 1002 867 sapientiae
1035 809 1229 852 exclusio
1259 812 1327 852 est
1356 812 1401 852 et
1431 808 1540 866 fuga
1570 810 1659 852 uir-

195 882 369 932 tutum;
398 879 587 922 fecunda
605 879 803 922 uirorum
824 881 1063 936 paupertas
1083 881 1289 922 naturam
1309 877 1524 934 optimam
1550 878 1659 921 bene
1678 891 1703 920 c

139 965 179 990 10
196 948 378 992 uiuendi
408 949 561 992 ducem
591 948 796 991 imitatur
825 951 870 991 et
899 947 1119 991 uirtutum
1150 961 1310 1004 parens
1340 950 1385 989 et
1414 950 1562 990 custos
1582 951 1661 997 est,

196 1017 374 1075 solaque
403 1017 683 1061 securitatem
717 1017 837 1074 parit
872 1030 984 1073 quae
1019 1015 1112 1059 sola
1146 1015 1287 1059 nescit
1315 1015 1541 1058 incentiua
1571 1016 1661 1058 bel-

196 1087 352 1131 lorum.
411 1086 514 1130 Non
534 1087 668 1130 habet
692 1086 837 1143 iurgia
863 1086 939 1143 qui
966 1085 1262 1129 contentionis
1289 1099 1443 1128 causas
1471 1086 1661 1142 ignorat.

196 1155 407 1214 Trepidat
425 1156 555 1209 orbis,
568 1158 613 1199 et
633 1155 864 1200 Cesaream
883 1170 1066 1198 manum
1086 1155 1205 1198 solus
1225 1169 1394 1211 pauper
1412 1169 1501 1197 non
1522 1155 1661 1198 timet.

197 1225 361 1283 Vtique
392 1225 430 1268 si
462 1225 519 1268 ob
550 1225 683 1268 aliam
718 1239 894 1268 causam
925 1239 1014 1268 non
1044 1223 1309 1282 fugerentur
1347 1227 1428 1267 aut
1466 1227 1660 1267 contem-

139 1310 179 1344 15
196 1297 438 1352 pnerentur
462 1294 658 1346 diuitiae,
678 1294 763 1337 nisi
789 1294 895 1351 quia
918 1294 1163 1351 sapientiae
1187 1293 1285 1336 uias
1307 1293 1486 1350 sepiunt
1509 1294 1662 1350 spinis,

198 1378 272 1407 eas
297 1367 553 1422 oportuerat
579 1378 668 1407 non
696 1364 849 1407 amari.
910 1363 980 1407 Ne
1008 1366 1157 1406 tamen
1185 1363 1255 1405 his
1281 1363 1358 1420 qui
1386 1364 1662 1420 paupertatis

11 1406 17 1464 l
196 1433 458 1478 erubescunt
491 1433 667 1477 uilitate
705 1433 964 1484 sordescere,
995 1433 1357 1490 philosophorum
1387 1433 1447 1476 sit
1476 1433 1662 1476 molesta

7 1481 15 1556 l
197 1502 373 1560 opinio;
422 1502 683 1546 diuitiarum
722 1517 812 1546 non
850 1502 1009 1546 indicit
1057 1502 1337 1559 philosophia
1386 1501 1540 1559 fugam
1584 1502 1660 1545 sed

12 1567 15 1579 '
197 1571 370 1615 inhibet
388 1572 647 1630 appetitum.
706 1572 900 1615 Mentem
927 1571 996 1614 sui
1023 1575 1268 1629 compotem
1289 1572 1464 1628 quaerit
1484 1575 1529 1614 et
1549 1586 1662 1628 quae

139 1657 181 1681 20
198 1640 246 1684 in
265 1641 384 1684 omni
405 1641 609 1685 fortunae
629 1642 795 1686 calculo
822 1641 1011 1685 sufficiat
1037 1641 1133 1690 sibi,
1154 1642 1220 1684 ita
1246 1644 1396 1684 tamen
1423 1644 1476 1684 ut
1502 1641 1661 1684 suffici-

197 1710 319 1754 entia
338 1710 432 1754 eius
451 1725 507 1754 ex
533 1711 627 1755 Deo
653 1712 725 1756 sit.
784 1711 858 1754 Sic
884 1726 992 1754 auro
1020 1714 1247 1767 tamquam
1274 1710 1498 1761 fictilibus,
1515 1711 1662 1753 fictili·

198 1779 280 1823 bus
311 1780 435 1837 quasi
465 1795 574 1824 auro
603 1783 771 1825 utatur.
830 1780 960 1831 Nam,
980 1780 1095 1824 sicut
1126 1794 1230 1836 opes
1265 1780 1568 1823 admittuntur
1602 1780 1658 1822 ad

196 1863 338 1905 usum,
369 1849 430 1893 sie
469 1864 497 1893 a
533 1850 731 1907 sapiente
769 1852 1146 1907 contempnuntur
1184 1849 1339 1894 abusu.
1414 1849 1502 1892 Sed
1543 1848 1658 1893 forte
1675 1854 1704 1894 d

197 1917 395 1975 supellex
418 1919 521 1962 uilis
539 1919 766 1963 uidebitur
785 1919 1078 1977 ignominiosa
1098 1919 1381 1976 magnatibus
1409 1922 1454 1961 et
1481 1919 1660 1962 honoris

139 2000 179 2034 ²5
197 1987 471 2044 splendorem
498 2003 568 2032 res
596 1989 743 2032 tenuis
769 1989 991 2032 decolorat
1004 2002 1014 2040 ;
1053 1988 1178 2044 atqui
1211 1988 1340 2046 longe
1360 1989 1662 2045 praestantius

197 2059 265 2099 est
302 2057 498 2100 moribus
537 2058 764 2115 splendere
803 2073 936 2116 quam
971 2058 1114 2109 rebus,
1149 2072 1228 2100 nec
1267 2072 1478 2114 umquam
1513 2073 1660 2100 rerum

197 2126 338 2182 specie
367 2126 665 2171 illustrabitur
699 2142 829 2185 quem
865 2142 970 2171 suae
1000 2127 1294 2184 turpitudinis
1323 2127 1496 2170 macula
1525 2128 1660 2170 deho-

195 2197 355 2239 nestat.

196 2310 227 2383 113
229 2301 436 2384 fflufragu
453 2301 493 2338 M
725 2312 765 2348 17
793 2302 1113 2351 ‘phylosophorum
1132 2302 1172 2338 M
1396 2313 1441 2348 24
1466 2302 1662 2350 suppellex

243 2467 276 2503 4,
310 2466 328 2504 5
365 2459 527 2495 Diuinae
558 2464 643 2495 sunt
673 2461 826 2514 spinae·
868 2471 903 2495 v.
937 2458 1047 2496 Matt.
1079 2458 1161 2495 xiii.
1196 2469 1255 2495 22.
1445 2460 1468 2495 6
1509 2460 1663 2495 Publius

201 2506 363 2559 Carpus:
405 2505 522 2550 Quem
554 2506 679 2544 dicere
708 2506 801 2544 velit
827 2506 994 2550 Ioannes,
1014 2506 1190 2552 equidem
1215 2505 1351 2543 nescio.
1403 2505 1509 2542 Inter
1532 2506 1660 2542 Publii

198 2552 283 2599 Syn
313 2551 490 2599 reliquias
518 2565 594 2590 non
621 2556 744 2591 exstat
766 2554 844 2590 tale
870 2553 1043 2597 dictum3
1086 2554 1132 2589 cf.
1158 2556 1301 2590 tamen.
1327 2564 1397 2590 210
1423 2554 1494 2599 (ed.
1520 2553 1661 2590 Friedr.

195 2599 371 2683 {2333
337 2602 693 2686 ιέἔέἵᾞέἷὲἓΐ
706 2603 832 2685 ἷῗεῖἴῗ.
834 2603 1210 2695 ,P⁰;⁴p²'53‘⁰⁸s{²13¹222m
1227 2601 1431 2686 {¹333ss
1430 2600 1658 2643 ¹¹¹²¹¹¹⁸¹⁰⁰d¹’

195 2699 368 2730 naturam
399 2696 494 2732 etc.:
536 2695 614 2732 Cic.
648 2698 691 2731 de
722 2698 866 2732 Amicii.
903 2705 921 2742 5
959 2695 977 2743 §
1017 2706 1312 2742 19.13
1358 2697 1532 2742 Trepidat
1564 2697 1658 2731 etc.:

195 2753 229 2776 v.
263 2741 403 2778 Lucan.
435 2743 563 2779 Phara
596 2756 628 2779 v.
656 2752 835 2797 §37-531·
1083 2753 1137 2786 20,
1173 2753 1214 2778 21
1259 2745 1475 2789 &afficientia
1509 2744 1585 2778 eiu-s
1616 2755 1662 2778 ex

197 2789 271 2883 ⁵Deg
290 2790 370 2873 ἔδει
412 2801 446 2825 v.
483 2799 505 2826 2
538 2789 621 2828 Cor.
653 2789 707 2826 iii.
743 2800 774 2838 5.
962 2800 1004 2827 21
1047 2791 1107 2827 Sic
1137 2801 1230 2826 auro
1262 2793 1359 2827 etc.:
1402 2802 1434 2827 v.
1467 2789 1554 2826 Sen.
1587 2791 1659 2836 Ep.

1486 2908 1551 2952 365
