1994 3190
128 195 227 230 cst.
243 180 337 243 x11]
376 186 378 189 ’
649 181 1085 228 POLICRATICVS
1610 191 1701 232 499
1721 189 1746 221 c

101 328 103 331 v
130 303 180 347 Si
213 317 319 346 uero
353 302 548 346 animam
583 305 792 346 accusant
823 317 967 359 opera,
999 305 1045 345 et
1076 302 1142 344 illi
1172 302 1439 346 conscientia
1468 301 1597 345 testis

128 372 310 426 assistit,
331 375 376 415 et
395 387 572 416 causam
592 372 758 414 ueritas
784 371 1012 414 examinat
1038 372 1287 428 aequitatis,
1308 372 1407 428 quis
1434 385 1597 428 quaeso

128 444 306 500 praetor
325 442 372 484 in
393 457 512 485 ream
532 442 856 497 obnoxiamque
875 440 1102 483 mendacio
1116 442 1298 498 grauius
1314 441 1598 485 nendicabit‘e

130 511 247 556 Sane
277 514 457 569 praetor
484 511 567 554 etsi
596 510 704 552 uiua
732 524 823 552 uox
852 510 962 552 iuris
992 524 1084 552 esse
1114 510 1300 560 dicatur,
1330 511 1597 553 sententiam

91 597 111 632 5
130 581 224 624 eius
254 581 421 624 ueritas
450 580 708 638 plerumque
743 580 982 631 retractat3
1025 578 1102 621 sed
1136 578 1342 621 ueritatis
1376 579 1598 621 sententia

128 652 280 694 manet
312 648 659 698 irretractabilis,
694 647 800 704 quia
833 647 1008 690 iustitia
1043 647 1137 690 eius
1168 646 1342 690 iustitia
1376 648 1423 689 in
1458 651 1597 690 aeter-

128 733 249 770 num,
289 722 334 762 et
372 719 445 761 lex
486 718 581 761 eius
619 717 844 774 aequitas;
889 731 912 759 e
943 719 1099 760 contra
1130 716 1177 758 in
1212 716 1435 772 praetorio
1467 730 1599 772 saepe

128 802 350 831 summum
377 788 446 836 ius
476 801 648 830 summa
671 786 836 829 iniuria
865 788 944 830 est.
1004 785 1215 842 Quisquis
1241 800 1346 842 ergo
1373 785 1598 842 promittit

129 857 304 901 debitor
329 859 407 908 est,
428 859 474 901 et
499 855 704 899 ueritatis
729 858 916 913 urgente
943 855 1166 899 sententia
1191 855 1439 912 sponsionis
1463 854 1594 897 fidem
1611 855 1640 895 d

0 979 1 983 Ἰ
71 947 114 972 10
129 927 409 984 compellitur
441 925 691 983 adimplere.
763 925 899 968 Porro
939 925 1056 982 quod
1090 925 1327 968 necessitas
1361 927 1599 980 extorquet

0 985 5 1001 '
129 996 322 1054 gratiam
342 995 515 1039 minuit.
575 995 702 1038 Vnde
722 994 834 1038 illud
853 994 1206 1052 philosophicum
1227 994 1344 1050 quod
1368 994 1599 1051 praemisi:

131 1066 395 1109 Promittere
433 1079 489 1108 ne
523 1063 708 1108 festines
746 1079 802 1108 ne
837 1078 938 1108 cum
977 1064 1171 1107 uolueris
1205 1078 1294 1106 non
1333 1063 1486 1120 possis,
1520 1066 1600 1106 aut

129 1130 244 1178 nolis
271 1149 327 1178 ex
350 1134 469 1178 iusta
497 1148 630 1178 causa
653 1149 753 1178 cum
780 1134 930 1192 possis,
955 1137 1035 1177 aut
1060 1148 1161 1177 cum
1188 1132 1380 1176 effeceris
1406 1132 1599 1190 gratiam

130 1204 289 1262 perdas
309 1206 388 1248 aut
407 1203 594 1256 minuas,
614 1219 665 1247 eo
692 1204 810 1261 quod
837 1207 882 1247 te
911 1207 1015 1247 ante
1042 1203 1362 1260 illaqueaueras
1388 1202 1436 1244 in
1463 1202 1600 1244 uerbo

0 1275 11 1323 T?
73 1291 114 1327 15
133 1273 222 1317 oris
254 1273 332 1317 tui.
393 1273 468 1316 Fit
502 1276 652 1316 tamen
684 1276 737 1316 ut
768 1288 857 1317 non
889 1273 1020 1316 modo
1050 1273 1221 1316 licitum
1252 1272 1312 1314 sit
1341 1271 1601 1328 promittere

132 1343 209 1387 sed
239 1342 597 1387 eta-conducibile.
657 1343 716 1386 Et
744 1346 797 1386 ut
826 1343 1014 1387 aliorum
1043 1342 1101 1385 ad
1131 1356 1337 1399 praesens
1369 1344 1602 1384 taceantur

133 1412 346 1469 exempla,
381 1412 649 1456 Paraclitum
685 1411 891 1456 Christus
926 1412 1020 1470 ipse
1052 1412 1279 1468 discipulis
1314 1414 1359 1454 et
1398 1410 1603 1468 promisit

133 1485 178 1526 et
206 1482 339 1526 misit.
400 1481 663 1539 Eisdemque
693 1482 800 1539 quid
831 1482 1036 1525 futurum
1066 1484 1180 1524 esset
1214 1481 1314 1531 illis,
1345 1480 1421 1537 qui
1453 1480 1603 1523 omnia

132 1565 213 1610 pro
243 1566 294 1594 eo
323 1550 605 1608 reliquerant,
629 1551 1008 1609 interrogantibus
1038 1551 1162 1594 sedes
1191 1551 1238 1592 in
1269 1549 1601 1607 regeneratione

0 1619 4 1648 *³
28 1687 29 1691 Ἰ
76 1643 119 1669 ιο
134 1620 338 1679 promisit
367 1623 413 1664 et
441 1620 718 1664 iudiciariam
745 1635 879 1678 quam
909 1635 1009 1664 cum
1041 1635 1092 1663 eo
1118 1620 1316 1663 habituri
1347 1622 1452 1662 sunt
1478 1622 1599 1676 pote-

135 1692 306 1735 statem.
361 1690 431 1732 Ex
451 1690 612 1748 quibus
631 1693 806 1734 constat
825 1691 931 1747 quia
949 1705 1082 1734 causa
1104 1690 1379 1747 propositum
1403 1703 1601 1747 opusque

134 1759 421 1810 commendat,
446 1762 499 1802 ut
527 1759 696 1816 liqueat
726 1775 781 1803 ex
811 1761 881 1803 his
911 1760 1016 1817 quia
1045 1775 1134 1803 non
1160 1774 1334 1803 necesse
1364 1762 1431 1803 est
1459 1758 1601 1816 philo·
1619 1768 1704 1809 500
1723 1770 1754 1798 a

135 1830 262 1888 sophi
282 1829 479 1887 regulam
500 1829 664 1872 uitiari.

11 2009 15 2018 x
138 1953 244 2012 Cap.
280 1967 344 1999 12.
393 1954 458 1998 Do
486 1953 796 1998 rationalibus
822 1958 861 1998 et
887 1955 1139 1999 secretariis
1166 1955 1390 2006 diuitum,
1420 1958 1459 1998 et
1486 1954 1606 2011 quod

7 2039 13 2046 ··
77 2041 120 2076 ²5
252 2022 467 2067 amicitia
490 2037 587 2066 ‘non
607 2024 704 2067 ‘nisi
727 2024 780 2067 in
801 2024 930 2068 bonis
950 2029 1020 2076 est,
1041 2029 1079 2069 et
1099 2025 1219 2082 quod
1239 2025 1371 2069 diues
1383 2024 1603 2080 familia-

253 2107 348 2136 rem
368 2093 524 2149 potius
543 2094 766 2150 exprimat
786 2109 927 2151 quam
950 2096 1180 2145 amicwrm
1201 2098 1252 2147 et,
1271 2094 1372 2138 licet
1384 2094 1602 2151 familia-

251 2163 368 2206 ritas
401 2162 611 2206 diuitum
646 2163 781 2207 utilis
820 2163 1054 2219 uideatur,
1088 2179 1215 2222 saepe
1243 2164 1501 2221 pemculosa
1535 2168 1605 2215 est,

252 2235 290 2275 et
308 2231 427 2288 quod
447 2233 709 2276 innocenter
727 2233 991 2278 uiuendum
1011 2238 1081 2278 est.

197 2321 284 2365 Sed
330 2323 367 2365 si
415 2338 504 2367 non
550 2325 680 2368 modo
719 2326 1004 2382 promissores
1049 2325 1125 2369 sed
1165 2325 1517 2369 munuscularios
1556 2325 1604 2367 in

81 2411 124 2446 30
139 2390 286 2448 gratia
314 2390 434 2435 illius
462 2402 606 2449 quem‘
621 2398 774 2452 captas
804 2395 1061 2439 antecedere
1090 2395 1250 2453 pergis,
1285 2398 1330 2438 te
1361 2394 1605 2438 ratiociniis

70 2526 74 2531 .
141 2508 162 2534 2
189 2498 380 2535 examinet
395 2499 435 2535 M
577 2512 598 2547 3
623 2502 838 2541 uindicabit
854 2503 1019 2541 CBASM

141 2591 333 2645 quibusque
349 2591 459 2627 huius
473 2594 607 2628 saeculi
622 2593 897 2641 interpretatus
913 2598 970 2632 est
988 2595 1144 2632 Hieron.
1164 2595 1211 2631 ad
1235 2594 1307 2633 loc.
1327 2594 1472 2642 (Migne
1494 2597 1535 2631 P.
1561 2597 1607 2631 L.

142 2649 241 2673 xxiv.
259 2638 367 2694 791·).·
423 2685 430 2694 .
491 2639 514 2674 6
537 2641 678 2677 iustitia
695 2644 789 2679 etc.:
815 2655 847 2678 v.
865 2643 923 2679 Pa.
947 2643 1072 2679 cxviii.
1093 2653 1170 2688 142.
1307 2644 1328 2679 8
1352 2654 1533 2678 summum
1550 2646 1609 2678 ius

143 2696 284 2741 sumpta
311 2695 477 2720 cmm-m:
512 2685 588 2723 Cic.
619 2689 686 2733 Off.
719 2689 744 2725 i.
772 2700 817 2726 10
841 2689 858 2737 §
888 2701 942 2736 33.
1107 2701 1146 2726 11
1170 2692 1366 2736 praemisi:
1392 2690 1458 2726 viz.
1485 2692 1553 2735 498
1569 2699 1607 2726 Β.

145 2742 190 2776 14
215 2732 478 2784 dlaquqaueras
493 2735 586 2770 etc.:
611 2747 646 2770 v.
662 2735 769 2772 Prov.
783 2737 830 2772 vi.
849 2748 881 2773 2.
1002 2746 1043 2782 17
1068 2739 1291 2774 Paraczitum
1310 2739 1401 2774 etc.:
1424 2750 1455 2773 v.
1474 2738 1606 2773 Ioann.

144 2790 201 2815 xv.
216 2780 271 2836 ²55,
284 2789 355 2815 xv1.
368 2787 400 2822 7.
493 2781 534 2816 18
553 2782 767 2828 Eisdemque
779 2786 870 2820 etc.:
887 2797 918 2820 v.
931 2784 1042 2820 Matt.
1055 2784 1131 2820 xix.
1142 2795 1198 2829 27,
1215 2786 1270 2821 28.
1360 2795 1416 2824 22.
1431 2795 1474 2830 23
1488 2786 1608 2830 philo-

143 2828 247 2872 sopln
263 2827 444 2872 reyulam:
469 2839 502 2864 v.
519 2839 633 2875 supra
649 2831 717 2876 498
731 2839 769 2866 Β.
866 2841 912 2877 29
929 2834 1241 2869 munuscularios:
1271 2845 1302 2868 v.
1320 2831 1380 2868 Du
1394 2831 1520 2879 Gange
1534 2844 1560 2868 s.
1576 2844 1609 2868 v.

199 2898 280 2916 wm
828 2898 854 2924 E
872 2898 895 2924 e
1434 2901 1498 2936 ²09
