1994 3190
178 186 282 220 οη.
295 173 389 234 x11]
694 170 1131 216 POLICRATICVS
1668 180 1738 222 501
1756 170 1786 211 d

184 294 242 337 ad
273 305 495 336 successus
531 305 625 334 esse
663 290 885 334 conscium
916 292 1194 333 secretorum.
1255 289 1452 343 Quidni?
1511 290 1651 333 Reue-

184 362 329 405 rentia
367 360 534 410 crescit,
566 358 801 402 inualescit
835 359 1089 410 auctoritas,
1125 362 1333 402 arcentur
1364 360 1651 412 incommoda,

183 430 452 489 proueniunt
466 428 697 478 utilitates,
713 427 953 471 amicorum
966 430 1158 484 augetur
1171 442 1393 479 numerus,
1408 429 1652 472 cultoribus

183 499 352 544 accedit
371 497 560 548 deuotio,
581 499 626 540 et
653 495 836 539 fortuna
855 496 995 539 totius
1021 496 1192 552 gratiae
1219 511 1323 539 suae
1352 500 1397 540 et
1424 497 1652 541 felicitatis

146 587 165 623 ⁵
183 582 338 612 auram
353 567 534 610 uidetur
546 565 737 608 beatulis
751 565 978 622 inspirare.
1028 564 1236 609 Ceterum
1252 566 1438 608 istorum
1454 568 1652 609 omnium

182 636 423 681 nouissima
443 635 601 692 quouis
627 634 819 678 absintio
846 634 1066 677 amariora
1084 637 1204 686 sunt,
1224 638 1270 677 et
1295 635 1333 677 si
1358 635 1536 677 interim
1564 650 1654 678 non

184 708 475 756 amarescunt,
495 705 659 747 iustam
679 703 992 747 amaritudinis
1013 703 1180 746 habent
1200 704 1505 760 suspicionem.
1567 705 1654 747 Res

183 775 400 833 siquidem
420 774 665 832 periculosa
684 776 752 817 est
771 774 963 817 diuitum
985 776 1064 816 aut
1083 776 1316 830 potentum
1331 774 1654 817 communicare

185 845 375 889 secretis.
434 843 484 887 Si
504 843 611 901 quid
641 843 759 887 enim
785 843 849 886 eis
875 858 955 900 per
978 843 1194 887 incuriam
1223 842 1339 886 forte
1359 843 1562 893 elabitur,
1583 844 1653 887 cui

127 931 170 956 ιο
186 914 272 958 nisi
307 914 478 958 conscio
511 913 794 970 imponetur?
859 913 989 975 Quod
1019 913 1279 957 cubicularii
1314 916 1394 955 aut
1428 913 1654 956 ciniflones

185 984 368 1027 mimine
391 986 470 1026 aut
490 983 755 1040 quicumque
774 982 1056 1033 nebulonum,
1077 982 1238 1040 quibus
1264 982 1479 1026 delicatus
1499 982 1655 1025 diuitis
1673 993 1755 1033 502
1778 994 1807 1023 a

185 1068 339 1109 sensus
358 1055 439 1097 aut
458 1052 584 1096 furor
609 1067 756 1096 carere
783 1067 872 1096 non
899 1055 1057 1110 potest,
1078 1053 1125 1095 in
1151 1053 1356 1110 lupanari
1377 1052 1448 1095 uel
1469 1052 1657 1095 taberna

186 1125 444 1180 sparserunt
472 1124 565 1174 aut,
586 1124 638 1164 ut
667 1136 714 1164 se
743 1122 1029 1165 uenditarent
1057 1137 1085 1164 a
1115 1121 1422 1165 familiaritate
1447 1121 1656 1179 potentie,

186 1192 534 1248 diuulgauerunt
553 1191 600 1233 in
621 1191 796 1248 populo,
816 1191 863 1234 in
891 1191 1011 1234 illius
1034 1192 1331 1249 calumpniam
1362 1194 1657 1248 retorquetur,

129 1278 170 1314 ¹5
188 1261 264 1319 qui
284 1261 331 1304 in
352 1260 544 1304 consiliis
564 1260 756 1318 aliquem
777 1261 920 1304 locum
940 1261 1063 1304 uisu's
1084 1264 1151 1304 est
1174 1262 1379 1305 tenuisse.
1439 1261 1488 1303 Si
1510 1264 1657 1304 motus

187 1345 335 1374 rerum
367 1330 584 1388 praescire
627 1330 862 1383 desideras,
895 1331 1122 1374 meritoria
1161 1331 1343 1381 discute,
1379 1334 1424 1374 et
1463 1330 1657 1372 lixarum

187 1400 477 1445 castrensium
497 1400 672 1456 inquire
692 1400 946 1444 sententias.
998 1400 1149 1444 Nichil
1170 1400 1287 1443 enim
1308 1400 1418 1443 adeo
1438 1400 1658 1443 occultum

189 1472 267 1521 est,
288 1469 405 1527 quod
426 1469 489 1512 eis
516 1484 572 1513 ex
598 1469 748 1526 aliqua
775 1473 902 1527 parte
930 1484 1018 1512 non
1046 1470 1279 1514 reueletur.
1338 1469 1387 1512 Si
1415 1470 1549 1513 michi
1570 1484 1659 1512 non

189 1539 344 1592 credis,
365 1539 437 1582 uel
457 1538 674 1596 Aquinati
694 1543 847 1582 nostro
867 1555 996 1583 aures
1016 1539 1306 1583 accommoda.
1366 1540 1446 1583 Ait
1467 1539 1583 1582 enim
1602 1556 1611 1583 ε

131 1649 174 1673 20
249 1630 288 1674 Ο
319 1630 524 1682 Coridon‚
555 1630 760 1681 Coridon‚
790 1634 1007 1674 secretum
1037 1631 1193 1674 diuitis
1223 1631 1364 1674 ullum

247 1703 340 1732 esse
369 1692 535 1746 putas?
574 1689 692 1732 serui
722 1692 773 1732 ut
804 1692 992 1740 taceant,
1023 1690 1222 1732 iumenta
1251 1690 1490 1746 loquentur

248 1750 293 1790 et
321 1747 443 1791 canis
473 1750 518 1790 et
547 1751 696 1804 postes
725 1750 771 1790 et
800 1763 1046 1798 marmora3
1089 1748 1243 1791 claude
1274 1748 1504 1797 fenestras,

248 1805 350 1848 uela
378 1808 534 1862 tegant
563 1806 709 1855 rimas,
739 1805 955 1849 clament:
996 1807 1160 1863 ‘Prope
1191 1821 1320 1849 nemo
1351 1806 1579 1849 recumbat
1593 1806 1625 1857 ’3

249 1863 366 1920 quod
396 1866 546 1907 tamen
576 1864 633 1906 ad
662 1864 770 1920 galli
799 1868 979 1907 cantum
1011 1864 1121 1907 facit
1151 1864 1225 1908 ille
1255 1865 1448 1917 secundi,

132 1940 174 1976 ²5
247 1922 476 1980 proximus
506 1925 610 1965 ante
640 1921 757 1965 diem
786 1937 927 1980 caupo
956 1923 1076 1966 sciet.
1679 1930 1708 1968 b

192 2011 392 2056 Procedo.
452 2012 502 2056 Si
537 2016 681 2056 terrae
722 2017 939 2056 secretum
979 2028 1108 2056 suum
1149 2013 1352 2064 infodiat,
1382 2014 1454 2056 uel
1490 2013 1662 2057 arundo

191 2096 463 2126 succrescens
482 2083 564 2126 hoc
584 2082 797 2140 producet
823 2083 871 2125 in
894 2083 1121 2140 publicum
1146 2086 1191 2126 et
1218 2083 1307 2126 leui
1327 2084 1439 2127 flatu
1462 2084 1508 2126 in
1529 2098 1662 2126 auras

191 2150 386 2209 proferet
410 2151 618 2208 quoniam

565 2243 784 2287 auriculas
813 2243 927 2287 asini
958 2243 1102 2287 Midas
1132 2244 1278 2288 habet.

134 2351 179 2387 30
195 2333 339 2377 Pallas
359 2349 531 2392 quoque
552 2335 826 2379 Erictonium
855 2350 984 2379 suum
1010 2336 1229 2380 occultare
1258 2351 1346 2379 non
1371 2336 1531 2393 potuit,
1553 2336 1661 2393 quin

195 2455 218 2490 6
242 2453 431 2491 absinthio
447 2454 521 2490 AM
663 2466 686 2502 9
708 2455 889 2493 iniuriam
906 2455 946 2492 M
1091 2466 1134 2501 27
1161 2456 1401 2494 subcrescens
1419 2456 1484 2493 SM
1618 2467 1663 2503 29

196 2500 333 2546 Midas]
352 2501 472 2538 nudas
487 2501 548 2537 CB

245 2614 268 2650 6
291 2614 488 2648 nouissima
505 2615 658 2667 ‹rb-§intio
674 2617 858 2652 amariora
873 2629 882 2652 z
906 2628 939 2652 v.
956 2617 1060 2654 Prov.
1076 2629 1110 2653 v.
1127 2628 1162 2661 4.
1357 2626 1398 2662 17
1424 2619 1549 2653 Nichil
1565 2619 1662 2652 enim

198 2662 292 2696 etc.:
318 2661 365 2696 cf.
383 2659 470 2697 Luc.
494 2660 570 2696 v1ii.
591 2670 643 2706 17,
662 2661 724 2697 xii.
743 2674 774 2699 2.
961 2674 1003 2710 19
1028 2666 1209 2711 Aquinati
1232 2669 1373 2701 nostro:
1401 2677 1451 2700 sc.
1478 2664 1662 2701 Iuvenali.

199 2718 246 2743 20
272 2709 300 2743 O
320 2708 473 2760 Corte-lon
489 2710 585 2744 eta:
611 2709 685 2744 Sat.
703 2708 754 2745 ix.
774 2719 946 2757 102-105,
967 2713 1139 2748 106-108.
1283 2722 1329 2757 29
1358 2714 1545 2748 aum'culas
1568 2714 1662 2748 etc:

197 2754 298 2791 Pers.
313 2756 386 2790 Sat.
403 2765 428 2789 1.
446 2763 507 2789 121
530 2755 731 2798 (auffeulas
745 2759 844 2793 asini
858 2761 940 2805 quis
956 2770 1029 2795 non
1046 2760 1148 2795 habet
1160 2759 1205 2805 ἓ).
1354 2770 1400 2805 30
1423 2761 1550 2795 Pallas
1565 2762 1635 2796 etc.
1651 2771 1660 2796 :

198 2813 230 2838 v.
248 2801 311 2838 Ov.
328 2803 411 2837 Met.
428 2800 467 2837 ii.
487 2809 552 2848 553
571 2813 672 2849 seqq.

1490 2888 1554 2921 223
