1994 3190
222 621 306 662 539
327 623 357 652 a

521 610 754 656 INCIPIT
783 611 966 654 LIBER
995 609 1269 665 QUINTUS
1301 608 1698 654 POLICRATICI.

989 761 1237 794 PROLOGUS.

433 854 542 901 NON
572 855 716 898 solent
749 854 807 898 ad
835 868 1031 912 unguem
1056 853 1245 911 grandia
1271 853 1366 897 sine
1394 868 1519 896 mora
1543 853 1737 904 lustrari,
1763 866 1844 897 nec

374 924 504 968 facile
543 928 612 968 est
653 924 983 982 prouinciarum
1021 923 1345 982 longitudinem
1391 926 1437 966 et
1474 923 1758 967 latitudinem
1796 923 1845 966 in

373 997 597 1038 momento
627 997 937 1037 transcurrere.
1011 993 1085 1036 Sic
1117 1008 1186 1036 res
1219 1008 1383 1051 magna
1417 993 1635 1036 succincte
1666 993 1845 1050 quidem
1862 1002 1884 1038 5

374 1080 402 1107 a
421 1065 620 1122 sapiente
639 1064 864 1108 interdum
883 1064 1157 1121 proponitur,
1181 1063 1258 1106 sed
1283 1077 1527 1119 numquam
1547 1062 1742 1119 perfecte
1761 1063 1846 1106 sub

375 1134 584 1191 angustia
598 1133 810 1177 sermonis
825 1133 964 1176 nimia
979 1133 1256 1189 explanatur.
1317 1131 1436 1184 Quid
1451 1134 1600 1175 autem
1620 1132 1668 1174 in
1688 1132 1843 1175 huma-

374 1203 445 1246 nis
464 1203 595 1246 rebus
615 1203 758 1245 maius
777 1205 845 1245 est
873 1203 1138 1259 principatu,
1158 1202 1284 1245 cuius
1309 1201 1500 1244 officium
1524 1200 1846 1257 quodammodo

374 1272 524 1315 omnia
556 1271 714 1315 circuit
744 1271 900 1328 implet
929 1274 975 1314 et
1003 1274 1209 1328 penetrat
1239 1273 1284 1313 et
1314 1269 1440 1327 quasi
1475 1269 1630 1313 robore
1659 1269 1845 1313 uirtutis

375 1356 481 1385 suae
510 1342 649 1385 totius
678 1341 742 1384 rei
769 1341 970 1397 publicae
999 1341 1159 1384 molem
1189 1340 1374 1397 portat‘l
1433 1339 1541 1383 Eius
1567 1340 1718 1396 itaque
1741 1354 1842 1383 con·
1862 1347 1906 1372 10

374 1411 606 1467 templatio
626 1413 819 1453 tractum
840 1410 975 1453 habet
994 1413 1040 1453 et
1058 1424 1228 1452 moram
1249 1409 1391 1467 exigit
1417 1412 1515 1452 tum
1538 1423 1644 1466 prae
1673 1408 1844 1466 magni-

376 1480 531 1524 tudine
551 1480 621 1523 sui
640 1483 738 1523 tum
757 1494 863 1536 prae
883 1482 1119 1523 uenustate
1149 1494 1283 1536 quam
1307 1479 1355 1522 in
1381 1479 1526 1536 capite
1553 1478 1617 1521 rei
1643 1478 1845 1536 publicae

376 1549 614 1593 iocundum
647 1553 714 1592 est
745 1549 950 1592 omnibus
980 1549 1280 1606 contemplari.
1341 1548 1541 1591 Modesta
1567 1562 1672 1605 ergo
1699 1547 1845 1591 breui-

377 1621 471 1662 tate
491 1619 539 1661 in
565 1618 838 1675 inspiciendo
860 1632 1040 1676 corpore
1068 1618 1163 1662 eius
1191 1619 1488 1668 immoremur,
1507 1620 1554 1660 et
1577 1617 1684 1674 quid
1713 1631 1847 1674 super

331 1677 360 1716 b
378 1687 459 1730 hoc
476 1687 707 1731 Plutarcus
726 1691 902 1731 censeat
917 1688 1136 1731 audiatur.
1196 1687 1314 1730 Nam
1330 1687 1519 1731 deducta
1533 1685 1846 1743 superstitione
1865 1693 1907 1731 16

377 1757 611 1814 gentilium
633 1757 776 1800 fidelis
795 1761 862 1801 est
882 1757 929 1800 in
949 1757 1194 1808 sententiis,
1214 1757 1262 1800 in
1291 1757 1440 1800 uerbis
1461 1756 1712 1800 luculentus
1732 1758 1778 1799 et
1796 1755 1845 1799 in

382 1900 410 1927 ι.
439 1899 458 1925 2
485 1888 685 1935 Incipiunt
706 1888 878 1935 capitula
901 1888 1004 1924 Libri
1026 1888 1070 1925 V.
1090 1893 1122 1924 et
1143 1894 1222 1934 post
1241 1889 1404 1935 capitula
1430 1886 1653 1934 Expliciunt
1677 1885 1846 1941 capitula

377 1936 488 1972 GBS:
528 1935 723 1982 Incipiunt
756 1935 925 1982 capitula
956 1935 1045 1971 libri
1079 1935 1216 1981 quinti.
1250 1941 1282 1971 ee
1314 1941 1391 1982 post
1423 1937 1587 1981 capitula
1620 1934 1846 1981 Expliciunt

377 1983 549 2030 capitula
565 1983 654 2020 libri
671 1983 797 2029 quinti
815 1983 872 2019 M:
901 1983 1040 2038 Incipit
1059 1982 1215 2020 LiberV
1231 1982 1413 2029 Prologus
1430 1981 1458 2018 C
1473 1995 1482 2019 τ
1508 1981 1650 2029 Incipit
1665 1981 1846 2029 prologus

377 2030 466 2067 libri
487 2030 519 2066 V
538 2030 685 2075 (Quinti
712 2030 766 2070 M)
786 2031 880 2067 BM:
916 2030 996 2067 Inci
1026 2030 1058 2066 it
1084 2030 1197 2067 Liber
1221 2030 1383 2074 Quintus
1406 2030 1465 2067 As
1607 2038 1628 2075 7
1653 2029 1695 2066 in
1711 2041 1779 2067 om.
1804 2028 1845 2065 M

381 2089 436 2124 14,
458 2088 496 2125 15
524 2078 719 2125 plutarcus
734 2090 847 2125 super
862 2078 935 2115 hoc
953 2043 1044 2115 (νει
1073 2077 1300 2115 Plutarchus
1317 2077 1356 2113 M

429 2218 468 2256 15
488 2211 702 2246 Pluton-us:
727 2207 885 2245 Nonnisi
901 2208 941 2245 in
956 2208 1125 2246 hocloco
1140 2208 1294 2246 Ioannis
1307 2210 1431 2246 exstat
1448 2208 1539 2255 quid
1567 2220 1655 2246 uam
1668 2209 1714 2245 de
1727 2210 1846 2247 libello

425 2259 439 2292 i
463 2258 677 2293 inscribitur
698 2258 885 2293 Institutio
914 2258 1070 2293 Traiani
1095 2256 1212 2295 (infra
1240 2266 1310 2303 540
1322 2258 1378 2301 Α).
1427 2256 1497 2301 Qui
1532 2257 1738 2294 Putarcho
1770 2256 1845 2304 ipsi

375 2270 469 2340 glum
494 2304 650 2341 minime
676 2303 940 2341 attribuendus
960 2306 1030 2347 est,
1049 2303 1161 2351 plane
1184 2306 1313 2341 tamen
1339 2316 1362 2340 a
1386 2304 1620 2351 temporibus
1644 2302 1683 2340 in
1709 2303 1844 2351 quibus

377 2352 501 2389 adhuc
527 2352 681 2388 florebat
707 2350 840 2398 religio
863 2350 1056 2397 antiquior
1080 2363 1156 2387 non
1181 2354 1238 2388 eat
1267 2351 1421 2387 alicnus.
1484 2351 1688 2389 Auctorem
1718 2351 1844 2390 nescio

377 2411 489 2445 quem
513 2399 559 2436 de
583 2398 787 2436 Plutarcho
808 2398 920 2435 hodie
944 2410 1018 2434 non
1043 2401 1256 2435 exstantem
1284 2398 1456 2435 habuisse
1479 2398 1657 2436 Nostrum
1680 2411 1726 2436 ex
1745 2401 1844 2436 Pola·-

376 2459 424 2483 cr.
444 2446 519 2483 viii.
544 2457 597 2492 13,
619 2457 661 2490 19
679 2448 740 2491 (76
782 2455 816 2487 Β,
836 2455 903 2491 792
923 2447 965 2486 Α)
990 2445 1198 2493 suspicatus
1223 2458 1303 2481 sum
1322 2460 1329 2488 ;
1356 2458 1389 2482 v.
1411 2447 1587 2482 Classical
1610 2448 1748 2483 Rem‘ew
1773 2446 1844 2484 Iul.

380 2496 467 2540 1897
482 2497 493 2533 l
499 2493 546 2530 xi.
560 2506 595 2541 p.
612 2494 680 2539 306
702 2522 708 2529 .
739 2457 795 2530 sse
809 2495 1035 2530 Institutione
1050 2494 1205 2529 Traiano·
1216 2493 1407 2529 sententia
1417 2493 1701 2539 Wyttenbachii
1716 2500 1844 2540 {quam

378 2541 512 2579 citavit
532 2541 656 2577 Bcrna
701 2540 783 2578 akin
800 2540 837 2577 in
855 2540 911 2578 ed.
936 2539 1123 2577 Teubner.
1143 2543 1236 2576 tom.
1260 2540 1319 2577 vii.
1345 2553 1379 2587 p.
1405 2542 1486 2587 183)
1508 2541 1600 2578 haec
1625 2543 1682 2578 est
1703 2541 1841 2587 (Praef.

377 2588 425 2625 ad
454 2589 697 2625 Plutarchum
752 2614 761 2624 .
787 2588 902 2629 lxix):
931 2587 1090 2624 ‘librum
1118 2587 1225 2624 illum
1251 2588 1298 2624 ab
1320 2588 1463 2624 incerto
1486 2588 1640 2625 homine
1664 2589 1844 2626 Latinum

378 2635 491 2672 suinae
512 2637 654 2672 factum
674 2648 694 2671 e
747 2647 854 2672 raeco
871 2649 878 2671 ι
905 2635 1088 2671 Graecum
1115 2635 1228 2672 fuisse
1246 2635 1552 2672 consarcinatum
1572 2649 1592 2674 e
1611 2635 1844 2674 Plutarcheis

377 2684 742 2730 Apopheheymaeilma
754 2685 793 2719 ct
803 2681 887 2719 aliia
901 2682 1095 2719 Plutarchi
1108 2682 1215 2718 libris
1228 2694 1235 2718 :
1256 2695 1343 2719 nam
1360 2683 1496 2719 Latina
1506 2683 1674 2730 quamvis
1690 2683 1845 2721 inficeta

378 2730 653 2777 interpretatio.
672 2733 800 2767 tamen
819 2730 935 2767 habet
953 2742 1075 2766 rernm
1093 2730 1186 2766 satis
1202 2733 1306 2767 certa
1324 2730 1466 2767 indicia
1482 2742 1577 2776 quae
1597 2730 1842 2768 Plutarchum

378 2778 565 2825 produnt:
609 2789 653 2813 ex
687 2777 744 2814 hin
776 2777 898 2825 igitur
930 2777 1079 2814 lacinii·
1111 2777 1248 2833 aliquia
1284 2778 1469 2862 posterior
1501 2776 1704 2815 Graeculus
1731 2778 1841 2816 istam

378 2828 512 2872 remam
533 2827 798 2862 [minutionem
821 2826 986 2870 Tmeani,
1005 2825 1073 2862 sub
1091 2836 1243 2863 nomino
1262 2824 1291 2862 P
1309 2825 1472 2870 utarehi,
1492 2825 1727 2873 composuit!

487 2892 553 2926 280
