1994 3190
155 184 256 226 mr.
273 177 447 240 xxvm]
681 174 1120 221 POLICRATICVS
1631 176 1712 224 473
1731 174 1763 212 b

153 302 387 351 coniciunt,
421 299 529 357 quid
562 298 768 356 prohibet
801 297 984 354 spiritus
1023 297 1080 340 ab
1115 297 1235 340 omni
1269 310 1390 339 nexu
1423 294 1618 352 corporis

151 371 387 420 absolutos,
416 383 526 426 quos
555 367 691 411 noxia
723 367 859 409 moles
890 381 980 409 non
1010 366 1173 416 tardat,
1204 380 1352 408 rerum
1384 365 1617 407 imminen-

151 439 266 484 tium
305 440 385 481 aut
429 438 477 480 in
520 436 712 494 plurima
754 437 955 491 tempora
994 434 1320 477 succedentium
1361 433 1617 490 praemetiri

153 507 392 552 euentum?
450 506 539 549 Sed
558 505 634 562 qui
655 504 748 547 fere
768 503 910 561 pridie
933 505 1066 546 natus
1087 506 1154 546 est
1173 506 1273 560 post
1293 503 1386 546 dies
1406 503 1617 560 pauculos

114 590 136 629 5
153 577 408 620 decessurus
436 574 581 618 medio
608 577 806 630 tempore
836 587 892 615 ex
931 572 1148 615 similibus
1179 572 1340 614 similia
1371 572 1540 628 colligit
1572 575 1618 614 et

151 646 207 690 de
249 645 391 689 causis
434 644 518 687 sibi
563 643 742 686 interim
784 643 902 685 notis
948 642 1240 684 ratiocinatur
1277 641 1325 682 in
1369 643 1617 697 posterum3

150 730 296 759 nonne
325 715 407 757 hoc
437 713 611 757 facilius
640 715 786 769 potest
815 727 904 755 non
935 711 1066 754 modo
1100 710 1311 766 antiquus
1340 710 1416 752 sed
1448 710 1616 752 inuete-

151 786 276 828 ratus
305 783 488 834 dierum,
518 783 594 840 qui
626 782 683 825 ab
714 782 844 824 initio
874 781 1079 824 conditus
1110 783 1177 823 est
1203 779 1368 836 plenus
1397 779 1617 835 sapientia

152 857 198 898 et
217 853 485 911 perfectione
514 852 727 895 decorus‘ss
786 851 896 904 Quis
925 851 1035 893 adeo
1064 849 1197 892 hebes
1221 851 1289 892 est
1318 850 1363 890 et
1390 848 1618 890 tarditatis

95 931 136 962 10
153 923 365 981 egregiae,
405 921 480 979 qui
528 923 656 964 tanto
704 912 917 977 temporis
965 922 1114 963 tractu
1162 932 1243 975 pro
1292 919 1419 974 parte
1464 916 1521 959 ad
1566 931 1619 959 ea

151 991 404 1036 conicienda
447 1005 558 1048 quae
598 989 754 1033 futura
793 992 910 1039 sunt,
948 1003 1038 1032 non
1080 988 1313 1044 assurgat‘l
1384 985 1619 1028 Praeterea

151 1061 368 1120 propitiae
407 1062 659 1117 potestates,
691 1073 804 1116 quae
842 1058 1042 1102 caritatis
1081 1056 1206 1100 cultu
1244 1054 1479 1098 deuotione
1514 1054 1661 1097 obe-c

151 1130 301 1174 diendi
331 1130 520 1173 Domino
549 1129 724 1172 assidue
752 1128 1040 1178 famulantur,
1061 1126 1124 1170 eis
1151 1125 1330 1182 quidem
1357 1127 1543 1182 possunt
1573 1127 1620 1166 et

151 1199 374 1243 interdum
403 1198 645 1242 creduntur
678 1197 849 1241 occulta
883 1196 1090 1240 reuelare.
1150 1195 1244 1238 Nec
1278 1198 1430 1238 tamen
1464 1193 1618 1236 statim

95 1280 134 1316 15
151 1283 307 1312 uerum
327 1271 395 1312 est
415 1268 532 1325 quod
559 1268 734 1325 reprobi
761 1267 962 1311 sentiunt
982 1270 1062 1309 aut
1089 1265 1362 1323 praedicunt,
1382 1263 1459 1306 sed
1479 1277 1618 1320 quan—

151 1338 294 1396 doque
328 1352 440 1395 quae
475 1337 757 1395 suspicantur
787 1339 868 1379 aut
903 1336 1074 1385 timent,
1104 1338 1156 1378 ut
1187 1334 1427 1377 uideantur
1455 1331 1618 1376 conscii

151 1410 429 1458 secretorum,
458 1409 698 1464 properant
726 1406 944 1449 nuntiare.
1005 1404 1146 1458 Quale
1175 1406 1243 1447 est
1274 1403 1392 1460 quod
1427 1402 1619 1445 Domino

151 1477 374 1521 nascituro
410 1477 459 1519 in
497 1476 676 1534 templis
708 1476 876 1533 Egypti
912 1474 1227 1518 desolationem
1263 1487 1414 1516 eorum
1447 1475 1492 1515 et
1527 1471 1618 1514 dis-

152 1542 479 1591 cessum'suum
509 1545 715 1589 demones
744 1545 1010 1602 templorum
1040 1543 1263 1602 praesides
1295 1541 1620 1599 praedicebant.

93 1630 138 1656 πο
154 1616 281 1660 Vnde
319 1615 431 1658 illud
476 1615 595 1672 apud
639 1614 955 1672 Trimegistum
993 1614 1047 1657 de
1087 1612 1351 1656 exterminio
1393 1610 1620 1667 religionis

153 1685 408 1729 idolatriae:
464 1684 652 1742 Egypte,
691 1684 850 1741 inquit,
891 1684 1079 1741 Egypte,
1119 1683 1205 1725 erit
1247 1696 1347 1724 cum
1391 1680 1619 1737 religionis

151 1757 256 1799 tuae
275 1754 392 1798 solae
412 1756 676 1811 supererunt
692 1753 880 1797 fabulae.
932 1753 991 1796 Et
1006 1766 1135 1809 saepe
1151 1750 1268 1808 quod
1284 1765 1340 1793 ex
1356 1750 1619 1793 necessitate

152 1823 324 1868 faciunt
345 1827 390 1867 et
409 1824 559 1875 coacti,
571 1838 617 1867 se
638 1826 794 1881 sponte
815 1823 959 1866 facere
979 1821 1203 1871 simulant,
1217 1820 1342 1878 quasi
1363 1819 1617 1862 hominibus

152 1893 446 1951 indignantes,
487 1893 647 1950 quibus
696 1907 742 1935 se
791 1892 969 1950 fingunt
1007 1891 1214 1934 infensos.
1294 1889 1435 1946 Saepe
1479 1888 1614 1932 etiam
1631 1894 1661 1935 d

95 1975 136 2011 ²5
153 1963 430 2006 mentiuntur
467 1965 548 2006 aut
590 1962 858 2019 decipientes
896 1964 976 2004 aut
1010 1960 1195 2018 decepti.
1253 1958 1341 2002 Sed
1372 1958 1476 2002 licet
1510 1972 1620 2001 uera

152 2031 389 2075 dumtaxat
426 2031 672 2084 enuntient,
702 2030 1015 2074 nichilominus
1053 2032 1134 2072 aut
1172 2028 1473 2085 compescendi
1513 2030 1619 2070 sunt

153 2102 232 2144 aut
263 2100 477 2158 fugiendi.
534 2100 662 2144 Vnde
696 2101 743 2143 in
775 2099 1146 2143 Deuteronomio:
1196 2097 1246 2141 Si
1286 2097 1531 2140 surrexerit
1570 2097 1618 2138 in

153 2170 297 2213 medio
335 2170 404 2213 tui
442 2170 670 2227 propheta,
712 2173 792 2214 aut
831 2170 908 2226 qui
948 2169 1056 2212 dicit
1095 2183 1142 2211 se
1181 2167 1401 2210 somnium
1443 2166 1618 2216 uidisse,

155 2241 200 2282 et
233 2238 504 2296 praedixerit
535 2239 711 2296 signum
747 2243 881 2295 atque
914 2240 1183 2296 portentum,
1216 2239 1261 2279 et
1295 2236 1470 2278 uenerit
1501 2234 1619 2292 quod

93 2319 139 2356 30
154 2308 327 2352 locutus
374 2310 453 2359 est,
492 2311 538 2352 et
582 2309 748 2352 dixerit
770 2344 773 2346 .
795 2308 891 2359 tibi,
932 2307 1096 2350 Eamus
1142 2311 1188 2350 et
1234 2320 1472 2363 sequamur
1514 2305 1618 2348 deos

158 2455 202 2482 12
236 2451 319 2491 post
349 2446 455 2482 cultu
487 2447 571 2482 add.
604 2447 645 2482 et
677 2444 711 2481 A
917 2454 957 2481 21
1028 2442 1189 2480 dolatrie
1223 2441 1346 2479 CBAS
1479 2447 1483 2451 ·
1570 2451 1616 2480 22

156 2491 305 2585 {3321ss
307 2494 400 2580 afbffi)
426 2492 527 2529 ASM
744 2502 790 2537 24
822 2493 862 2529 et
886 2503 952 2530 om.
1237 2492 1282 2526 28
1315 2487 1534 2535 sompnium
1558 2488 1616 2525 A:

206 2673 237 2708 7,
257 2665 278 2700 8
303 2666 475 2719 anttquus
488 2667 650 2700 dierum:
675 2664 771 2701 Dan.
788 2663 850 2700 vii.
869 2663 970 2709 9(de
987 2662 1096 2708 Deo).
1209 2664 1230 2698 8
1255 2675 1317 2708 qu
1305 2661 1406 2696 iiab
1392 2674 1447 2696 tm
1436 2662 1480 2698 iit
1481 2672 1500 2696 o
1518 2662 1615 2697 etc.:

158 2723 190 2748 v.
213 2710 563 2758 Ezech.xxvii1.15‚
585 2721 636 2756 17.
873 2722 919 2747 20
947 2712 1222 2756 Trimeqistum:
1250 2722 1280 2748 v.
1297 2708 1411 2754 Apul.
1430 2710 1483 2743 As
1484 2710 1534 2743 cle
1518 2720 1571 2753 epu
1569 2710 1619 2743 'us

159 2770 191 2795 c.
209 2769 278 2802 24,
305 2758 352 2812 cf:
368 2759 462 2805 Aug.
479 2761 523 2795 de
541 2761 612 2796 Civ.
630 2760 710 2803 Dei,
728 2758 803 2797 viii.
821 2767 924 2804 23-7.
1175 2766 1218 2802 27
1244 2757 1286 2793 Si
1273 2769 1343 2792 asu
1347 2768 1473 2792 rrezer
1451 2758 1500 2790 rit
1517 2757 1615 2791 etc.:

160 2805 271 2842 Deut.
289 2804 365 2840 xiii.
387 2816 427 2842 ι-
430 2817 463 2852 3.

1440 2872 1503 2916 163,
