1994 3190
252 168 324 219 518
344 137 403 209 ε’
714 165 976 210 10ANms
1016 164 1531 210 SARESBERIENSIS
1671 165 1784 222 [m.
1800 176 1852 210 ιν

386 288 506 339 Dux,
526 286 686 344 inquit,
705 286 782 344 qui
801 301 892 330 non
914 285 1090 330 laborat
1111 288 1165 330 ut
1187 286 1406 330 militibus
1425 300 1554 330 carus
1573 285 1644 338 sit,
1664 286 1853 330 militem

386 356 527 399 nescit
542 371 725 407 armare,
740 356 881 400 nescit
892 355 1217 399 humanitatem
1232 355 1356 399 ducis
1368 355 1416 398 in
1432 355 1630 399 exercitu
1642 356 1855 399 aduersus

387 425 536 468 hostes
557 440 660 469 esse.
711 425 836 469 Idem
851 439 1096 482 numquam
1117 425 1235 468 dixit
1254 425 1496 468 militibus:
1525 425 1595 468 Ite
1616 426 1726 479 huc3
1755 425 1855 469 sed:

388 494 575 547 Venite;
616 494 792 538 dicebat
832 494 950 538 enim
980 494 1086 551 quia
1119 494 1414 551 participatus
1450 509 1550 538 cum
1586 494 1696 538 duce
1730 495 1857 538 labor

388 564 570 607 uidetur
615 564 834 608 militibus
881 564 1036 607 minor.
1116 564 1348 607 Praeterea
1401 565 1609 622 uoluptas
1663 564 1857 622 corporis
1875 585 1894 620 5

388 633 541 677 eodem
572 637 751 677 auctore
782 633 970 677 uitanda
999 636 1089 686 est;
1129 633 1278 676 aiebat
1307 633 1425 676 enim
1454 633 1502 676 in
1531 633 1646 676 bello
1675 647 1859 690 corpora

389 702 620 745 hominum
634 702 811 760 gladiis,
828 703 876 745 in
896 717 1002 760 pace
1022 702 1331 759 uoluptatibus
1351 702 1590 745 uulnerari.
1650 702 1860 745 Senserat

391 771 510 814 enim
549 772 751 830 gentium
791 772 1092 829 triumphator
1130 771 1409 828 uoluptatem
1440 771 1564 814 nullo
1601 771 1732 814 modo
1766 773 1860 813 tam

392 839 523 884 facile
562 841 762 898 superari
801 855 934 898 quam
974 840 1096 898 fuga,
1136 854 1187 883 eo
1226 840 1345 897 quod
1390 840 1548 897 ipsum,
1588 840 1664 896 qui
1707 842 1862 898 gentes

393 909 636 962 domuerat,
658 910 842 954 Veneris
862 910 1052 954 nexibus
1072 909 1307 953 innodauit
1327 909 1488 952 mulier
1506 909 1740 967 impudica.
1881 925 1923 950 10

397 1039 504 1098 Cap.
527 1053 567 1093 4.
617 1039 744 1093 Quod
770 1039 964 1083 diuinae
993 1038 1100 1095 leyis
1124 1038 1392 1082 auctoritate
1415 1041 1583 1082 constat
1600 1037 1865 1095 principem

792 1097 878 1154 Zeyi
896 1097 1101 1141 iustitiae
1120 1111 1202 1140 esse
1220 1096 1478 1140 subtectum.

352 1182 381 1223 d
457 1179 544 1222 Sed
571 1179 678 1236 quid
702 1178 760 1221 ad
787 1178 1061 1222 emendicata
1083 1177 1285 1235 gentium
1311 1177 1514 1235 exempla
1539 1177 1734 1228 decurro,
1754 1190 1867 1234 quae

397 1251 547 1291 tamen
568 1248 761 1306 plurima
781 1250 898 1298 sunt,
918 1262 1018 1290 cum
1039 1247 1202 1291 rectius
1223 1247 1408 1304 quisque
1428 1247 1568 1304 possit
1587 1246 1644 1290 ad
1664 1245 1868 1290 facienda

397 1318 570 1376 legibus
605 1333 738 1375 quam
769 1317 984 1374 exemplis
1018 1316 1202 1375 urgeri?
1261 1316 1325 1359 At
1359 1331 1415 1360 ne
1446 1316 1593 1374 ipsum
1622 1315 1867 1374 principem
1886 1331 1926 1366 15

397 1401 711 1445 usquequaque
746 1387 941 1430 solutum
975 1386 1148 1444 legibus
1182 1385 1388 1443 opineris,
1420 1385 1526 1429 audi
1558 1400 1691 1443 quam
1725 1385 1868 1443 legem

398 1457 600 1514 imponat
642 1455 916 1514 principibus
956 1455 1054 1499 Rex
1093 1470 1282 1513 magnus
1322 1470 1454 1512 super
1493 1469 1667 1498 omnem
1701 1457 1869 1498 terram

399 1526 611 1570 terribilis
644 1528 689 1568 et
718 1526 796 1583 qui
822 1524 972 1568 aufert
1002 1524 1210 1583 spiritum
1237 1524 1510 1582 principum:
1561 1523 1686 1576 Cum,
1710 1523 1871 1582 inquit,

400 1596 624 1654 ingressus
659 1595 798 1638 fueris
831 1597 1009 1646 terram,
1045 1608 1179 1652 quam
1211 1594 1429 1637 Dominus
1461 1593 1582 1638 Deus
1614 1594 1740 1637 dabit
1773 1593 1871 1645 tibi,

400 1668 446 1708 et
467 1665 711 1722 possederis
731 1679 840 1716 eam,
852 1664 1214 1721 habitauerisque
1234 1664 1282 1706 in
1302 1663 1391 1715 illa,
1412 1666 1458 1707 et
1477 1663 1666 1707 dixeris:
1695 1663 1870 1708 Consti·
1890 1680 1934 1705 20

400 1738 526 1778 tuam
562 1749 695 1791 super
725 1749 795 1777 me
827 1749 975 1791 regem
1005 1734 1121 1777 sicut
1151 1733 1318 1776 habent
1347 1748 1499 1777 omnes
1529 1748 1608 1791 per
1636 1733 1872 1778 circuitum

400 1804 603 1847 nationes
618 1819 627 1857 ;
657 1819 758 1847 eum
773 1804 1026 1854 constitues,
1042 1818 1173 1860 quem
1194 1803 1412 1847 Dominus
1429 1803 1550 1847 Deus
1570 1805 1676 1846 tuus
1692 1802 1875 1860 elegerit

402 1873 457 1916 de
488 1888 672 1916 numero
702 1872 895 1916 fratrum
926 1875 1118 1915 tuorum.
1178 1872 1282 1915 Non
1312 1872 1479 1930 poteris
1508 1872 1693 1916 alterius
1727 1871 1876 1930 gentis

404 1943 626 1987 hominem
659 1957 805 2000 regem
837 1942 992 1993 facere,
1014 1942 1090 1999 qui
1121 1957 1210 1985 non
1240 1942 1300 1985 sit
1331 1942 1471 1985 frater
1494 1944 1612 1986 tuus.
1672 1940 1874 1998 Cumque

406 2013 545 2056 fuerit
568 2012 849 2062 constitutus,
869 2026 957 2055 non
979 2011 1294 2069 multiplicabit
1315 2011 1399 2054 sibi
1424 2026 1570 2068 equos
1594 2025 1674 2054 nec
1695 2010 1875 2054 reducet
1894 2029 1934 2064 ²⁵

264 2095 340 2137 519
361 2081 620 2140 apopulum
651 2081 697 2124 in
726 2081 950 2138 Egiptum‚
978 2081 1204 2139 equitatus
1235 2095 1418 2124 numero
1448 2080 1719 2133 sulleuatus3
1749 2094 1875 2138 prae-

408 2152 560 2195 sertim
601 2165 700 2195 cum
748 2151 964 2194 Dominus
1014 2150 1286 2208 praeceperit
1330 2150 1457 2193 uobis
1501 2152 1554 2193 ut
1597 2164 1878 2206 nequaquam

407 2221 599 2279 amplius
640 2235 720 2278 per
768 2220 951 2264 eandem
997 2220 1117 2262 uiam
1166 2219 1465 2263 reuertamini.
1545 2218 1649 2262 Non
1697 2217 1880 2262 habebit

412 2305 572 2334 uxores
592 2290 806 2347 plurimas
827 2304 939 2347 quae
959 2289 1154 2333 afficiant
1181 2289 1374 2332 animam
1406 2288 1511 2339 eius,
1532 2302 1674 2346 neque
1701 2287 1876 2346 argenti

409 2363 455 2404 et
494 2359 591 2403 auri
633 2359 846 2402 immensa
886 2358 1092 2416 pondera.
1164 2358 1401 2415 Posuluam
1441 2360 1591 2401 autem
1631 2357 1795 2401 sederit
1829 2357 1878 2399 in
1895 2373 1940 2408 30

410 2429 520 2473 solio
551 2429 674 2486 regni
705 2428 786 2479 sui,
816 2427 1033 2471 describet
1062 2427 1145 2470 sibi
1182 2426 1574 2470 Deuteronomium
1606 2426 1715 2484 legis
1745 2426 1879 2470 huius

412 2500 458 2543 in
489 2498 726 2549 uolumine,
755 2497 972 2555 accipiens
1002 2496 1229 2554 exemplar
1263 2511 1290 2539 a
1319 2494 1620 2539 sacerdotibus
1656 2492 1880 2539 Leuiticae

411 2569 568 2619 tribus,
608 2570 654 2611 et
697 2567 879 2610 habebit
912 2581 1072 2619 secum,
1108 2566 1310 2624 legetque
1346 2565 1455 2609 illud
1490 2565 1695 2609 omnibus
1725 2565 1881 2609 diebus

411 2672 432 2699 2
460 2673 587 2698 amare
607 2660 643 2696 M
723 2640 893 2721 1[Q-{10d
910 2671 980 2697 om.
999 2659 1063 2696 SM
1139 2659 1184 2696 26
1209 2659 1391 2706 egyptum
1411 2656 1516 2694 ΒΑΜ
1589 2656 1805 2694 subleuatus
1822 2655 1881 2693 AS

464 2736 507 2776 ιὸ
534 2739 668 2774 mulier
691 2738 896 2784 impudica:
927 2748 976 2772 nc.
1002 2734 1091 2772 Cleo
1121 2736 1215 2771 atra.
1353 2742 1394 2779 17
1420 2734 1499 2770 Rea:
1522 2744 1674 2779 maynus
1699 2734 1792 2770 etc.=
1822 2731 1879 2769 1³0.

413 2786 498 2823 xlvi.
519 2796 550 2832 3.
651 2788 691 2822 18
708 2785 879 2820 terribilia
895 2785 966 2821 etc.
985 2794 993 2819 :
1022 2782 1078 2819 P..
1114 2793 1198 2819 xxv.
1223 2791 1274 2828 12,
1296 2791 1349 2827 13.
1450 2783 1503 2828 18,
1526 2791 1568 2828 19
1596 2782 1686 2818 Cum
1702 2781 1884 2826 inqreseus

414 2838 486 2873 etc.
504 2845 512 2870 z
542 2833 651 2870 Deut.
671 2831 759 2870 xvii.
780 2842 904 2877 14-20.

528 2897 593 2931 ²⁴⁴
