1994 3190
132 200 230 234 οΑΡ.
245 185 366 247 xvu]
636 181 1072 228 POLICRATICVS
1609 192 1692 233 433
1710 182 1739 223 d

304 356 410 414 Cap.
434 365 501 411 17.
549 353 879 398 Coniectoria‘m
907 366 1002 397 των,
1030 367 1113 397 esse
1141 355 1423 411 sequendam.

187 467 275 512 Sed
295 466 401 509 dum
427 465 509 508 has
534 463 831 508 coniectorum
858 461 1121 506 traditiones
1148 464 1419 520 exequimur,
1439 478 1595 506 uereor

129 551 185 580 ne
203 536 362 579 merito
382 548 472 577 non
491 536 585 576 tam
605 531 914 576 coniectoriam
935 531 1106 587 exequi,
1127 546 1239 588 quae
1260 535 1340 574 aut
1366 533 1489 575 nulla
1515 535 1596 575 aut

128 605 274 649 inanis
303 619 374 647 ars
404 606 482 654 est,
503 616 636 659 quam
665 601 905 644 dormitare
934 600 1177 643 uideamur.
1238 601 1448 657 Quisquis
1478 602 1596 644 enim

91 691 110 726 ⁵
129 674 398 718 somniorum
417 671 619 728 sequitur
637 669 896 720 uanitatem,
916 684 1075 727 parum
1095 669 1142 711 in
1170 669 1266 727 lege
1294 669 1377 712 Dei
1403 670 1597 726 uigilans

129 746 207 795 est,
233 746 279 786 et
303 742 409 785 dum
437 741 541 783 fidei
569 738 680 783 facit
706 738 997 796 dispendium,
1024 738 1390 796 perniciosissime
1420 739 1596 782 dormit.

128 812 304 856 Veritas
335 810 551 868 siquidem
586 809 643 852 ab
674 823 725 852 eo
759 808 889 865 longe
924 807 1045 851 facta
1075 811 1153 858 est,
1182 823 1262 852 nec
1292 823 1389 851 eam
1419 807 1595 851 facilius

128 884 276 940 potest
304 879 631 938 apprehendere
657 893 790 936 quam
817 878 1017 921 urionem
1045 892 1299 935 expungere
1328 877 1399 920 uel
1427 881 1592 935 puncto
1608 893 1690 933 434
1711 894 1742 922 a

129 965 283 996 curare
303 950 547 994 carcineam
574 948 650 1005 qui
674 947 970 1004 caligantibus
989 947 1128 990 oculis
1157 947 1204 990 in
1225 947 1408 990 meridie
1429 947 1594 1004 palpat.

62 1033 114 1067 ,ιο
131 1020 191 1064 Et
218 1020 321 1063 licet
349 1019 456 1062 haec
485 1017 808 1075 sompnolentia
836 1017 1046 1074 perfidiae
1076 1017 1136 1060 sit
1164 1016 1268 1059 fidei
1298 1017 1491 1059 stimulis
1521 1031 1594 1059 ex-

130 1089 318 1139 citanda,
357 1091 403 1131 et
441 1087 644 1131 maleficii
693 1086 842 1144 potius
891 1101 1023 1143 quam
1070 1086 1247 1129 artificii
1293 1086 1598 1143 impugnanda

129 1158 287 1209 illusio,
318 1157 496 1200 diuinae
530 1159 681 1200 tamen
714 1156 886 1213 gratiae
921 1155 1222 1212 dispositionis
1257 1170 1362 1198 suae
1396 1170 1486 1198 non
1520 1155 1596 1198 ob-

131 1227 342 1272 struimus
361 1227 470 1277 uias,
489 1241 578 1269 non
598 1225 923 1283 praecludimus
947 1225 1138 1275 semitas,
1159 1225 1268 1282 quin
1296 1225 1492 1282 Spiritus
1519 1224 1597 1266 ubi

130 1297 231 1341 uult
256 1297 394 1354 spiret
421 1299 466 1339 et
492 1310 574 1353 pro
597 1295 783 1338 arbitrio
803 1309 883 1338 suo
903 1295 1112 1338 subiectis
1136 1294 1359 1337 mentibus
1386 1294 1599 1337 infundat

73 1383 114 1420 ¹5
133 1366 378 1410 ueritatem.
436 1365 603 1409 Verum
638 1364 838 1422 quisquis
873 1364 1182 1407 credulitatem
1217 1378 1342 1406 suam
1378 1364 1597 1422 significa-

131 1435 325 1480 tionibus
345 1435 501 1492 alligat
521 1434 802 1484 somniorum,
822 1434 1005 1491 planum
1026 1437 1094 1477 est
1120 1434 1224 1490 quia
1244 1437 1337 1477 tam
1365 1448 1393 1476 a
1419 1434 1597 1477 sinceri-

130 1508 224 1550 tate
262 1505 364 1549 fidei
404 1519 537 1562 quam
577 1519 605 1547 a
643 1504 824 1548 tramite
863 1504 1050 1547 rationis
1089 1503 1323 1547 exorbitat.
1385 1503 1519 1546 Plane
1559 1504 1597 1546 si

131 1589 273 1619 sermo
299 1574 552 1632 proferatur
575 1574 811 1631 ambiguus
841 1576 886 1616 et
912 1574 1038 1617 cuius
1064 1574 1232 1616 multae
1259 1573 1351 1616 sint
1377 1574 1598 1630 significa-

131 1644 284 1696 tiones,
313 1659 459 1688 nonne
490 1643 648 1687 merito
679 1658 838 1701 parum
868 1643 1024 1687 doctus
1053 1643 1282 1686 uidebitur
1313 1643 1512 1700 quisquis
1542 1658 1598 1686 ex

73 1726 116 1755 ao
133 1728 184 1758 eo
221 1714 332 1758 citra
370 1713 684 1757 discussionem
726 1727 935 1756 sensuum
974 1713 1059 1755 sibi
1108 1713 1277 1770 aliquid
1327 1713 1598 1769 pertinacius

132 1783 365 1828 suadebit?
442 1782 643 1826 Profecto
676 1797 824 1826 rerum
858 1782 1068 1832 omnium,
1107 1785 1160 1825 ut
1202 1782 1478 1839 praedictum
1519 1784 1596 1833 est,
1614 1792 1644 1831 b

131 1853 366 1910 multiplex
404 1854 472 1896 est
521 1854 567 1895 et
614 1852 742 1895 uaria
779 1852 1056 1909 significatio.
1135 1852 1452 1909 Multiplicium
1491 1866 1598 1895 uero

134 1921 359 1966 distinctio
387 1921 576 1979 diligens
604 1921 809 1964 habenda
838 1924 916 1971 est,
946 1936 1002 1964 ne
1038 1920 1154 1964 forte
1186 1921 1292 1964 dum
1327 1936 1463 1963 unam
1499 1921 1598 1963 dili-

133 1991 310 2050 gentius
329 1991 534 2048 sequeris,
554 1991 602 2033 in
622 1991 756 2034 aliam
783 1991 978 2034 deterius
1004 1991 1260 2048 prolabaris.
1320 1990 1448 2033 Vnde
1474 1995 1600 2048 patet

74 2073 116 2111 25
135 2060 455 2111 conjectorium,
485 2060 560 2117 qui
587 2060 765 2104 nomine
791 2060 991 2103 Danielis
1021 2060 1289 2112 inscribitur,
1319 2060 1599 2103 auctoritatis

134 2131 180 2174 et
208 2130 411 2173 ueritatis
442 2130 596 2173 robore
635 2130 911 2180 destitutum,
943 2145 1043 2173 cum
1076 2145 1145 2173 res
1179 2130 1378 2187 singulas
1410 2130 1599 2187 singulis

133 2199 527 2257 significationibus
575 2202 722 2252 arcet;
781 2199 836 2243 de
886 2200 1046 2257 quibus
1094 2214 1185 2243 non
1234 2199 1415 2243 uidetur
1463 2199 1599 2243 latius

133 2303 436 2386 mompniorum
454 2303 537 2358 AM·
605 2350 613 2358 .
716 2314 761 2341 10
779 2302 1044 2351 somnolentia
1061 2302 1086 2340 S
1270 2304 1315 2340 16
1339 2302 1599 2350 sompniorum

348 2361 369 2387 2
374 2360 391 2397 5
418 2352 634 2388 autoritatm
648 2350 683 2386 A

165 2442 204 2479 ..8
227 2444 411 2478 urionem:
438 2442 530 2488 quid
554 2442 745 2489 significet
766 2446 860 2486 urio,
884 2442 1033 2486 nescim
1060 2455 1151 2480 nam
1172 2443 1277 2480 locus
1298 2444 1428 2479 Policr.
1446 2442 1471 2479 i.
1491 2451 1509 2490 5
1534 2443 1600 2480 ubi

134 2487 245 2525 ludus
260 2488 412 2535 quidam
428 2493 510 2526 urio
525 2492 678 2527 vocatur
693 2491 792 2527 nihil
808 2492 856 2528 ad
874 2503 955 2528 rem
971 2492 1098 2528 habet.
1204 2501 1227 2536 9
1249 2493 1471 2532 carcineam3
1497 2491 1601 2527 haud

135 2535 267 2573 dubito
286 2536 379 2582 quin
398 2536 469 2573 hoc
490 2538 713 2574 vocabulum
736 2538 838 2575 idem
861 2539 962 2585 quod
981 2541 1186 2575 carcinoma
1203 2538 1404 2584 significet.
1454 2537 1599 2574 Forsan

135 2585 220 2636 uria
242 2583 358 2619 etiam
383 2584 484 2638 apud
507 2584 673 2622 medico·
697 2586 862 2632 speciem
887 2586 1079 2632 quandam
1105 2586 1264 2622 tumoris
1288 2585 1451 2621 morbidi
1477 2585 1600 2639 desig-

136 2631 251 2683 naut.
300 2629 500 2684 Sententia
523 2631 650 2668 Nostri
678 2632 895 2669 huiusmodi
918 2645 996 2670 esse
1020 2633 1192 2670 videtur:
1217 2633 1336 2669 Nemo
1361 2633 1427 2678 qui
1453 2644 1601 2669 somma

137 2678 310 2730 sequitur
325 2676 475 2714 facllius
489 2678 687 2716 veritatem
710 2681 996 2726 apprehendere
1020 2693 1134 2727 quam
1157 2691 1292 2716 caecus
1314 2682 1437 2716 artem
1454 2680 1599 2716 chirur-

136 2735 261 2770 gicam
278 2734 447 2760 exercere
462 2727 600 2771 potest.
738 2738 779 2773 13
805 2729 965 2774 Spiritus
982 2730 1069 2765 etc.:
1092 2728 1226 2764 Ioann.
1242 2726 1297 2763 iii.
1313 2729 1346 2763 8.
1490 2738 1530 2764 21
1559 2732 1601 2763 ut

131 2772 360 2824 praedictum
376 2776 425 2806 est
439 2784 447 2806 :
461 2783 503 2825 y.
523 2784 636 2819 supra
651 2775 781 2811 Polior.
797 2774 836 2810 ii.
858 2784 898 2821 15
918 2778 1001 2811 init.
1023 2776 1034 2815 (
1039 2785 1110 2821 499
1122 2777 1181 2819 A).
1279 2783 1322 2820 25
1349 2776 1602 2811 coniectorium

140 2819 234 2855 etc.:
261 2817 345 2854 vide
360 2816 573 2856 Fabricium
593 2821 677 2858 Cod.
688 2823 919 2868 pseudepiyr.
941 2824 980 2859 V.
1003 2824 1043 2860 Τ.
1060 2822 1084 2859 i.
1103 2834 1166 2869 pp.
1188 2831 1280 2867 1130
1291 2833 1395 2868 seqq.

183 2888 265 2908 ω’
854 2892 880 2919 0
1447 2892 1490 2928 97
