<?xml version="1.0" encoding="UTF-8"?>
<!DOCTYPE html PUBLIC "-//W3C//DTD XHTML 1.0 Transitional//EN"
    "http://www.w3.org/TR/xhtml1/DTD/xhtml1-transitional.dtd">
<html xmlns="http://www.w3.org/1999/xhtml" xml:lang="en" lang="en">
 <head>
  <title>
</title>
<meta http-equiv="Content-Type" content="text/html;charset=utf-8" />
  <meta name='ocr-system' content='tesseract 3.04.00' />
  <meta name='ocr-capabilities' content='ocr_page ocr_carea ocr_par ocr_line ocrx_word'/>
</head>
<body>
  <div class='ocr_page' id='page_1' title='image "./policraticisived01john_0305.png"; bbox 0 0 1994 3190; ppageno 0'>
   <div class='ocr_carea' id='block_1_1' title="bbox 2 63 14 200">
    <p class='ocr_par' dir='ltr' id='par_1_1' title="bbox 2 63 14 200">
     <span class='ocr_line' id='line_1_1' title="bbox 2 63 14 200; textangle 90"><span class='ocrx_word' id='word_1_1' title='bbox 11 197 14 200; x_wconf 87' lang='grc'><strong>,</strong></span> <span class='ocrx_word' id='word_1_2' title='bbox 2 151 12 173; x_wconf 52' lang='grc' dir='ltr'>ιν</span> <span class='ocrx_word' id='word_1_3' title='bbox 3 63 13 119; x_wconf 49' lang='lat' dir='ltr'>*nr-</span> 
     </span>
    </p>
   </div>
   <div class='ocr_carea' id='block_1_2' title="bbox 191 174 1799 243">
    <p class='ocr_par' dir='ltr' id='par_1_2' title="bbox 191 174 1799 243">
     <span class='ocr_line' id='line_1_2' title="bbox 191 174 1799 243; baseline -0.001 -15"><span class='ocrx_word' id='word_1_4' title='bbox 191 195 291 229; x_wconf 74' lang='lat' dir='ltr'>cAP.</span> <span class='ocrx_word' id='word_1_5' title='bbox 307 179 375 243; x_wconf 82' lang='lat' dir='ltr'>vl]</span> <span class='ocrx_word' id='word_1_6' title='bbox 694 174 1132 228; x_wconf 83' lang='lat' dir='ltr'><strong>POLICRATICVS</strong></span> <span class='ocrx_word' id='word_1_7' title='bbox 1668 193 1750 236; x_wconf 79' lang='lat'>522</span> <span class='ocrx_word' id='word_1_8' title='bbox 1768 184 1799 226; x_wconf 82' lang='lat' dir='ltr'>d</span> 
     </span>
    </p>
   </div>
   <div class='ocr_carea' id='block_1_3' title="bbox 0 300 1800 2300">
    <p class='ocr_par' dir='ltr' id='par_1_3' title="bbox 187 300 1700 496">
     <span class='ocr_line' id='line_1_3' title="bbox 188 300 1700 360; baseline 0.001 -14"><span class='ocrx_word' id='word_1_9' title='bbox 188 302 403 360; x_wconf 86' lang='lat' dir='ltr'>ignorare.</span> <span class='ocrx_word' id='word_1_10' title='bbox 480 300 712 345; x_wconf 87' lang='lat' dir='ltr'>Describet</span> <span class='ocrx_word' id='word_1_11' title='bbox 749 315 855 358; x_wconf 88' lang='lat' dir='ltr'>ergo</span> <span class='ocrx_word' id='word_1_12' title='bbox 894 300 1288 345; x_wconf 88' lang='lat' dir='ltr'>Deuteronomium</span> <span class='ocrx_word' id='word_1_13' title='bbox 1326 301 1448 360; x_wconf 87' lang='lat' dir='ltr'>legis,</span> <span class='ocrx_word' id='word_1_14' title='bbox 1487 302 1535 346; x_wconf 92' lang='lat' dir='ltr'>id</span> <span class='ocrx_word' id='word_1_15' title='bbox 1574 306 1653 356; x_wconf 85' lang='lat' dir='ltr'>est,</span> <span class='ocrx_word' id='word_1_16' title='bbox 1669 305 1700 346; x_wconf 83' lang='lat' dir='ltr'>d</span> 
     </span>
     <span class='ocr_line' id='line_1_4' title="bbox 189 369 1654 430; baseline 0.001 -16"><span class='ocrx_word' id='word_1_17' title='bbox 189 371 425 415; x_wconf 88' lang='lat' dir='ltr'>secundam</span> <span class='ocrx_word' id='word_1_18' title='bbox 441 370 594 427; x_wconf 87' lang='lat' dir='ltr'>legem,</span> <span class='ocrx_word' id='word_1_19' title='bbox 606 370 655 412; x_wconf 88' lang='lat' dir='ltr'>in</span> <span class='ocrx_word' id='word_1_20' title='bbox 670 369 895 412; x_wconf 90' lang='lat' dir='ltr'>uolumine</span> <span class='ocrx_word' id='word_1_21' title='bbox 911 369 1077 413; x_wconf 89' lang='lat' dir='ltr'>cordis:</span> <span class='ocrx_word' id='word_1_22' title='bbox 1108 373 1160 412; x_wconf 88' lang='lat' dir='ltr'>ut</span> <span class='ocrx_word' id='word_1_23' title='bbox 1175 371 1235 413; x_wconf 87' lang='lat' dir='ltr'>sit</span> <span class='ocrx_word' id='word_1_24' title='bbox 1255 371 1327 414; x_wconf 81' lang='lat' dir='ltr'>lex</span> <span class='ocrx_word' id='word_1_25' title='bbox 1348 372 1502 429; x_wconf 88' lang='lat' dir='ltr'>prima,</span> <span class='ocrx_word' id='word_1_26' title='bbox 1520 386 1654 430; x_wconf 89' lang='lat' dir='ltr'>quam</span> 
     </span>
     <span class='ocr_line' id='line_1_5' title="bbox 187 438 1654 496; baseline 0.001 -14"><span class='ocrx_word' id='word_1_27' title='bbox 187 439 340 482; x_wconf 86' lang='lat' dir='ltr'>littera</span> <span class='ocrx_word' id='word_1_28' title='bbox 373 439 561 496; x_wconf 85' lang='lat' dir='ltr'>ingerit3</span> <span class='ocrx_word' id='word_1_29' title='bbox 595 438 797 488; x_wconf 89' lang='lat' dir='ltr'>secunda,</span> <span class='ocrx_word' id='word_1_30' title='bbox 828 452 961 494; x_wconf 89' lang='lat' dir='ltr'>quam</span> <span class='ocrx_word' id='word_1_31' title='bbox 996 452 1053 480; x_wconf 85' lang='lat' dir='ltr'>ex</span> <span class='ocrx_word' id='word_1_32' title='bbox 1088 453 1139 481; x_wconf 93' lang='lat' dir='ltr'>eo</span> <span class='ocrx_word' id='word_1_33' title='bbox 1173 440 1373 483; x_wconf 88' lang='lat' dir='ltr'>misticus</span> <span class='ocrx_word' id='word_1_34' title='bbox 1402 441 1654 484; x_wconf 87' lang='lat' dir='ltr'>intellectus</span> 
     </span>
    </p>

    <p class='ocr_par' dir='ltr' id='par_1_4' title="bbox 0 506 1655 567">
     <span class='ocr_line' id='line_1_6' title="bbox 0 506 1655 567; baseline 0.001 -15"><span class='ocrx_word' id='word_1_35' title='bbox 0 548 7 566; x_wconf 63' lang='lat'>,</span> <span class='ocrx_word' id='word_1_36' title='bbox 187 508 398 567; x_wconf 87' lang='lat' dir='ltr'>agnoscit.</span> <span class='ocrx_word' id='word_1_37' title='bbox 457 507 607 550; x_wconf 89' lang='lat' dir='ltr'>Prima</span> <span class='ocrx_word' id='word_1_38' title='bbox 626 506 804 564; x_wconf 89' lang='lat' dir='ltr'>quidem</span> <span class='ocrx_word' id='word_1_39' title='bbox 828 506 960 549; x_wconf 81' lang='lat' dir='ltr'>scribi</span> <span class='ocrx_word' id='word_1_40' title='bbox 985 507 1133 564; x_wconf 88' lang='lat' dir='ltr'>potuit</span> <span class='ocrx_word' id='word_1_41' title='bbox 1152 507 1339 564; x_wconf 82' lang='lat' dir='ltr'>lapideis</span> <span class='ocrx_word' id='word_1_42' title='bbox 1359 509 1548 563; x_wconf 89' lang='lat' dir='ltr'>tabulis;</span> <span class='ocrx_word' id='word_1_43' title='bbox 1577 510 1655 553; x_wconf 91' lang='lat' dir='ltr'>sed</span> 
     </span>
    </p>

    <p class='ocr_par' dir='ltr' id='par_1_5' title="bbox 0 564 1653 649">
     <span class='ocr_line' id='line_1_7' title="bbox 0 564 1653 649; baseline 0.001 -28"><span class='ocrx_word' id='word_1_44' title='bbox 0 564 10 649; x_wconf 46' lang='lat' dir='ltr'><em>J</em></span> <span class='ocrx_word' id='word_1_45' title='bbox 149 594 170 631; x_wconf 72' lang='grc' dir='ltr'><strong>ς</strong></span> <span class='ocrx_word' id='word_1_46' title='bbox 188 577 378 621; x_wconf 89' lang='lat' dir='ltr'>secunda</span> <span class='ocrx_word' id='word_1_47' title='bbox 397 591 487 620; x_wconf 92' lang='lat' dir='ltr'>non</span> <span class='ocrx_word' id='word_1_48' title='bbox 506 576 789 634; x_wconf 75' lang='lat' dir='ltr'>imprimitur,</span> <span class='ocrx_word' id='word_1_49' title='bbox 804 572 891 618; x_wconf 92' lang='lat' dir='ltr'>nisi</span> <span class='ocrx_word' id='word_1_50' title='bbox 907 576 954 617; x_wconf 90' lang='lat' dir='ltr'>in</span> <span class='ocrx_word' id='word_1_51' title='bbox 970 576 1146 632; x_wconf 84' lang='lat' dir='ltr'>puriore</span> <span class='ocrx_word' id='word_1_52' title='bbox 1162 576 1458 634; x_wconf 67' lang='lat' dir='ltr'>intelligentia</span> <span class='ocrx_word' id='word_1_53' title='bbox 1478 580 1653 622; x_wconf 84' lang='lat' dir='ltr'>mentis.</span> 
     </span>
    </p>

    <p class='ocr_par' dir='ltr' id='par_1_6' title="bbox 0 645 1656 911">
     <span class='ocr_line' id='line_1_8' title="bbox 0 645 1653 703; baseline 0.001 -13"><span class='ocrx_word' id='word_1_54' title='bbox 0 655 7 682; x_wconf 47' lang='grc' dir='ltr'>δ’</span> <span class='ocrx_word' id='word_1_55' title='bbox 187 646 248 690; x_wconf 88' lang='lat' dir='ltr'>Et</span> <span class='ocrx_word' id='word_1_56' title='bbox 278 649 395 690; x_wconf 90' lang='lat' dir='ltr'>recte</span> <span class='ocrx_word' id='word_1_57' title='bbox 426 646 475 688; x_wconf 92' lang='lat' dir='ltr'>in</span> <span class='ocrx_word' id='word_1_58' title='bbox 508 645 734 688; x_wconf 91' lang='lat' dir='ltr'>uolumine</span> <span class='ocrx_word' id='word_1_59' title='bbox 769 645 1164 688; x_wconf 84' lang='lat' dir='ltr'>Deuteronomium</span> <span class='ocrx_word' id='word_1_60' title='bbox 1196 646 1417 697; x_wconf 79' lang='lat' dir='ltr'>scribitur,</span> <span class='ocrx_word' id='word_1_61' title='bbox 1453 647 1558 703; x_wconf 89' lang='lat' dir='ltr'>quia</span> <span class='ocrx_word' id='word_1_62' title='bbox 1591 648 1653 691; x_wconf 92' lang='lat' dir='ltr'>sic</span> 
     </span>
     <span class='ocr_line' id='line_1_9' title="bbox 186 714 1654 773; baseline 0.001 -14"><span class='ocrx_word' id='word_1_63' title='bbox 186 715 305 773; x_wconf 89' lang='lat' dir='ltr'>apud</span> <span class='ocrx_word' id='word_1_64' title='bbox 326 730 372 759; x_wconf 92' lang='lat' dir='ltr'>se</span> <span class='ocrx_word' id='word_1_65' title='bbox 391 729 568 759; x_wconf 86' lang='lat' dir='ltr'>sensum</span> <span class='ocrx_word' id='word_1_66' title='bbox 587 714 698 772; x_wconf 89' lang='lat' dir='ltr'>legis</span> <span class='ocrx_word' id='word_1_67' title='bbox 725 714 929 772; x_wconf 90' lang='lat' dir='ltr'>princeps</span> <span class='ocrx_word' id='word_1_68' title='bbox 953 714 1160 766; x_wconf 70' lang='lat' dir='ltr'>reuoluit,</span> <span class='ocrx_word' id='word_1_69' title='bbox 1181 714 1299 771; x_wconf 91' lang='lat' dir='ltr'>quod</span> <span class='ocrx_word' id='word_1_70' title='bbox 1323 715 1381 758; x_wconf 90' lang='lat' dir='ltr'>ab</span> <span class='ocrx_word' id='word_1_71' title='bbox 1400 716 1537 759; x_wconf 92' lang='lat' dir='ltr'>oculis</span> <span class='ocrx_word' id='word_1_72' title='bbox 1560 717 1654 760; x_wconf 88' lang='lat' dir='ltr'>eius</span> 
     </span>
     <span class='ocr_line' id='line_1_10' title="bbox 185 779 1656 840; baseline 0.001 -12"><span class='ocrx_word' id='word_1_73' title='bbox 185 784 338 828; x_wconf 82' lang='lat' dir='ltr'>littera</span> <span class='ocrx_word' id='word_1_74' title='bbox 375 799 465 828; x_wconf 91' lang='lat' dir='ltr'>non</span> <span class='ocrx_word' id='word_1_75' title='bbox 505 784 680 827; x_wconf 88' lang='lat' dir='ltr'>recedit.</span> <span class='ocrx_word' id='word_1_76' title='bbox 761 779 820 826; x_wconf 90' lang='lat' dir='ltr'>Et</span> <span class='ocrx_word' id='word_1_77' title='bbox 863 783 926 826; x_wconf 89' lang='lat' dir='ltr'>sic</span> <span class='ocrx_word' id='word_1_78' title='bbox 965 784 1144 840; x_wconf 91' lang='lat' dir='ltr'>quidem</span> <span class='ocrx_word' id='word_1_79' title='bbox 1184 784 1354 827; x_wconf 88' lang='lat' dir='ltr'>insistit</span> <span class='ocrx_word' id='word_1_80' title='bbox 1392 784 1569 828; x_wconf 90' lang='lat' dir='ltr'>litterae</span> <span class='ocrx_word' id='word_1_81' title='bbox 1603 789 1656 829; x_wconf 91' lang='lat' dir='ltr'>ut</span> 
     </span>
     <span class='ocr_line' id='line_1_11' title="bbox 186 852 1656 911; baseline 0 -15"><span class='ocrx_word' id='word_1_82' title='bbox 186 868 466 911; x_wconf 80' lang='lat' dir='ltr'><strong>nequaquam</strong></span> <span class='ocrx_word' id='word_1_83' title='bbox 486 854 543 897; x_wconf 90' lang='lat' dir='ltr'>ab</span> <span class='ocrx_word' id='word_1_84' title='bbox 562 852 813 896; x_wconf 86' lang='lat' dir='ltr'>intellectus</span> <span class='ocrx_word' id='word_1_85' title='bbox 833 853 1052 897; x_wconf 70' lang='lat' dir='ltr'>discordet</span> <span class='ocrx_word' id='word_1_86' title='bbox 1072 853 1281 910; x_wconf 83' lang='lat' dir='ltr'>puritate.</span> <span class='ocrx_word' id='word_1_87' title='bbox 1340 853 1513 896; x_wconf 86' lang='lat' dir='ltr'>Littera</span> <span class='ocrx_word' id='word_1_88' title='bbox 1533 869 1656 896; x_wconf 85' lang='lat' dir='ltr'>nam-</span> 
     </span>
    </p>

    <p class='ocr_par' dir='ltr' id='par_1_7' title="bbox 129 922 1800 1258">
     <span class='ocr_line' id='line_1_12' title="bbox 129 922 1656 981; baseline 0.002 -17"><span class='ocrx_word' id='word_1_89' title='bbox 129 939 172 964; x_wconf 76' lang='grc' dir='ltr'>ιο</span> <span class='ocrx_word' id='word_1_90' title='bbox 188 937 272 980; x_wconf 89' lang='lat' dir='ltr'>que</span> <span class='ocrx_word' id='word_1_91' title='bbox 299 923 470 974; x_wconf 91' lang='lat' dir='ltr'>occidit,</span> <span class='ocrx_word' id='word_1_92' title='bbox 494 923 679 981; x_wconf 89' lang='lat' dir='ltr'>spiritus</span> <span class='ocrx_word' id='word_1_93' title='bbox 705 922 918 974; x_wconf 89' lang='lat' dir='ltr'>uiuificat,</span> <span class='ocrx_word' id='word_1_94' title='bbox 938 926 984 966; x_wconf 91' lang='lat' dir='ltr'>et</span> <span class='ocrx_word' id='word_1_95' title='bbox 1007 937 1141 980; x_wconf 91' lang='lat' dir='ltr'>penes</span> <span class='ocrx_word' id='word_1_96' title='bbox 1166 923 1312 980; x_wconf 89' lang='lat' dir='ltr'>ipsum</span> <span class='ocrx_word' id='word_1_97' title='bbox 1336 923 1521 966; x_wconf 88' lang='lat' dir='ltr'>humani</span> <span class='ocrx_word' id='word_1_98' title='bbox 1547 924 1656 967; x_wconf 90' lang='lat' dir='ltr'>iuris</span> 
     </span>
     <span class='ocr_line' id='line_1_13' title="bbox 187 992 1655 1050; baseline -0.001 -14"><span class='ocrx_word' id='word_1_99' title='bbox 187 995 233 1037; x_wconf 88' lang='lat' dir='ltr'>et</span> <span class='ocrx_word' id='word_1_100' title='bbox 266 992 505 1050; x_wconf 89' lang='lat' dir='ltr'>aequitatis</span> <span class='ocrx_word' id='word_1_101' title='bbox 537 992 684 1036; x_wconf 89' lang='lat' dir='ltr'>media</span> <span class='ocrx_word' id='word_1_102' title='bbox 717 992 1028 1049; x_wconf 64' lang='lat' dir='ltr'>interpretatio</span> <span class='ocrx_word' id='word_1_103' title='bbox 1068 992 1313 1036; x_wconf 84' lang='lat' dir='ltr'>necessaria</span> <span class='ocrx_word' id='word_1_104' title='bbox 1351 995 1398 1036; x_wconf 90' lang='lat' dir='ltr'>et</span> <span class='ocrx_word' id='word_1_105' title='bbox 1436 993 1655 1050; x_wconf 88' lang='lat' dir='ltr'>generalis</span> 
     </span>
     <span class='ocr_line' id='line_1_14' title="bbox 186 1062 1654 1120; baseline 0 -14"><span class='ocrx_word' id='word_1_106' title='bbox 186 1065 324 1108; x_wconf 85' lang='lat' dir='ltr'>extat.</span> <span class='ocrx_word' id='word_1_107' title='bbox 383 1062 627 1120; x_wconf 87' lang='lat' dir='ltr'>Accipiens,</span> <span class='ocrx_word' id='word_1_108' title='bbox 641 1062 800 1119; x_wconf 91' lang='lat' dir='ltr'>inquit,</span> <span class='ocrx_word' id='word_1_109' title='bbox 815 1062 1042 1119; x_wconf 88' lang='lat' dir='ltr'>exemplar</span> <span class='ocrx_word' id='word_1_110' title='bbox 1061 1077 1088 1105; x_wconf 89' lang='lat' dir='ltr'>a</span> <span class='ocrx_word' id='word_1_111' title='bbox 1108 1062 1410 1106; x_wconf 89' lang='lat' dir='ltr'>sacerdotibus</span> <span class='ocrx_word' id='word_1_112' title='bbox 1430 1062 1654 1106; x_wconf 81' lang='lat' dir='ltr'>Leuiticae</span> 
     </span>
     <span class='ocr_line' id='line_1_15' title="bbox 185 1131 1655 1189; baseline -0.001 -14"><span class='ocrx_word' id='word_1_113' title='bbox 185 1132 340 1176; x_wconf 88' lang='lat' dir='ltr'>tribus.</span> <span class='ocrx_word' id='word_1_114' title='bbox 400 1132 534 1175; x_wconf 89' lang='lat' dir='ltr'>Recte</span> <span class='ocrx_word' id='word_1_115' title='bbox 555 1131 744 1188; x_wconf 90' lang='lat' dir='ltr'>quidem.</span> <span class='ocrx_word' id='word_1_116' title='bbox 805 1131 1015 1175; x_wconf 90' lang='lat' dir='ltr'>Omnium</span> <span class='ocrx_word' id='word_1_117' title='bbox 1036 1131 1184 1189; x_wconf 87' lang='lat' dir='ltr'>legum</span> <span class='ocrx_word' id='word_1_118' title='bbox 1205 1131 1351 1175; x_wconf 87' lang='lat' dir='ltr'>inanis</span> <span class='ocrx_word' id='word_1_119' title='bbox 1371 1135 1439 1175; x_wconf 88' lang='lat' dir='ltr'>est</span> <span class='ocrx_word' id='word_1_120' title='bbox 1459 1146 1655 1183; x_wconf 88' lang='lat' dir='ltr'>censura,</span> 
     </span>
     <span class='ocr_line' id='line_1_16' title="bbox 186 1200 1800 1258; baseline 0 -14"><span class='ocrx_word' id='word_1_121' title='bbox 186 1201 225 1245; x_wconf 89' lang='lat' dir='ltr'>si</span> <span class='ocrx_word' id='word_1_122' title='bbox 274 1216 364 1244; x_wconf 91' lang='lat' dir='ltr'>non</span> <span class='ocrx_word' id='word_1_123' title='bbox 409 1201 588 1244; x_wconf 87' lang='lat' dir='ltr'>diuinae</span> <span class='ocrx_word' id='word_1_124' title='bbox 636 1200 748 1258; x_wconf 86' lang='lat' dir='ltr'>legis</span> <span class='ocrx_word' id='word_1_125' title='bbox 791 1200 1032 1258; x_wconf 81' lang='lat' dir='ltr'>imaginem</span> <span class='ocrx_word' id='word_1_126' title='bbox 1074 1204 1202 1258; x_wconf 84' lang='lat' dir='ltr'>gerat</span> <span class='ocrx_word' id='word_1_127' title='bbox 1216 1215 1225 1253; x_wconf 95' lang='lat'>;</span> <span class='ocrx_word' id='word_1_128' title='bbox 1280 1205 1326 1244; x_wconf 90' lang='lat' dir='ltr'>et</span> <span class='ocrx_word' id='word_1_129' title='bbox 1369 1202 1543 1244; x_wconf 87' lang='lat' dir='ltr'>inutilis</span> <span class='ocrx_word' id='word_1_130' title='bbox 1588 1205 1655 1245; x_wconf 84' lang='lat' dir='ltr'>est</span> <span class='ocrx_word' id='word_1_131' title='bbox 1672 1210 1750 1252; x_wconf 78' lang='lat'>523</span> <span class='ocrx_word' id='word_1_132' title='bbox 1771 1213 1800 1241; x_wconf 87' lang='lat' dir='ltr'>a</span> 
     </span>
    </p>

    <p class='ocr_par' dir='ltr' id='par_1_8' title="bbox 128 1269 1655 1605">
     <span class='ocr_line' id='line_1_17' title="bbox 128 1269 1654 1328; baseline 0.001 -16"><span class='ocrx_word' id='word_1_133' title='bbox 128 1283 169 1320; x_wconf 83' lang='lat'>15</span> <span class='ocrx_word' id='word_1_134' title='bbox 187 1269 447 1314; x_wconf 86' lang='lat' dir='ltr'>constitutio</span> <span class='ocrx_word' id='word_1_135' title='bbox 481 1269 705 1327; x_wconf 88' lang='lat' dir='ltr'>principis,</span> <span class='ocrx_word' id='word_1_136' title='bbox 738 1269 776 1312; x_wconf 88' lang='lat' dir='ltr'>si</span> <span class='ocrx_word' id='word_1_137' title='bbox 815 1284 905 1312; x_wconf 93' lang='lat' dir='ltr'>non</span> <span class='ocrx_word' id='word_1_138' title='bbox 940 1272 1008 1313; x_wconf 90' lang='lat' dir='ltr'>est</span> <span class='ocrx_word' id='word_1_139' title='bbox 1043 1270 1360 1314; x_wconf 85' lang='lat' dir='ltr'>ecclesiasticae</span> <span class='ocrx_word' id='word_1_140' title='bbox 1395 1270 1654 1328; x_wconf 91' lang='lat' dir='ltr'>disciplinae</span> 
     </span>
     <span class='ocr_line' id='line_1_18' title="bbox 187 1337 1655 1398; baseline -0.001 -14"><span class='ocrx_word' id='word_1_141' title='bbox 187 1338 437 1384; x_wconf 83' lang='lat' dir='ltr'>conformis.</span> <span class='ocrx_word' id='word_1_142' title='bbox 484 1338 612 1392; x_wconf 86' lang='lat' dir='ltr'>Quod</span> <span class='ocrx_word' id='word_1_143' title='bbox 628 1342 674 1382; x_wconf 87' lang='lat' dir='ltr'>et</span> <span class='ocrx_word' id='word_1_144' title='bbox 693 1337 1123 1383; x_wconf 86' lang='lat' dir='ltr'>Christianissimum</span> <span class='ocrx_word' id='word_1_145' title='bbox 1144 1354 1233 1382; x_wconf 91' lang='lat' dir='ltr'>non</span> <span class='ocrx_word' id='word_1_146' title='bbox 1250 1339 1383 1382; x_wconf 90' lang='lat' dir='ltr'>latuit</span> <span class='ocrx_word' id='word_1_147' title='bbox 1399 1340 1655 1398; x_wconf 90' lang='lat' dir='ltr'>principem,</span> 
     </span>
     <span class='ocr_line' id='line_1_19' title="bbox 186 1408 1655 1466; baseline 0 -14"><span class='ocrx_word' id='word_1_148' title='bbox 186 1408 264 1466; x_wconf 89' lang='lat' dir='ltr'>qui</span> <span class='ocrx_word' id='word_1_149' title='bbox 304 1408 477 1466; x_wconf 89' lang='lat' dir='ltr'>legibus</span> <span class='ocrx_word' id='word_1_150' title='bbox 515 1408 608 1451; x_wconf 90' lang='lat' dir='ltr'>suis</span> <span class='ocrx_word' id='word_1_151' title='bbox 642 1408 809 1452; x_wconf 85' lang='lat' dir='ltr'>indixit</span> <span class='ocrx_word' id='word_1_152' title='bbox 848 1423 904 1451; x_wconf 90' lang='lat' dir='ltr'>ne</span> <span class='ocrx_word' id='word_1_153' title='bbox 951 1408 1249 1466; x_wconf 85' lang='lat' dir='ltr'>dedignentur</span> <span class='ocrx_word' id='word_1_154' title='bbox 1287 1424 1433 1453; x_wconf 88' lang='lat' dir='ltr'>sacros</span> <span class='ocrx_word' id='word_1_155' title='bbox 1467 1424 1655 1452; x_wconf 90' lang='lat' dir='ltr'>canones</span> 
     </span>
     <span class='ocr_line' id='line_1_20' title="bbox 184 1477 1655 1536; baseline 0.001 -16"><span class='ocrx_word' id='word_1_156' title='bbox 184 1477 364 1520; x_wconf 87' lang='lat' dir='ltr'>imitari.</span> <span class='ocrx_word' id='word_1_157' title='bbox 425 1477 484 1520; x_wconf 92' lang='lat' dir='ltr'>Et</span> <span class='ocrx_word' id='word_1_158' title='bbox 503 1492 592 1520; x_wconf 90' lang='lat' dir='ltr'>non</span> <span class='ocrx_word' id='word_1_159' title='bbox 612 1478 742 1521; x_wconf 88' lang='lat' dir='ltr'>modo</span> <span class='ocrx_word' id='word_1_160' title='bbox 762 1478 1010 1521; x_wconf 89' lang='lat' dir='ltr'>sacerdotes</span> <span class='ocrx_word' id='word_1_161' title='bbox 1030 1478 1300 1535; x_wconf 84' lang='lat' dir='ltr'>exemplaria</span> <span class='ocrx_word' id='word_1_162' title='bbox 1319 1478 1412 1536; x_wconf 85' lang='lat' dir='ltr'>peti</span> <span class='ocrx_word' id='word_1_163' title='bbox 1428 1479 1655 1536; x_wconf 87' lang='lat' dir='ltr'>praecipit,</span> 
     </span>
     <span class='ocr_line' id='line_1_21' title="bbox 184 1546 1653 1605; baseline 0.001 -15"><span class='ocrx_word' id='word_1_164' title='bbox 184 1547 262 1590; x_wconf 89' lang='lat' dir='ltr'>sed</span> <span class='ocrx_word' id='word_1_165' title='bbox 282 1547 339 1590; x_wconf 91' lang='lat' dir='ltr'>ad</span> <span class='ocrx_word' id='word_1_166' title='bbox 354 1546 599 1591; x_wconf 88' lang='lat' dir='ltr'>Leuiticam</span> <span class='ocrx_word' id='word_1_167' title='bbox 614 1547 793 1598; x_wconf 89' lang='lat' dir='ltr'>tribum,</span> <span class='ocrx_word' id='word_1_168' title='bbox 809 1548 1044 1591; x_wconf 90' lang='lat' dir='ltr'>mutuandi</span> <span class='ocrx_word' id='word_1_169' title='bbox 1063 1548 1223 1605; x_wconf 88' lang='lat' dir='ltr'>gratia,</span> <span class='ocrx_word' id='word_1_170' title='bbox 1235 1548 1478 1605; x_wconf 90' lang='lat' dir='ltr'>principem</span> <span class='ocrx_word' id='word_1_171' title='bbox 1499 1548 1653 1592; x_wconf 87' lang='lat' dir='ltr'>mittit.</span> 
     </span>
    </p>

    <p class='ocr_par' dir='ltr' id='par_1_9' title="bbox 125 1615 1722 1952">
     <span class='ocr_line' id='line_1_22' title="bbox 125 1615 1722 1675; baseline 0 -15"><span class='ocrx_word' id='word_1_172' title='bbox 125 1629 170 1655; x_wconf 77' lang='lat'>20</span> <span class='ocrx_word' id='word_1_173' title='bbox 185 1615 260 1660; x_wconf 87' lang='lat' dir='ltr'>Sic</span> <span class='ocrx_word' id='word_1_174' title='bbox 289 1616 406 1660; x_wconf 92' lang='lat' dir='ltr'>enim</span> <span class='ocrx_word' id='word_1_175' title='bbox 435 1616 624 1674; x_wconf 86' lang='lat' dir='ltr'>legitimi</span> <span class='ocrx_word' id='word_1_176' title='bbox 654 1617 901 1660; x_wconf 82' lang='lat' dir='ltr'>sacerdotes</span> <span class='ocrx_word' id='word_1_177' title='bbox 927 1617 1137 1660; x_wconf 90' lang='lat' dir='ltr'>audiendi</span> <span class='ocrx_word' id='word_1_178' title='bbox 1163 1620 1281 1668; x_wconf 89' lang='lat' dir='ltr'>sunt,</span> <span class='ocrx_word' id='word_1_179' title='bbox 1306 1621 1358 1660; x_wconf 90' lang='lat' dir='ltr'>ut</span> <span class='ocrx_word' id='word_1_180' title='bbox 1385 1618 1582 1675; x_wconf 87' lang='lat' dir='ltr'>reprobis</span> <span class='ocrx_word' id='word_1_181' title='bbox 1610 1621 1655 1661; x_wconf 89' lang='lat' dir='ltr'>et</span> <span class='ocrx_word' id='word_1_182' title='bbox 1720 1658 1722 1660; x_wconf 87' lang='lat'>.</span> 
     </span>
     <span class='ocr_line' id='line_1_23' title="bbox 185 1685 1654 1730; baseline 0 0"><span class='ocrx_word' id='word_1_183' title='bbox 185 1685 523 1730; x_wconf 85' lang='lat' dir='ltr'>ascendentibus</span> <span class='ocrx_word' id='word_1_184' title='bbox 540 1701 595 1729; x_wconf 91' lang='lat' dir='ltr'>ex</span> <span class='ocrx_word' id='word_1_185' title='bbox 611 1686 798 1729; x_wconf 88' lang='lat' dir='ltr'>aduerso</span> <span class='ocrx_word' id='word_1_186' title='bbox 814 1701 988 1730; x_wconf 90' lang='lat' dir='ltr'>omnem</span> <span class='ocrx_word' id='word_1_187' title='bbox 1003 1687 1076 1729; x_wconf 92' lang='lat' dir='ltr'>uir</span> <span class='ocrx_word' id='word_1_188' title='bbox 1087 1687 1232 1730; x_wconf 88' lang='lat' dir='ltr'>iustus</span> <span class='ocrx_word' id='word_1_189' title='bbox 1247 1686 1426 1730; x_wconf 89' lang='lat' dir='ltr'>claudat</span> <span class='ocrx_word' id='word_1_190' title='bbox 1438 1687 1654 1730; x_wconf 89' lang='lat' dir='ltr'>auditum.</span> 
     </span>
     <span class='ocr_line' id='line_1_24' title="bbox 185 1754 1655 1813; baseline 0.001 -15"><span class='ocrx_word' id='word_1_191' title='bbox 185 1754 273 1799; x_wconf 87' lang='lat' dir='ltr'>Sed</span> <span class='ocrx_word' id='word_1_192' title='bbox 293 1755 370 1812; x_wconf 90' lang='lat' dir='ltr'>qui</span> <span class='ocrx_word' id='word_1_193' title='bbox 390 1757 496 1798; x_wconf 90' lang='lat' dir='ltr'>sunt</span> <span class='ocrx_word' id='word_1_194' title='bbox 515 1755 763 1799; x_wconf 84' lang='lat' dir='ltr'>sacerdotes</span> <span class='ocrx_word' id='word_1_195' title='bbox 788 1755 1012 1800; x_wconf 87' lang='lat' dir='ltr'>Leuiticae</span> <span class='ocrx_word' id='word_1_196' title='bbox 1039 1756 1214 1800; x_wconf 69' lang='lat' dir='ltr'>tribus?</span> <span class='ocrx_word' id='word_1_197' title='bbox 1275 1756 1347 1799; x_wconf 92' lang='lat' dir='ltr'>Illi</span> <span class='ocrx_word' id='word_1_198' title='bbox 1369 1756 1524 1813; x_wconf 89' lang='lat' dir='ltr'>utique</span> <span class='ocrx_word' id='word_1_199' title='bbox 1546 1771 1655 1813; x_wconf 88' lang='lat' dir='ltr'>quos</span> 
     </span>
     <span class='ocr_line' id='line_1_25' title="bbox 184 1824 1655 1883; baseline 0 -15"><span class='ocrx_word' id='word_1_200' title='bbox 184 1824 280 1868; x_wconf 85' lang='lat' dir='ltr'>sine</span> <span class='ocrx_word' id='word_1_201' title='bbox 306 1824 522 1868; x_wconf 89' lang='lat' dir='ltr'>auaritiae</span> <span class='ocrx_word' id='word_1_202' title='bbox 552 1825 757 1876; x_wconf 87' lang='lat' dir='ltr'>stimulis,</span> <span class='ocrx_word' id='word_1_203' title='bbox 788 1826 882 1868; x_wconf 87' lang='lat' dir='ltr'>sine</span> <span class='ocrx_word' id='word_1_204' title='bbox 913 1826 1170 1869; x_wconf 89' lang='lat' dir='ltr'>ambitionis</span> <span class='ocrx_word' id='word_1_205' title='bbox 1196 1825 1402 1883; x_wconf 89' lang='lat' dir='ltr'>impulsu,</span> <span class='ocrx_word' id='word_1_206' title='bbox 1429 1826 1524 1869; x_wconf 89' lang='lat' dir='ltr'>sine</span> <span class='ocrx_word' id='word_1_207' title='bbox 1551 1825 1655 1868; x_wconf 85' lang='lat' dir='ltr'>affe-</span> 
     </span>
     <span class='ocr_line' id='line_1_26' title="bbox 186 1893 1658 1952; baseline -0.001 -14"><span class='ocrx_word' id='word_1_208' title='bbox 186 1893 331 1938; x_wconf 84' lang='lat' dir='ltr'>ctione</span> <span class='ocrx_word' id='word_1_209' title='bbox 350 1893 494 1938; x_wconf 85' lang='lat' dir='ltr'>carnis</span> <span class='ocrx_word' id='word_1_210' title='bbox 514 1896 560 1937; x_wconf 90' lang='lat' dir='ltr'>et</span> <span class='ocrx_word' id='word_1_211' title='bbox 579 1895 809 1952; x_wconf 85' lang='lat' dir='ltr'>sanguinis</span> <span class='ocrx_word' id='word_1_212' title='bbox 821 1895 894 1938; x_wconf 87' lang='lat' dir='ltr'>lex</span> <span class='ocrx_word' id='word_1_213' title='bbox 909 1895 957 1938; x_wconf 93' lang='lat' dir='ltr'>in</span> <span class='ocrx_word' id='word_1_214' title='bbox 979 1895 1216 1939; x_wconf 87' lang='lat' dir='ltr'>Ecclesiam</span> <span class='ocrx_word' id='word_1_215' title='bbox 1237 1895 1501 1938; x_wconf 79' lang='lat' dir='ltr'>introduxit.</span> <span class='ocrx_word' id='word_1_216' title='bbox 1554 1895 1658 1938; x_wconf 92' lang='lat' dir='ltr'>Non</span> 
     </span>
    </p>

    <p class='ocr_par' dir='ltr' id='par_1_10' title="bbox 126 1962 1701 2300">
     <span class='ocr_line' id='line_1_27' title="bbox 126 1962 1656 2022; baseline 0.003 -19"><span class='ocrx_word' id='word_1_217' title='bbox 126 1978 169 2014; x_wconf 80' lang='lat'>²5</span> <span class='ocrx_word' id='word_1_218' title='bbox 188 1965 337 2007; x_wconf 88' lang='lat' dir='ltr'>autem</span> <span class='ocrx_word' id='word_1_219' title='bbox 376 1962 450 2006; x_wconf 92' lang='lat' dir='ltr'>lex</span> <span class='ocrx_word' id='word_1_220' title='bbox 489 1963 677 2016; x_wconf 87' lang='lat' dir='ltr'>litterae,</span> <span class='ocrx_word' id='word_1_221' title='bbox 697 1978 810 2021; x_wconf 91' lang='lat' dir='ltr'>quae</span> <span class='ocrx_word' id='word_1_222' title='bbox 845 1964 1094 2015; x_wconf 89' lang='lat' dir='ltr'>mortificat,</span> <span class='ocrx_word' id='word_1_223' title='bbox 1122 1964 1199 2008; x_wconf 88' lang='lat' dir='ltr'>sed</span> <span class='ocrx_word' id='word_1_224' title='bbox 1233 1964 1428 2022; x_wconf 90' lang='lat' dir='ltr'>spiritus,</span> <span class='ocrx_word' id='word_1_225' title='bbox 1461 1979 1574 2022; x_wconf 88' lang='lat' dir='ltr'>quae</span> <span class='ocrx_word' id='word_1_226' title='bbox 1609 1964 1656 2007; x_wconf 92' lang='lat' dir='ltr'>in</span> 
     </span>
     <span class='ocr_line' id='line_1_28' title="bbox 185 2032 1656 2091; baseline 0.001 -15"><span class='ocrx_word' id='word_1_227' title='bbox 185 2032 422 2076; x_wconf 88' lang='lat' dir='ltr'>sanctitate</span> <span class='ocrx_word' id='word_1_228' title='bbox 461 2033 636 2084; x_wconf 89' lang='lat' dir='ltr'>mentis,</span> <span class='ocrx_word' id='word_1_229' title='bbox 669 2033 892 2077; x_wconf 89' lang='lat' dir='ltr'>munditia</span> <span class='ocrx_word' id='word_1_230' title='bbox 925 2034 1132 2091; x_wconf 89' lang='lat' dir='ltr'>corporis,</span> <span class='ocrx_word' id='word_1_231' title='bbox 1171 2034 1274 2077; x_wconf 90' lang='lat' dir='ltr'>fidei</span> <span class='ocrx_word' id='word_1_232' title='bbox 1314 2034 1569 2077; x_wconf 87' lang='lat' dir='ltr'>sinceritate</span> <span class='ocrx_word' id='word_1_233' title='bbox 1610 2037 1656 2077; x_wconf 88' lang='lat' dir='ltr'>et</span> 
     </span>
     <span class='ocr_line' id='line_1_29' title="bbox 184 2102 1701 2159; baseline 0.003 -14"><span class='ocrx_word' id='word_1_234' title='bbox 184 2102 390 2159; x_wconf 88' lang='lat' dir='ltr'>operibus</span> <span class='ocrx_word' id='word_1_235' title='bbox 420 2102 620 2146; x_wconf 90' lang='lat' dir='ltr'>caritatis</span> <span class='ocrx_word' id='word_1_236' title='bbox 650 2102 863 2147; x_wconf 90' lang='lat' dir='ltr'>uiuificat.</span> <span class='ocrx_word' id='word_1_237' title='bbox 923 2103 1051 2147; x_wconf 89' lang='lat' dir='ltr'>Sicut</span> <span class='ocrx_word' id='word_1_238' title='bbox 1080 2103 1198 2147; x_wconf 90' lang='lat' dir='ltr'>enim</span> <span class='ocrx_word' id='word_1_239' title='bbox 1228 2103 1480 2146; x_wconf 87' lang='lat' dir='ltr'>umbratilis</span> <span class='ocrx_word' id='word_1_240' title='bbox 1509 2103 1583 2146; x_wconf 89' lang='lat' dir='ltr'>lex</span> <span class='ocrx_word' id='word_1_241' title='bbox 1610 2106 1655 2147; x_wconf 87' lang='lat' dir='ltr'>et</span> <span class='ocrx_word' id='word_1_242' title='bbox 1672 2112 1701 2150; x_wconf 89' lang='lat' dir='ltr'>b</span> 
     </span>
     <span class='ocr_line' id='line_1_30' title="bbox 183 2171 1655 2230; baseline 0.001 -16"><span class='ocrx_word' id='word_1_243' title='bbox 183 2185 340 2229; x_wconf 86' lang='lat' dir='ltr'>gerens</span> <span class='ocrx_word' id='word_1_244' title='bbox 367 2171 516 2214; x_wconf 90' lang='lat' dir='ltr'>omnia</span> <span class='ocrx_word' id='word_1_245' title='bbox 538 2171 788 2229; x_wconf 87' lang='lat' dir='ltr'>figuraliter</span> <span class='ocrx_word' id='word_1_246' title='bbox 816 2173 1062 2216; x_wconf 81' lang='lat' dir='ltr'>sacerdotes</span> <span class='ocrx_word' id='word_1_247' title='bbox 1090 2173 1138 2215; x_wconf 92' lang='lat' dir='ltr'>in</span> <span class='ocrx_word' id='word_1_248' title='bbox 1167 2172 1479 2230; x_wconf 86' lang='lat' dir='ltr'>singularitate</span> <span class='ocrx_word' id='word_1_249' title='bbox 1509 2174 1655 2216; x_wconf 88' lang='lat' dir='ltr'>carnis</span> 
     </span>
     <span class='ocr_line' id='line_1_31' title="bbox 185 2240 1655 2300; baseline 0.001 -18"><span class='ocrx_word' id='word_1_250' title='bbox 185 2242 232 2283; x_wconf 81' lang='lat' dir='ltr'>ct</span> <span class='ocrx_word' id='word_1_251' title='bbox 259 2240 488 2297; x_wconf 87' lang='lat' dir='ltr'>sanguinis</span> <span class='ocrx_word' id='word_1_252' title='bbox 516 2241 780 2299; x_wconf 68' lang='lat' dir='ltr'>praeelegit}</span> <span class='ocrx_word' id='word_1_253' title='bbox 810 2242 884 2293; x_wconf 90' lang='lat' dir='ltr'>sic,</span> <span class='ocrx_word' id='word_1_254' title='bbox 913 2245 1149 2300; x_wconf 88' lang='lat' dir='ltr'>postquam</span> <span class='ocrx_word' id='word_1_255' title='bbox 1182 2242 1456 2286; x_wconf 89' lang='lat' dir='ltr'>cessantibus</span> <span class='ocrx_word' id='word_1_256' title='bbox 1486 2242 1655 2285; x_wconf 89' lang='lat' dir='ltr'>umbris</span> 
     </span>
    </p>
   </div>
   <div class='ocr_carea' id='block_1_4' title="bbox 186 2348 1655 2442">
    <p class='ocr_par' dir='ltr' id='par_1_11' title="bbox 186 2348 1655 2442">
     <span class='ocr_line' id='line_1_32' title="bbox 186 2348 1655 2399; baseline 0.002 -15"><span class='ocrx_word' id='word_1_257' title='bbox 186 2359 210 2394; x_wconf 84' lang='lat'><strong>4</strong></span> <span class='ocrx_word' id='word_1_258' title='bbox 233 2348 376 2385; x_wconf 82' lang='lat' dir='ltr'>tabulis</span> <span class='ocrx_word' id='word_1_259' title='bbox 399 2348 561 2396; x_wconf 87' lang='lat' dir='ltr'>lapideis</span> <span class='ocrx_word' id='word_1_260' title='bbox 589 2348 741 2386; x_wconf 75' lang='lat' dir='ltr'>0²BAM</span> <span class='ocrx_word' id='word_1_261' title='bbox 886 2361 930 2396; x_wconf 90' lang='lat'>14</span> <span class='ocrx_word' id='word_1_262' title='bbox 952 2351 1173 2399; x_wconf 81' lang='lat' dir='ltr'>ymaginem</span> <span class='ocrx_word' id='word_1_263' title='bbox 1190 2350 1231 2387; x_wconf 82' lang='lat' dir='ltr'>M</span> <span class='ocrx_word' id='word_1_264' title='bbox 1378 2360 1418 2398; x_wconf 83' lang='lat'>15</span> <span class='ocrx_word' id='word_1_265' title='bbox 1446 2353 1502 2388; x_wconf 87' lang='lat' dir='ltr'>est</span> <span class='ocrx_word' id='word_1_266' title='bbox 1528 2363 1595 2388; x_wconf 90' lang='lat' dir='ltr'>om.</span> <span class='ocrx_word' id='word_1_267' title='bbox 1615 2351 1655 2387; x_wconf 84' lang='lat' dir='ltr'>M</span> 
     </span>
     <span class='ocr_line' id='line_1_33' title="bbox 187 2395 570 2442; baseline 0 -10"><span class='ocrx_word' id='word_1_268' title='bbox 187 2405 234 2432; x_wconf 85' lang='lat'>20</span> <span class='ocrx_word' id='word_1_269' title='bbox 258 2395 440 2442; x_wconf 83' lang='lat' dir='ltr'>legittimi</span> <span class='ocrx_word' id='word_1_270' title='bbox 457 2395 570 2432; x_wconf 79' lang='lat' dir='ltr'>BS¹M</span> 
     </span>
    </p>
   </div>
   <div class='ocr_carea' id='block_1_5' title="bbox 122 2494 1658 2874">
    <p class='ocr_par' dir='ltr' id='par_1_12' title="bbox 122 2494 1658 2825">
     <span class='ocr_line' id='line_1_34' title="bbox 237 2494 1655 2542; baseline 0 -12"><span class='ocrx_word' id='word_1_271' title='bbox 237 2504 258 2539; x_wconf 93' lang='lat'>3</span> <span class='ocrx_word' id='word_1_272' title='bbox 283 2496 439 2530; x_wconf 71' lang='lat' dir='ltr'>secunda</span> <span class='ocrx_word' id='word_1_273' title='bbox 457 2496 549 2531; x_wconf 87' lang='lat' dir='ltr'>etc.:</span> <span class='ocrx_word' id='word_1_274' title='bbox 577 2495 625 2532; x_wconf 85' lang='lat' dir='ltr'>cf.</span> <span class='ocrx_word' id='word_1_275' title='bbox 643 2494 797 2532; x_wconf 85' lang='lat' dir='ltr'>Hieron.</span> <span class='ocrx_word' id='word_1_276' title='bbox 816 2497 887 2542; x_wconf 82' lang='lat' dir='ltr'>Ep.</span> <span class='ocrx_word' id='word_1_277' title='bbox 903 2494 974 2532; x_wconf 90' lang='lat' dir='ltr'>liii.</span> <span class='ocrx_word' id='word_1_278' title='bbox 993 2498 1042 2532; x_wconf 81' lang='lat' dir='ltr'>ad</span> <span class='ocrx_word' id='word_1_279' title='bbox 1058 2497 1259 2532; x_wconf 81' lang='lat' dir='ltr'>Paulinum</span> <span class='ocrx_word' id='word_1_280' title='bbox 1279 2495 1425 2541; x_wconf 84' lang='lat' dir='ltr'>(Migne</span> <span class='ocrx_word' id='word_1_281' title='bbox 1443 2497 1485 2532; x_wconf 90' lang='lat' dir='ltr'>P.</span> <span class='ocrx_word' id='word_1_282' title='bbox 1504 2496 1548 2531; x_wconf 92' lang='lat' dir='ltr'>L.</span> <span class='ocrx_word' id='word_1_283' title='bbox 1565 2494 1655 2531; x_wconf 83' lang='lat' dir='ltr'>xxii.</span> 
     </span>
     <span class='ocr_line' id='line_1_35' title="bbox 191 2541 1657 2590; baseline 0.002 -14"><span class='ocrx_word' id='word_1_284' title='bbox 191 2541 274 2587; x_wconf 82' lang='lat'>545)</span> <span class='ocrx_word' id='word_1_285' title='bbox 293 2543 608 2578; x_wconf 78' lang='lat' dir='ltr'>Deuteronomium</span> <span class='ocrx_word' id='word_1_286' title='bbox 623 2545 778 2579; x_wconf 76' lang='lat' dir='ltr'>secunda</span> <span class='ocrx_word' id='word_1_287' title='bbox 796 2545 855 2579; x_wconf 77' lang='lat' dir='ltr'>lex</span> <span class='ocrx_word' id='word_1_288' title='bbox 872 2549 903 2579; x_wconf 85' lang='lat' dir='ltr'>et</span> <span class='ocrx_word' id='word_1_289' title='bbox 919 2545 1145 2589; x_wconf 73' lang='lat' dir='ltr'>euanyelicae</span> <span class='ocrx_word' id='word_1_290' title='bbox 1162 2546 1249 2590; x_wconf 64' lang='lat' dir='ltr'>legis</span> <span class='ocrx_word' id='word_1_291' title='bbox 1259 2545 1537 2589; x_wconf 75' lang='lat' dir='ltr'>praefiquratio.</span> <span class='ocrx_word' id='word_1_292' title='bbox 1634 2553 1657 2587; x_wconf 82' lang='lat'><strong>4</strong></span> 
     </span>
     <span class='ocr_line' id='line_1_36' title="bbox 122 2589 1658 2637; baseline 0.001 -13"><span class='ocrx_word' id='word_1_293' title='bbox 122 2619 136 2628; x_wconf 80' lang='grc'>,</span> <span class='ocrx_word' id='word_1_294' title='bbox 187 2589 298 2624; x_wconf 77' lang='lat' dir='ltr'>scribi</span> <span class='ocrx_word' id='word_1_295' title='bbox 314 2590 384 2624; x_wconf 90' lang='lat' dir='ltr'>etc.</span> <span class='ocrx_word' id='word_1_296' title='bbox 401 2601 409 2625; x_wconf 92' lang='lat'>:</span> <span class='ocrx_word' id='word_1_297' title='bbox 435 2601 467 2624; x_wconf 87' lang='lat' dir='ltr'>v.</span> <span class='ocrx_word' id='word_1_298' title='bbox 486 2599 507 2624; x_wconf 86' lang='lat'>2</span> <span class='ocrx_word' id='word_1_299' title='bbox 524 2589 607 2626; x_wconf 86' lang='lat' dir='ltr'>Cor.</span> <span class='ocrx_word' id='word_1_300' title='bbox 624 2589 680 2627; x_wconf 87' lang='lat' dir='ltr'>iii.</span> <span class='ocrx_word' id='word_1_301' title='bbox 696 2600 729 2636; x_wconf 86' lang='lat'>3.</span> <span class='ocrx_word' id='word_1_302' title='bbox 871 2601 894 2637; x_wconf 90' lang='lat'><strong>9</strong></span> <span class='ocrx_word' id='word_1_303' title='bbox 917 2593 1057 2627; x_wconf 77' lang='lat' dir='ltr'>Littera</span> <span class='ocrx_word' id='word_1_304' title='bbox 1073 2594 1145 2628; x_wconf 85' lang='lat' dir='ltr'>etc.</span> <span class='ocrx_word' id='word_1_305' title='bbox 1161 2604 1168 2627; x_wconf 92' lang='lat'><strong>:</strong></span> <span class='ocrx_word' id='word_1_306' title='bbox 1195 2602 1215 2627; x_wconf 92' lang='lat'>2</span> <span class='ocrx_word' id='word_1_307' title='bbox 1233 2590 1314 2627; x_wconf 91' lang='lat' dir='ltr'>Cor.</span> <span class='ocrx_word' id='word_1_308' title='bbox 1333 2590 1389 2626; x_wconf 90' lang='lat' dir='ltr'>iii.</span> <span class='ocrx_word' id='word_1_309' title='bbox 1407 2591 1439 2627; x_wconf 92' lang='lat'>6.</span> <span class='ocrx_word' id='word_1_310' title='bbox 1614 2601 1658 2626; x_wconf 91' lang='lat'>10</span> 
     </span>
     <span class='ocr_line' id='line_1_37' title="bbox 187 2636 1654 2685; baseline 0.002 -15"><span class='ocrx_word' id='word_1_311' title='bbox 187 2637 284 2671; x_wconf 77' lang='lat' dir='ltr'>iuris</span> <span class='ocrx_word' id='word_1_312' title='bbox 300 2636 398 2671; x_wconf 73' lang='lat' dir='ltr'>etc.2</span> <span class='ocrx_word' id='word_1_313' title='bbox 421 2647 452 2672; x_wconf 88' lang='lat' dir='ltr'>v.</span> <span class='ocrx_word' id='word_1_314' title='bbox 470 2636 559 2672; x_wconf 85' lang='lat' dir='ltr'>Ood.</span> <span class='ocrx_word' id='word_1_315' title='bbox 578 2636 709 2674; x_wconf 82' lang='lat' dir='ltr'>lustin.</span> <span class='ocrx_word' id='word_1_316' title='bbox 726 2637 750 2673; x_wconf 90' lang='lat' dir='ltr'>i.</span> <span class='ocrx_word' id='word_1_317' title='bbox 773 2647 816 2682; x_wconf 85' lang='lat'>14</span> <span class='ocrx_word' id='word_1_318' title='bbox 835 2636 853 2684; x_wconf 72' lang='grc' dir='ltr'><strong>ξ</strong></span> <span class='ocrx_word' id='word_1_319' title='bbox 877 2648 910 2674; x_wconf 92' lang='lat'>1.</span> <span class='ocrx_word' id='word_1_320' title='bbox 1032 2648 1073 2675; x_wconf 91' lang='lat'>12</span> <span class='ocrx_word' id='word_1_321' title='bbox 1100 2640 1291 2685; x_wconf 72' lang='lat' dir='ltr'>Accipiem</span> <span class='ocrx_word' id='word_1_322' title='bbox 1314 2641 1411 2674; x_wconf 87' lang='lat' dir='ltr'>etc.:</span> <span class='ocrx_word' id='word_1_323' title='bbox 1438 2637 1549 2675; x_wconf 85' lang='lat' dir='ltr'>Dent.</span> <span class='ocrx_word' id='word_1_324' title='bbox 1567 2637 1654 2673; x_wconf 85' lang='lat' dir='ltr'>xvii.</span> 
     </span>
     <span class='ocr_line' id='line_1_38' title="bbox 191 2684 1655 2735; baseline 0.001 -17"><span class='ocrx_word' id='word_1_325' title='bbox 191 2684 244 2718; x_wconf 86' lang='lat'>18.</span> <span class='ocrx_word' id='word_1_326' title='bbox 404 2684 447 2719; x_wconf 90' lang='lat'>16</span> <span class='ocrx_word' id='word_1_327' title='bbox 487 2685 837 2720; x_wconf 67' lang='lat' dir='ltr'>Christianissimum</span> <span class='ocrx_word' id='word_1_328' title='bbox 861 2687 1093 2735; x_wconf 69' lang='lat' dir='ltr'>principem:</span> <span class='ocrx_word' id='word_1_329' title='bbox 1136 2698 1184 2722; x_wconf 86' lang='lat' dir='ltr'>sc.</span> <span class='ocrx_word' id='word_1_330' title='bbox 1213 2685 1447 2722; x_wconf 86' lang='lat' dir='ltr'>Iustinianus</span> <span class='ocrx_word' id='word_1_331' title='bbox 1481 2688 1491 2726; x_wconf 89' lang='lat'><strong>(</strong></span> <span class='ocrx_word' id='word_1_332' title='bbox 1497 2697 1585 2727; x_wconf 91' lang='lat' dir='ltr'>non,</span> <span class='ocrx_word' id='word_1_333' title='bbox 1612 2688 1655 2721; x_wconf 88' lang='lat' dir='ltr'>ut</span> 
     </span>
     <span class='ocr_line' id='line_1_39' title="bbox 188 2728 1657 2779; baseline 0.001 -13"><span class='ocrx_word' id='word_1_334' title='bbox 188 2728 446 2766; x_wconf 85' lang='lat' dir='ltr'>Schaarschm.</span> <span class='ocrx_word' id='word_1_335' title='bbox 463 2731 540 2767; x_wconf 76' lang='lat' dir='ltr'>Ioh.</span> <span class='ocrx_word' id='word_1_336' title='bbox 557 2732 637 2767; x_wconf 85' lang='lat' dir='ltr'>Sar.</span> <span class='ocrx_word' id='word_1_337' title='bbox 655 2743 692 2777; x_wconf 90' lang='lat' dir='ltr'>p.</span> <span class='ocrx_word' id='word_1_338' title='bbox 712 2733 777 2768; x_wconf 85' lang='lat'>162</span> <span class='ocrx_word' id='word_1_339' title='bbox 795 2743 834 2767; x_wconf 91' lang='lat' dir='ltr'>n.</span> <span class='ocrx_word' id='word_1_340' title='bbox 850 2742 879 2768; x_wconf 86' lang='lat'>1.</span> <span class='ocrx_word' id='word_1_341' title='bbox 898 2733 1110 2779; x_wconf 84' lang='lat' dir='ltr'>suspicatus</span> <span class='ocrx_word' id='word_1_342' title='bbox 1134 2735 1201 2776; x_wconf 86' lang='lat' dir='ltr'>est,</span> <span class='ocrx_word' id='word_1_343' title='bbox 1220 2732 1430 2769; x_wconf 87' lang='lat' dir='ltr'>Ludovicus</span> <span class='ocrx_word' id='word_1_344' title='bbox 1446 2732 1520 2768; x_wconf 92' lang='lat' dir='ltr'>VII</span> <span class='ocrx_word' id='word_1_345' title='bbox 1546 2733 1657 2768; x_wconf 86' lang='lat' dir='ltr'>Fran-</span> 
     </span>
     <span class='ocr_line' id='line_1_40' title="bbox 189 2777 1658 2825; baseline 0.001 -12"><span class='ocrx_word' id='word_1_346' title='bbox 189 2786 318 2813; x_wconf 89' lang='lat' dir='ltr'>corum</span> <span class='ocrx_word' id='word_1_347' title='bbox 343 2778 446 2822; x_wconf 81' lang='lat' dir='ltr'>rex);</span> <span class='ocrx_word' id='word_1_348' title='bbox 474 2789 507 2812; x_wconf 88' lang='lat' dir='ltr'>v.</span> <span class='ocrx_word' id='word_1_349' title='bbox 533 2777 677 2814; x_wconf 90' lang='lat' dir='ltr'>Novell.</span> <span class='ocrx_word' id='word_1_350' title='bbox 702 2778 847 2815; x_wconf 81' lang='lat' dir='ltr'>lxxxiii.</span> <span class='ocrx_word' id='word_1_351' title='bbox 871 2790 884 2816; x_wconf 90' lang='lat'>1</span> <span class='ocrx_word' id='word_1_352' title='bbox 907 2782 1179 2824; x_wconf 77' lang='lat' dir='ltr'>(Authenticum</span> <span class='ocrx_word' id='word_1_353' title='bbox 1204 2780 1290 2816; x_wconf 90' lang='lat' dir='ltr'>coll.</span> <span class='ocrx_word' id='word_1_354' title='bbox 1306 2782 1340 2817; x_wconf 90' lang='lat'>6.</span> <span class='ocrx_word' id='word_1_355' title='bbox 1356 2779 1420 2816; x_wconf 85' lang='lat' dir='ltr'>tit.</span> <span class='ocrx_word' id='word_1_356' title='bbox 1443 2780 1500 2825; x_wconf 91' lang='lat'>11)</span> <span class='ocrx_word' id='word_1_357' title='bbox 1526 2782 1658 2816; x_wconf 83' lang='lat' dir='ltr'>Sacras</span> 
     </span>
    </p>

    <p class='ocr_par' dir='ltr' id='par_1_13' title="bbox 188 2825 1510 2874">
     <span class='ocr_line' id='line_1_41' title="bbox 188 2825 1510 2874; baseline 0.003 -15"><span class='ocrx_word' id='word_1_358' title='bbox 188 2829 221 2860; x_wconf 78' lang='lat' dir='ltr'>et</span> <span class='ocrx_word' id='word_1_359' title='bbox 237 2825 388 2860; x_wconf 76' lang='lat' dir='ltr'>diuinas</span> <span class='ocrx_word' id='word_1_360' title='bbox 403 2825 545 2870; x_wconf 73' lang='lat' dir='ltr'>reyulas</span> <span class='ocrx_word' id='word_1_361' title='bbox 560 2837 649 2872; x_wconf 71' lang='lat' dir='ltr'>quae</span> <span class='ocrx_word' id='word_1_362' title='bbox 663 2827 771 2862; x_wconf 81' lang='lat' dir='ltr'>etiam</span> <span class='ocrx_word' id='word_1_363' title='bbox 786 2831 927 2863; x_wconf 74' lang='lat' dir='ltr'>nostrae</span> <span class='ocrx_word' id='word_1_364' title='bbox 943 2829 1043 2874; x_wconf 67' lang='lat' dir='ltr'>sequi</span> <span class='ocrx_word' id='word_1_365' title='bbox 1058 2839 1131 2864; x_wconf 84' lang='lat' dir='ltr'>non</span> <span class='ocrx_word' id='word_1_366' title='bbox 1148 2829 1395 2874; x_wconf 64' lang='lat' dir='ltr'>dedignantur</span> <span class='ocrx_word' id='word_1_367' title='bbox 1409 2829 1510 2874; x_wconf 72' lang='lat' dir='ltr'>leyes.</span> 
     </span>
    </p>
   </div>
   <div class='ocr_carea' id='block_1_6' title="bbox 1479 2901 1544 2935">
    <p class='ocr_par' dir='ltr' id='par_1_14' title="bbox 1479 2901 1544 2935">
     <span class='ocr_line' id='line_1_42' title="bbox 1479 2901 1544 2935; baseline 0.015 -10"><span class='ocrx_word' id='word_1_368' title='bbox 1479 2901 1544 2935; x_wconf 79' lang='lat'>251</span> 
     </span>
    </p>
   </div>
  </div>
 </body>
</html>
