1994 3236
856 194 1308 240 PROLEGOMENA

347 309 789 356 Praevrwmtratcmi
813 309 967 355 Isibris
988 309 1205 355 undeebm
1227 323 1259 353 a
1281 309 1394 354 Mro.
1422 307 1661 354 Ludouico
1691 308 1809 353 Gou-

347 381 438 425 tier
470 380 711 437 bibliopola
743 379 1018 424 Pavisicnsi.
1091 380 1224 424 Sexta
1258 379 1334 423 dic
1369 378 1536 423 martii
1569 393 1649 422 an.
1686 379 1810 421 1661.

349 450 594 508 Suppresso
626 449 893 493 monasterio
932 448 1358 492 Praemonstratensi
1406 448 1455 491 in
1499 447 1813 491 bibliothecam

349 520 705 564 Suessionensem
752 519 974 577 publicam
1013 518 1220 562 translati
1263 520 1370 561 sunt
1417 517 1586 561 codices
1625 517 1673 559 in
1719 517 1814 560 eius

348 589 616 633 bibliotheca
634 588 820 632 inuenti.
870 588 926 631 In
946 587 1023 631 fol.
1041 601 1068 645 3
1087 601 1224 630 manu
1245 587 1407 630 saeculi
1427 601 1490 630 xv
1511 587 1641 643 (quae
1660 585 1813 629 eadem

349 657 485 701 etiam
504 657 553 700 in
567 657 643 701 fol.
665 657 750 715 346
770 656 987 714 scripsit):
1018 656 1306 700 Laurcncius
1319 655 1528 699 Suweau
1547 655 1604 698 in
1623 658 1815 711 utroque

349 727 456 771 iure
504 726 771 771 licenciatus
815 726 868 770 dc
912 725 994 769 hac
1040 725 1228 769 ciuitate
1275 725 1508 769 oriundus
1554 722 1816 768 Canonicus

349 796 698 853 rothomayc‘nsis
737 795 861 839 dedit
899 799 939 839 et
978 794 1150 852 leyauit
1189 794 1246 838 i‘n
1288 809 1370 838 suo
1409 796 1668 837 testamento
1707 792 1814 836 huic

349 864 606 910 venerabili
635 864 799 909 ecclesie
826 863 1062 908 senonensi
1090 863 1212 908 ku‘nc
1241 862 1417 907 librum
1450 862 1623 906 talibus
1651 861 1815 905 adiecit

351 936 388 992 (ἲ
401 934 602 991 adiectis)
636 932 981 977 condicionibus
1011 933 1132 990 quod
1165 932 1223 976 in
1255 932 1337 976 hac
1372 931 1572 976 libraria
1599 934 1816 988 perpetuo

350 1003 583 1061 qumdiu
602 1001 793 1047 durabit
821 1001 1023 1046 ‘manebit
1051 1002 1372 1046 incatkcmztws
1390 1016 1469 1045 mc
1482 1001 1650 1058 poterit
1670 999 1817 1044 uendi

350 1077 437 1118 ‹mt
456 1072 754 1130 quouis‘mbdo
772 1071 973 1116 alienari
996 1086 1073 1116 ‘nec
1086 1071 1290 1129 prestari
1312 1075 1397 1116 aut
1422 1075 1549 1115 eaetra
1567 1069 1816 1114 librariam

347 1141 465 1199 poni
493 1141 591 1186 nisi
619 1141 677 1185 in
705 1140 926 1185 eminenti
949 1140 1157 1196 periculo
1185 1144 1226 1184 ct
1250 1154 1336 1197 pro
1364 1140 1539 1184 maiori
1568 1139 1814 1183 securitate.

353 1209 488 1255 Orate
510 1225 600 1268 pro
629 1225 676 1254 eo
705 1214 760 1254 ut
789 1209 1012 1254 celestibus
1043 1224 1095 1253 ac
1124 1209 1358 1267 perpetuis
1381 1210 1582 1267 fmatur
1611 1208 1815 1265 yawdiis.

353 1280 531 1324 Desinit
553 1279 856 1323 Policraticus
875 1278 923 1320 in
943 1277 1019 1322 fol.
1041 1290 1139 1336 322.
1187 1278 1242 1321 In
1263 1278 1415 1322 eodem
1436 1277 1544 1322 folio
1563 1291 1699 1320 manu
1723 1291 1818 1320 sae-

352 1350 442 1394 culi
466 1349 545 1393 xiv
568 1349 779 1406 adscripti
800 1351 906 1391 sunt
920 1348 1126 1392 uersiculi
1146 1362 1256 1405 quos
1275 1347 1324 1390 in
1342 1347 1597 1406 Appendice
1616 1346 1665 1389 II
1684 1346 1816 1390 edidi.

355 1419 520 1462 Eadem
538 1433 707 1469 manus,
726 1417 813 1461 nisi
834 1417 976 1471 fallor,
996 1417 1044 1459 in
1063 1417 1263 1474 margine
1281 1417 1441 1461 codicis
1466 1431 1627 1460 nomen
1650 1415 1817 1459 Catulli

355 1487 604 1531 Parmensis
637 1486 711 1545 (de
742 1501 830 1544 quo
860 1486 961 1529 uide
997 1487 1020 1544 ξ
1051 1495 1078 1541 5
1111 1486 1249 1544 infra)
1281 1486 1555 1543 aliorumque
1586 1488 1817 1529 auctorum

355 1557 540 1601 addidit.
612 1556 824 1614 Sequitur
858 1570 997 1613 usque
1030 1555 1087 1599 ad
1122 1555 1197 1599 fol.
1234 1569 1318 1614 339
1355 1555 1490 1599 index
1525 1558 1571 1599 et
1604 1554 1816 1612 capitulo-

354 1641 456 1670 rum
495 1626 662 1679 tabula,
702 1625 816 1669 alter
853 1639 989 1668 manu
1028 1625 1191 1669 saeculi
1236 1625 1331 1676 xiii,
1368 1625 1509 1669 altera
1547 1627 1601 1668 ut
1637 1623 1818 1668 uidetur

355 1710 492 1740 manu
523 1695 685 1739 saeculi
718 1695 810 1738 xiv.
880 1693 1086 1738 Codicem
1120 1694 1152 1738 S
1183 1696 1328 1738 totum
1360 1694 1540 1747 contuli,
1570 1694 1735 1751 partim
1770 1693 1818 1735 in

356 1765 622 1809 bibliotheca
652 1765 749 1822 ipsa
778 1763 1094 1816 Suessionensi,
1128 1764 1205 1807 ubi
1239 1778 1310 1807 me
1347 1778 1436 1807 non
1467 1763 1602 1807 semel
1634 1763 1819 1807 comiter

356 1833 532 1891 excepit
557 1833 760 1877 dominus
789 1833 931 1877 Judas
960 1835 1138 1877 curator
1165 1833 1369 1891 optimus,
1395 1833 1559 1891 partim
1588 1832 1636 1875 in
1664 1831 1819 1875 biblio·

357 1903 487 1947 theca
535 1902 785 1953 Bodleiana,
832 1917 920 1959 quo
965 1916 1066 1946 eum
1115 1902 1294 1946 mittere
1339 1905 1392 1946 ut
1442 1902 1700 1960 inspicerem
1749 1901 1819 1945 bis

357 1972 597 2016 uoluerunt
615 1972 701 2015 uiri
729 1972 893 2030 egregii
922 1972 1001 2015 Rei
1024 1971 1230 2016 Publicae
1255 1971 1607 2030 Francogallicae
1631 1970 1818 2014 admini-

357 2044 581 2092 stratores,
621 2041 783 2098 quibus
828 2044 1009 2098 propter
1056 2044 1229 2085 tantam
1272 2041 1604 2085 beneficentiam
1651 2039 1820 2098 gratias

358 2111 531 2155 debitas
557 2110 723 2154 referre
751 2110 902 2163 iuuat;
941 2125 1021 2154 nec
1044 2110 1226 2154 minoris
1253 2110 1438 2154 aestimo
1467 2109 1819 2153 beneuolentiam

358 2180 484 2225 cuius
504 2179 760 2223 interuentu
779 2178 1093 2222 liberalitatem
1122 2179 1243 2222 illam
1271 2179 1463 2236 experiri
1490 2178 1599 2222 mihi
1619 2178 1820 2235 contigit,

359 2263 510 2294 eorum
540 2249 706 2293 scilicet
730 2249 891 2306 quibus
911 2249 1029 2307 apud
1059 2263 1139 2292 nos
1166 2262 1313 2292 rerum
1340 2251 1592 2292 exterarum
1616 2247 1724 2291 data
1752 2250 1821 2291 est

358 2317 622 2378 procuratio.

418 2384 969 2445 M(Ma1meeburiensis)=
985 2387 1109 2431 Bodl.
1125 2386 1219 2431 cod.
1231 2386 1324 2430 MS.
1341 2386 1514 2431 Barlow
1532 2388 1571 2431 6.
1603 2387 1819 2431 Membra—

359 2471 520 2501 naceus
542 2459 611 2500 est
629 2456 765 2501 codex
786 2470 894 2501 saec.
917 2455 981 2499 xii
1006 2457 1052 2499 in
1071 2458 1159 2510 4‘⁰;
1191 2456 1300 2499 folia
1320 2469 1403 2512 209
1432 2456 1579 2501 habet.
1637 2456 1821 2500 Litteris

360 2525 609 2571 initialibus
629 2526 770 2570 nitide
797 2526 1059 2570 illuminatis
1079 2530 1125 2570 et
1150 2526 1321 2570 auratis
1346 2525 1523 2583 gaudet.
1580 2525 1820 2571 Policrati-

359 2610 467 2641 owm
485 2595 695 2641 continet.
754 2594 809 2638 In
831 2595 904 2640 fol.
927 2608 1035 2651 209:
1060 2595 1259 2652 Explicit
1280 2594 1580 2640 Policraticus
1594 2610 1678 2652 por
1695 2596 1819 2640 Salo-

359 2679 540 2710 monem
565 2664 646 2709 mab
667 2663 834 2709 Abbato
859 2664 1045 2709 Roberto
1065 2664 1146 2709 II:
1178 2664 1204 2709 i.
1217 2679 1252 2709 e.
1277 2663 1468 2708 Roberto
1497 2664 1551 2708 de
1576 2664 1820 2717 Meleduno‚

360 2735 438 2794 qui
477 2734 614 2778 abbas
653 2733 1055 2778 Malmesburiensis
1093 2748 1128 2779 a.
1171 2734 1276 2790 1187
1318 2733 1587 2778 constitutus
1625 2749 1663 2777 a.
1710 2746 1820 2792 1205

362 2818 616 2863 supremum
664 2803 781 2847 diem
830 2803 952 2848 obiit.
1031 2802 1086 2847 In
1136 2802 1245 2848 folio
1291 2802 1431 2848 codici
1489 2803 1686 2861 praefixo
1735 2804 1820 2850 hac

476 2887 555 2917 xiv
