1994 3236
685 181 1135 226 PROLEGOMENA

177 300 297 344 infra
325 300 374 343 in
407 298 498 356 §5)
531 298 744 342 historiae
778 297 834 340 de
866 296 1051 341 Chilone
1084 297 1099 339 i
1121 305 1147 350 5
1179 300 1386 340 narratae
1415 299 1640 341 auctorem

175 370 294 421 citat.
368 367 439 413 cf.
468 367 663 423 Gataloy.
691 366 814 410 codd.
841 366 1100 411 latinorwm
1120 365 1220 410 bibl.
1242 380 1327 424 req.
1359 366 1642 412 Monacensis

176 438 341 483 Monac.
362 451 400 481 a.
426 437 536 493 1892
559 436 668 479 editi
687 438 720 479 t.
741 435 757 478 i
777 449 818 493 p.
844 436 940 488 164.

865 557 947 613 §3-

230 642 494 686 Prodierunt
513 640 783 685 Policratici
802 641 1018 684 editiones
1037 644 1232 699 septem:

232 712 295 768 (α)
326 712 476 755 Editio
509 711 713 768 princeps
748 710 842 754 sine
876 725 993 754 anno
1028 711 1100 754 uel
1135 710 1229 754 loco
1259 711 1330 754 uel
1366 712 1636 769 typographi

171 781 347 825 nomine
372 780 567 825 indicato
593 780 640 822 in
668 779 776 823 folio
801 779 990 837 prodiit;
1014 794 1070 823 ex
1090 780 1149 823 M.
1172 780 1226 823 de
1251 780 1294 824 la
1321 780 1364 824 S.
1386 780 1638 824 Santander

173 849 403 906 (Biblioy‘r.
432 850 500 894 du
525 849 574 892 X
578 848 633 892 1⁷⁶
661 848 785 892 siecle
819 862 930 893 1210
959 852 990 892 t.
1021 849 1070 892 iii
1098 864 1138 906 p.
1166 850 1270 908 340)
1299 850 1535 903 sententia,
1564 853 1636 895 cui

68 943 75 951 ·
170 919 419 964 assentiunt
450 919 499 963 F.
526 919 577 962 A.
610 918 747 962 Ebert
772 917 981 976 (Allyem.
1013 918 1234 976 Biblioyr.
1259 918 1359 963 Lex.
1391 921 1530 962 10816
1562 925 1592 964 t.
1621 922 1635 964 i

169 1002 242 1047 pp.
265 989 363 1042 884,
386 988 487 1045 885)
513 988 561 1032 L.
581 988 704 1031 Hain
735 987 924 1046 (Repert.
950 987 1163 1046 Biblioyr.
1185 988 1339 1045 *9430,
1361 992 1392 1032 t.
1414 990 1446 1032 ii
1470 1004 1510 1047 p.
1536 993 1635 1046 162)

169 1060 216 1101 et
241 1056 288 1102 C.
319 1057 679 1101 Schaarschmidt
707 1057 819 1114 (ΙοΙι.
852 1056 1022 1103 Saresb.
1050 1072 1093 1115 p.
1122 1058 1233 1116 283),
1263 1058 1486 1102 Bruxellis
1514 1060 1634 1116 apud

169 1126 346 1170 Fratres
391 1126 523 1170 Vitae
573 1125 831 1170 Communis
883 1126 954 1180 (de
1003 1142 1191 1185 quorum
1235 1128 1535 1185 typographia
1577 1130 1632 1172 cf.

168 1195 379 1239 Santand.
414 1210 484 1253 op.
525 1210 660 1253 supra
698 1196 771 1241 cit.
813 1196 828 1239 i
868 1210 941 1254 pp.
982 1198 1067 1254 356
1106 1196 1243 1254 seqq.)
1282 1198 1398 1241 circa
1436 1212 1476 1242 a.
1522 1201 1632 1254 1476

167 1264 378 1322 impressa
411 1268 489 1309 est.
549 1265 697 1308 Huius
725 1265 932 1309 editionis
962 1266 1189 1323 exemplar
1218 1281 1351 1324 penes
1381 1282 1451 1310 me
1480 1267 1631 1318 habeo,

167 1334 283 1392 quod
309 1334 414 1378 olim
440 1349 497 1378 ex
525 1335 650 1378 libris
680 1334 770 1378 fuit
801 1335 962 1379 Tobiae
988 1336 1204 1379 Matthew
1230 1336 1434 1394 Episcopi
1462 1336 1631 1379 Dunel-

166 1404 328 1448 mensis
369 1404 461 1462 (qui
501 1407 655 1462 postea
699 1405 1067 1463 Archiepiscopus
1108 1405 1396 1449 Eboracensis
1434 1421 1472 1449 a.
1520 1406 1629 1450 1628

165 1487 416 1531 supremum
451 1474 567 1518 diem
602 1474 743 1530 obiit),
770 1478 816 1518 et
845 1489 872 1518 a
901 1475 948 1521 J.
973 1474 1218 1529 Faulkner,
1248 1490 1277 1528 4
1306 1475 1454 1529 Queen
1478 1477 1630 1529 Sti-eet,

165 1541 298 1586 Dittle
314 1541 463 1586 Tower
478 1543 580 1587 Hill
595 1544 642 1586 in
658 1558 768 1588 saec.
787 1545 866 1587 xix
886 1544 1036 1602 pulcre
1057 1545 1133 1588 sed
1154 1560 1242 1588 non
1263 1545 1357 1588 sine
1378 1546 1631 1603 marginum

165 1611 464 1656 deminutione
484 1613 672 1670 ligatum
688 1617 767 1657 est.
808 1613 863 1657 In
880 1614 1072 1658 editione
1092 1615 1289 1672 principe
1310 1618 1410 1672 post
1425 1614 1482 1657 ad
1497 1615 1627 1658 lecto-

164 1694 256 1724 rem
276 1695 416 1739 pauca
435 1682 508 1725 fol.
534 1696 553 1725 1
579 1697 708 1727 uerso
731 1683 786 1727 de
806 1684 903 1726 uita
929 1684 1191 1741 scriptisque
1218 1684 1401 1727 Ioannis
1427 1685 1629 1742 sequitur

163 1750 355 1808 primum
375 1751 465 1795 foll.
487 1764 596 1809 2-31
624 1753 759 1796 index
778 1753 932 1797 ordine
956 1754 1233 1811 alphabetico
1254 1754 1509 1804 instructus,
1530 1758 1627 1797 tum

163 1818 424 1864 Entheticus
452 1820 680 1866 Iohannis
703 1822 897 1879 episcopi
919 1822 1206 1867 Oarnotensis
1232 1823 1294 1867 ad
1314 1823 1628 1881 policratico‘ti,

163 1887 350 1946 denique
369 1890 463 1947 ipse
482 1889 797 1943 Policraticus,
816 1892 892 1949 qui
915 1892 961 1935 in
983 1892 1056 1936 fol.
1079 1893 1134 1950 38
1155 1893 1324 1950 incipit.
1374 1893 1444 1936 Ad
1464 1893 1626 1936 calcem

161 1956 425 2010 Policratioi
450 1958 527 2004 fol.
557 1971 639 2016 247
671 1960 802 2004 Finit
833 1976 945 2018 opus
966 1962 1234 2018 preclarum
1259 1963 1312 2006 de
1336 1963 1475 2020 nuyis
1501 1964 1627 2007 curi-

161 2027 312 2071 alium
334 2032 374 2072 et
396 2028 601 2086 uestigiis
613 2030 984 2088 philosophorum
1003 2032 1137 2076 cuius
1163 2032 1381 2077 iohannes
1399 2033 1624 2076 salesberi-

161 2098 278 2142 ensis
306 2102 429 2143 actor
446 2099 563 2157 suit.
636 2100 825 2144 Restant
856 2100 965 2145 folia
996 2103 1084 2145 tria
1115 2089 1227 2160 cinae
1262 2103 1418 2160 implet
1447 2117 1624 2146 carmen

161 2167 216 2211 de
243 2168 450 2211 membris
479 2169 672 2227 corporis
701 2170 914 2214 aduersus
943 2173 1218 2215 stomachum
1253 2172 1622 2229 conspirantibus,

160 2238 213 2280 ut
230 2236 372 2280 locum
392 2237 556 2282 Polior.
578 2238 625 2281 vi
648 2252 704 2292 24
730 2239 976 2284 illustraret
995 2241 1258 2284 adhibitum.
1319 2242 1415 2285 Hoc
1435 2257 1623 2292 carmen,

161 2319 411 2364 quanquam
438 2307 577 2364 ipsius
606 2308 786 2352 Ioannis
817 2325 909 2353 esse
935 2325 1022 2354 non
1053 2311 1299 2368 profitetur,
1324 2315 1475 2354 tamen
1506 2312 1623 2355 inter

163 2374 257 2432 eius
275 2390 408 2433 opera
428 2377 568 2420 edidit
586 2377 628 2421 J.
649 2368 776 2422 Giles'
789 2379 836 2422 in
857 2380 922 2423 ed.
941 2380 976 2433 i,
996 2380 1050 2423 de
1071 2395 1159 2437 qua
1183 2380 1313 2424 infra.

219 2444 278 2503 (b)
308 2445 442 2492 Paris.
481 2457 593 2504 1513
628 2448 676 2490 in
705 2450 778 2502 4²⁰.
832 2449 887 2491 In
916 2448 1064 2493 fronte
1094 2450 1361 2494 Polioratiei
1391 2451 1620 2494 Contenta.

159 2512 393 2558 Festiuum
427 2530 539 2573 opus
553 2531 568 2560 .·
610 2521 649 2560 et
688 2518 818 2561 omni
848 2519 990 2562 statui
1025 2519 1275 2563 delectabile
1313 2520 1426 2563 lectu
1436 2536 1452 2563 .·
1502 2521 1621 2577 quod

159 2580 435 2627 intitulatur
461 2585 790 2630 Policratieum
814 2586 879 2630 De
907 2586 1049 2643 nuyis
1068 2588 1326 2631 curialium
1349 2593 1387 2631 et
1414 2589 1621 2645 uestiqiis

156 2649 524 2708 philosophorum
568 2654 765 2699 Ioannis
810 2655 1151 2700 Salesberiensis
1192 2657 1439 2701 doctissimi
1483 2659 1589 2700 uiri
1606 2672 1621 2702 .·

160 2720 385 2776 memplar
415 2723 539 2766 unde
573 2739 784 2768 excusum
816 2729 874 2768 est
908 2726 1329 2770 emendatissimum
1358 2731 1397 2770 et
1425 2732 1617 2770 annota-

161 2786 359 2832 tionibus
378 2791 717 2848 maryinalibus
744 2793 965 2838 adiutum
978 2807 993 2838 .·
1013 2798 1242 2851 prestante
1270 2799 1310 2839 et
1339 2795 1618 2840 emissionem

224 2878 320 2901 vnn
341 2880 356 2901 1
873 2877 896 2906 0
1406 2879 1502 2906 xvu
