1994 3190
204 173 306 207 oAP.
321 160 444 222 xxn]
720 161 1160 207 POLICRATICVS

195 281 448 332 arbitrium,
478 281 584 324 dum
614 287 624 304 ‘
637 281 674 324 si
706 281 938 324 uolueritis
951 282 961 298 '
990 285 1036 325 et
1066 288 1076 305 ‘
1089 282 1127 325 si
1156 282 1388 327 nolueritis
1401 284 1411 300 '
1442 284 1592 328 dicens
1621 285 1669 328 in

200 353 435 406 utramque
462 353 634 406 partem
663 365 753 392 non
783 365 840 392 ex
869 350 1032 394 iudicio
1057 351 1371 395 irretractabili
1399 353 1552 396 fatoue
1583 353 1668 397 Dei

199 419 276 463 sed
306 434 362 462 ex
390 419 550 461 merito
579 419 855 476 singulorum
890 420 1094 462 omnibus
1128 435 1287 477 penam
1319 423 1391 465 uel
1421 425 1668 479 praemium

159 491 162 494 ’
198 489 480 546 repromittit.
541 489 668 531 Esset
702 489 857 545 utique
888 488 936 530 in
971 489 1249 532 uoluntatem
1284 492 1445 535 collata
1474 493 1669 536 conditio

159 574 178 608 5
197 557 475 614 promerendi
500 557 684 608 inutilis,
704 557 742 600 si
769 557 962 600 faciendi
991 558 1063 600 uel
1095 573 1184 601 non
1213 558 1405 602 faciendi
1432 562 1669 605 necessitas

197 630 313 671 esset
350 626 657 684 prouidentiae
695 627 768 670 uel
809 626 1006 670 fatorum
1045 628 1235 671 nexibus
1275 629 1459 686 illigata.
1540 631 1668 683 Quod

196 696 235 740 si
274 696 396 739 istud
435 711 524 739 non
563 695 726 739 sufficit
763 696 1062 747 contentiosis,
1097 711 1156 739 an
1199 713 1289 741 non
1322 713 1378 741 ex
1413 700 1668 756 euangelico

195 766 450 808 testimonio
476 768 652 822 poterat
683 765 730 807 in
757 765 959 822 passione
985 766 1125 809 Filius
1151 781 1308 824 rogare
1336 767 1512 810 Patrem
1538 782 1668 810 suum

195 836 248 878 ut
289 834 518 878 exhiberet
552 834 592 877 ei
627 834 863 891 plusquam
903 834 1134 878 duodecim
1169 835 1364 892 legiones
1397 837 1667 893 angelorum,

137 923 179 947 10
197 918 297 948 cum
327 907 476 947 tamen
506 903 675 960 liqueat
704 917 760 946 ex
789 906 890 960 post
920 903 1040 947 facto
1070 918 1160 947 non
1190 905 1284 956 hoc,
1309 905 1386 948 sed
1416 906 1668 962 oppositum

195 973 303 1026 eius,
338 973 455 1030 quod
489 972 688 1030 contigit,
721 971 858 1016 fuisse
890 973 1130 1029 prouisum.
1203 974 1298 1018 Nec
1337 975 1667 1032 perspicacioris

194 1042 362 1100 ingenii
396 1044 574 1085 moueat
606 1055 796 1092 sensum,
827 1041 865 1084 si
901 1042 948 1084 in
983 1045 1136 1086 tantae
1171 1044 1418 1086 maiestatis
1452 1045 1666 1088 scrutinio

193 1111 407 1168 exemplis
436 1110 674 1160 deficimus,
708 1125 788 1154 nec
818 1111 1066 1154 rationibus
1096 1112 1418 1163 habundamus,
1452 1128 1553 1156 cum
1588 1115 1664 1157 ad-

194 1180 473 1223 mirationem
500 1180 616 1223 ratio
645 1180 775 1222 tollat
802 1183 848 1222 et
874 1181 1177 1238 exemplorum
1203 1182 1403 1225 inductio
1429 1182 1665 1240 singulari-

135 1265 175 1300 15
194 1253 333 1294 tatem
361 1249 580 1293 excludat.
632 1250 736 1307 Ipsa
755 1264 862 1292 uero
883 1250 1095 1293 ineffabili
1117 1252 1429 1309 singularitate
1449 1254 1667 1297 mirabilis

194 1322 240 1363 et
259 1319 452 1362 mirabili
473 1318 771 1362 immensitate
791 1319 1030 1376 singularis
1055 1335 1229 1363 omnem
1251 1336 1428 1365 sensum
1450 1326 1667 1379 exuperat

192 1403 282 1432 non
311 1388 441 1431 modo
476 1388 705 1431 hominum
740 1388 816 1431 sed
851 1389 1122 1446 angelorum.
1187 1390 1289 1434 Scio
1323 1392 1527 1448 equidem
1560 1393 1666 1448 quia

192 1460 414 1501 scrutator
455 1456 702 1500 maiestatis
740 1458 1017 1515 opprimetur
1055 1474 1083 1502 a
1128 1458 1283 1516 gloria,
1322 1466 1368 1504 et
1418 1476 1475 1504 ex
1521 1462 1666 1505 edicto

193 1526 412 1570 Altissimi
447 1526 647 1577 bestiam,
677 1527 715 1569 si
750 1530 945 1570 montem
978 1529 1191 1586 tetigerit,
1221 1530 1444 1588 lapidibus
1476 1532 1665 1574 obruen-

134 1612 177 1637 20
194 1596 309 1640 dam.
366 1596 494 1639 Vnde
519 1611 630 1653 quae
651 1597 698 1639 in
723 1597 889 1640 talibus
913 1604 1259 1655 praeponuntur,
1280 1601 1375 1644 sine
1396 1601 1665 1658 praeiudicio

192 1667 423 1710 meliorum
470 1666 784 1723 inuestigantis
828 1667 977 1710 animo
1026 1670 1174 1725 potius
1220 1670 1340 1714 dicta
1384 1675 1491 1714 sunt
1530 1686 1663 1728 quam

191 1735 426 1779 temeraria
476 1735 757 1779 contentione
806 1736 862 1778 ad
913 1737 1297 1794 impugnationem
1347 1741 1443 1783 ueri
1493 1740 1663 1797 aliquid

191 1805 440 1848 statuentis.
515 1804 603 1848 Sed
646 1819 726 1848 nec
771 1805 883 1848 illud
932 1821 1003 1849 me
1049 1808 1159 1850 scire
1199 1809 1421 1859 confiteor,
1460 1824 1540 1853 cur
1582 1810 1664 1853 hoc

191 1873 426 1931 reprobato
446 1873 583 1916 alium
603 1874 905 1931 praeelegerit,
925 1875 1011 1918 nisi
1033 1877 1150 1932 quod
1171 1892 1270 1920 cum
1296 1878 1500 1935 patribus
1520 1879 1664 1922 sentio

134 1941 241 1992 25111
275 1942 352 1986 illo
385 1942 600 1986 occultam
636 1943 719 1986 Dei
741 1944 959 1986 iustitiam
992 1946 1302 1997 uenerandam,
1332 1947 1380 1989 in
1410 1948 1491 1990 hoc
1522 1948 1660 1990 mani·

193 2010 353 2055 festam
373 2011 543 2068 gratiae
570 2012 913 2056 misericordiam
941 2014 1304 2071 amplectendam.
1364 2016 1483 2058 Nam
1508 2020 1554 2059 et
1578 2017 1663 2066 ille,

192 2080 268 2138 qui
298 2085 453 2139 raptus
483 2082 539 2124 ad
564 2083 748 2125 tertium
779 2083 921 2126 celum
949 2084 1125 2127 audiuit
1154 2086 1348 2128 archana
1374 2086 1523 2138 uerba,
1549 2101 1662 2143 quae

190 2163 280 2192 non
314 2150 417 2193 licet
450 2151 619 2194 homini
654 2151 786 2208 loqui,
821 2152 955 2194 huius
989 2153 1263 2197 difficultatis
1298 2155 1536 2198 articulum
1571 2171 1661 2199 non

192 2222 284 2261 tam
333 2220 572 2263 discutiens
619 2236 751 2277 quam
799 2222 1026 2265 admirans
1069 2223 1354 2266 altitudinem
1398 2224 1661 2267 diuitiarum

133 2301 176 2334 30
193 2288 433 2345 sapientiae
473 2292 518 2332 et
552 2289 768 2345 scientiae⁴
800 2291 883 2334 Dei
919 2291 1193 2335 confessione
1228 2293 1387 2335 humili
1423 2298 1661 2337 ueneratus

192 2356 355 2400 iudicia
389 2358 482 2401 eius
521 2358 981 2416 incomprehensibilia
1020 2365 1065 2405 et
1100 2362 1198 2406 uias
1233 2363 1662 2420 imperuestigabiles

193 2439 286 2468 esse
319 2428 590 2483 pronuntiat.
663 2429 840 2473 Incerta
875 2434 920 2474 et
954 2432 1126 2475 occulta
1168 2433 1413 2490 sapientiae
1454 2434 1549 2486 Dei,
1583 2435 1659 2491 qui

196 2548 239 2584 13
263 2539 496 2577 abundamus
513 2542 544 2577 B

241 2642 263 2678 8
287 2653 412 2699 roqare
427 2645 521 2680 et0.:
547 2644 657 2682 Matt.
675 2646 772 2701 xin.
795 2655 847 2693 53.
988 2649 1030 2685 18
1054 2655 1237 2687 scrutator
1250 2652 1348 2688 etc.:
1374 2650 1479 2687 Prov.
1500 2663 1581 2687 xxv.
1599 2661 1656 2696 27.

196 2698 241 2771 lp
261 2690 413 2772 20321ωὲ
427 2693 517 2727 etc.:
539 2703 573 2774 lv.
594 2693 687 2747 Heb.
706 2705 770 2762 xn.
788 2705 856 2748 ²05
882 2694 931 2748 cf:
950 2694 1017 2732 Ex.
1034 2696 1109 2750 xix.
1127 2708 1179 2743 13.
1311 2708 1357 2743 24
1375 2711 1456 2752 cam
1468 2701 1658 2744 patribus:

195 2747 215 2772 c
234 2763 242 2772 .
296 2747 356 2782 ug.
408 2749 471 2783 pp.
491 2749 536 2774 cx
555 2750 604 2775 xx.
625 2743 643 2786 ᾗ
663 2751 707 2776 22
721 2769 730 2785 ,
765 2753 880 2795 cxciv.
911 2746 928 2789 ς
959 2752 977 2788 5
1005 2743 1151 2791 (M1gne
1173 2746 1213 2782 P.
1231 2747 1274 2780 L.
1297 2757 1431 2780 xxxin.
1451 2749 1534 2791 639,
1561 2748 1657 2789 876).

195 2784 253 2826 26,
264 2792 308 2828 27
326 2785 386 2820 ille
398 2787 461 2830 qui
470 2787 540 2822 etc.
556 2798 565 2824 ε
583 2798 616 2822 v.
631 2797 652 2823 2
667 2787 749 2824 Cor.
762 2799 826 2824 xn.
843 2800 875 2833 2,
889 2800 924 2835 4.
1000 2801 1046 2838 29
1063 2794 1291 2828 altitudinem
1303 2795 1374 2829 etc.
1389 2806 1398 2828 ε
1417 2794 1521 2829 Rom.
1538 2793 1586 2829 xi.
1601 2803 1656 2839 35.

1488 2874 1550 2908 127

1685 173 1812 216 4⁵2²

1683 1049 1712 1088 b

1682 1894 1706 1923 c
