1994 3190
192 219 296 253 cn.
312 203 424 267 vm]
716 203 1153 250 POLICRATICVS
1675 211 1767 254 *405
1785 213 1810 253 ,ο

196 327 354 385 gratia,
373 326 479 375 siue,
500 324 618 382 quod
637 325 814 381 turpius
834 326 913 374 est,
933 324 1149 366 ebrietate
1169 323 1241 366 uel
1262 323 1477 381 crapula?
1508 323 1666 366 Artem

196 397 351 453 utique
371 394 686 452 elegantiorem
706 394 858 437 docuit
880 393 1088 436 Flaccus:
1121 409 1126 412 ·

311 525 522 566 trananto
550 520 757 572 Tiberim,
786 534 970 576 sompno
1001 519 1162 576 quibus
1191 522 1259 562 est
1288 462 1398 576 ἓξιξε
1410 466 1533 563 ᾚξὲ

159 612 179 646 5
197 592 276 636 Ait
303 605 475 648 quoque
495 590 798 634 concionator:
829 589 984 632 Dulcis
1011 591 1079 631 est
1106 602 1317 644 sompnus
1337 589 1552 644 operanti,
1573 589 1668 631 siue

158 651 162 659 ⁴
196 675 354 720 parum
384 660 478 703 siue
505 659 697 702 multum
723 658 935 702 comedat.
997 657 1271 700 Exercitatio
1301 657 1519 713 siquidem
1548 658 1669 714 parit

191 733 243 774 >et
269 730 352 773 alit
375 729 538 786 quietis
564 729 770 786 gratiam,
794 743 906 785 quae
931 727 1012 770 otii
1039 726 1372 770 continuatione
1403 730 1448 768 et
1476 727 1669 782 quodam

197 798 383 842 inertiae
411 810 516 840 suae
547 811 743 840 marcore
770 797 1015 854 perimitur.
1076 796 1241 852 Vtique
1268 795 1315 837 in
1346 794 1575 837 desideriis
1603 798 1671 837 est

196 868 340 912 omnis
369 867 547 917 otiosus,
579 881 679 910 cum
710 869 757 909 et
785 866 988 909 otiositas
1027 866 1207 908 inimica
1237 865 1298 908 sit
1330 864 1504 906 animae
1539 867 1584 906 et
1616 864 1671 906 de

141 956 182 981 10
197 936 419 980 domicilio
458 936 552 978 eius
591 935 740 978 omnia
779 935 929 978 studia
973 935 1157 978 uirtutis
1202 934 1413 978 eliminet.
1494 932 1671 977 Clamat
1689 935 1717 975 d

197 1006 424 1050 ethnicus:

370 1074 526 1119 Cernis
555 1076 608 1117 ut
638 1074 851 1131 ignauum
882 1076 1169 1131 corrumpant
1199 1073 1292 1116 otia
1320 1087 1491 1130 corpus,

431 1135 476 1175 et
505 1132 684 1189 capiant
715 1133 889 1183 uitium,
919 1133 967 1175 ni
997 1135 1273 1182 moueantur,
1304 1131 1476 1188 aquae3

200 1202 358 1257 Quod'l
388 1202 548 1259 inquis.
608 1202 741 1245 Audi.
802 1202 955 1246 Disces
976 1202 1013 1245 si
1034 1202 1175 1245 eidem
1196 1201 1444 1245 credideris.

142 1296 182 1330 15
374 1271 616 1324 Quaeritur
647 1271 828 1328 Egistus
857 1286 994 1328 quare
1024 1272 1084 1314 sit
1114 1270 1260 1314 factus
1290 1270 1478 1314 adulter.

158 1331 163 1338 ⁴
432 1329 579 1373 Causa
608 1333 676 1373 est
705 1330 752 1372 in
782 1333 1002 1387 promptu,
1033 1330 1277 1372 desidiosus
1307 1332 1414 1372 erat.

202 1398 534 1442 Litteratissimi
564 1413 670 1456 ergo
697 1399 783 1442 uiri
811 1399 1043 1443 consilium
1070 1402 1149 1450 est,
1179 1402 1231 1442 ut
1258 1398 1399 1442 hostis
1426 1401 1471 1440 te
1498 1411 1671 1454 semper

202 1468 403 1512 inueniat
432 1471 706 1525 occupatum,
737 1483 825 1526 quo
851 1469 989 1512 uariis
1019 1468 1389 1526 temptationibus
1419 1467 1514 1510 eius
1546 1480 1670 1509 occu·

202 1537 433 1596 pationum
469 1540 649 1580 tuarum
681 1538 859 1596 clypeos
899 1541 993 1582 tam
1028 1537 1219 1582 feliciter
1258 1552 1391 1594 quam
1427 1536 1672 1595 prudenter

145 1630 188 1655 ιο
203 1621 411 1666 opponas.

377 1665 632 1767 desiisciltiznda
662 1668 729 1709 est
758 1665 924 1723 (inquit
954 1664 1143 1723 ethicus)
1175 1665 1376 1723 improba
1406 1679 1540 1722 syren

182 1793 267 1836 -At
295 1807 392 1836 eam
418 1793 582 1836 nostris
606 1797 848 1851 prorogant
879 1795 1128 1839 histriones
1189 1792 1484 1850 Exoccupatis
1507 1792 1671 1835 etenim
1689 1792 1776 1840 406
1797 1802 1826 1830 a

206 1862 429 1905 mentibus
455 1864 695 1919 surrepunt
721 1863 852 1914 tedia,
877 1878 1060 1920 seseque
1087 1879 1175 1907 non
1201 1863 1484 1911 sustinerent,
1513 1862 1551 1904 si
1582 1876 1672 1904 non

148 1953 190 1989 ²⁵
207 1931 392 1974 alicuius
412 1931 657 1988 uoluptatis
676 1932 834 1975 solatio
849 1933 1158 1976 mulcerentur.
1218 1932 1425 1975 Admissa
1445 1935 1550 1974 sunt
1571 1945 1676 1987 ergo

207 2000 456 2057 spectacula
475 2003 520 2044 et
540 2000 716 2044 infinita
737 2002 942 2045 tirocinia
968 2003 1195 2053 uanitatis‚
1216 2002 1377 2059 quibus
1398 2001 1474 2058 qui
1495 2000 1675 2043 omnino

206 2069 337 2113 otiari
372 2085 460 2112 non
495 2073 692 2127 possunt,
719 2072 1006 2128 perniciosius
1033 2075 1312 2129 occupentur.
1374 2071 1526 2114 Satius
1556 2069 1674 2112 enim

208 2137 356 2182 fuerat
394 2139 525 2182 otiari
560 2155 693 2196 quam
728 2141 922 2198 turpiter
960 2142 1176 2199 occupari.
1248 2141 1367 2184 Hinc
1402 2140 1540 2191 mimi,
1575 2139 1674 2181 salii

207 2208 279 2251 uel
319 2208 510 2261 saliares,
550 2209 814 2263 balatrones,
849 2211 1056 2261 emiliani,
1090 2211 1371 2268 gladiatores,
1406 2209 1676 2267 palestritae,

150 2297 194 2331 3ο
209 2277 418 2335 gignadii,
457 2279 828 2335 praestigiatores,
864 2281 1051 2324 malefici
1091 2295 1265 2338 quoque
1311 2279 1455 2331 multi,
1495 2282 1540 2321 et
1580 2281 1677 2322 tota

209 2374 233 2409 4
257 2363 422 2410 tyberim
438 2364 472 2400 A
566 2377 696 2402 somno
715 2364 739 2401 S
789 2352 791 2354 .
839 2375 856 2413 5
883 2378 1037 2402 somnus
1055 2365 1109 2402 CS
1214 2377 1238 2412 9
1262 2364 1451 2411 otiositas]
1470 2363 1612 2400 ocietas
1631 2363 1671 2398 M

258 2450 279 2485 3
309 2442 379 2476 Ter
392 2443 494 2477 uncti
509 2444 603 2479 etc.:
622 2442 711 2478 Hor.
731 2443 805 2477 Sat.
823 2441 862 2477 ii.
882 2451 910 2477 1.
932 2451 965 2486 7,
980 2442 1012 2477 8.
1114 2450 1131 2487 5
1159 2442 1289 2477 Dulcis
1301 2442 1372 2477 etc.
1388 2453 1396 2475 :
1414 2438 1557 2476 Eccles.
1573 2452 1604 2474 v.
1626 2449 1677 2474 12.

215 2497 258 2524 12
288 2489 414 2524 Cernis
430 2490 524 2525 etc.:
551 2489 615 2526 Ov.
635 2491 740 2525 Pont.
757 2488 782 2524 i.
803 2498 834 2535 5.
856 2498 886 2535 5,
906 2489 939 2524 6.
1088 2497 1128 2534 15
1158 2491 1356 2533 Quaeritur
1371 2489 1465 2523 etc.:
1491 2486 1556 2522 Ov.
1576 2488 1675 2521 Rem.

212 2535 299 2570 Am.
320 2535 396 2577 161,
418 2537 494 2571 162.
627 2545 669 2580 17
695 2538 966 2572 Litteratae'ssimi
981 2537 1059 2572 uiri
1075 2538 1170 2572 etc.:
1196 2548 1228 2571 v.
1247 2535 1400 2571 Hieron.
1420 2536 1490 2580 Ep.
1508 2545 1611 2570 cxxv.
1628 2534 1678 2568 ad

214 2581 436 2628 Rusticum§
459 2592 496 2618 11
519 2582 676 2630 (Migne,
694 2585 735 2619 P.
754 2585 800 2619 L.
817 2583 906 2619 xxii.
931 2583 1048 2627 1078).
1199 2593 1241 2619 21
1276 2584 1436 2618 Vitanda
1459 2584 1553 2617 eta:
1586 2580 1675 2615 Hor.

215 2629 290 2664 Sat.
312 2627 351 2663 ii.
376 2639 408 2673 3.
435 2639 489 2674 14,
511 2639 563 2676 15.
709 2631 765 2673 28,
792 2641 837 2676 29
861 2632 949 2665 salii
972 2631 1033 2665 uel
1053 2632 1224 2666 saliares:
1253 2630 1305 2664 ‘A
1321 2629 1488 2665 saliendo
1506 2628 1559 2664 sic
1582 2627 1677 2662 dicti

218 2676 260 2710 ut
284 2675 387 2717 Salii,
404 2675 541 2712 Martis
565 2677 800 2714 sacerdotes.'
870 2676 929 2712 Du
955 2677 1083 2722 Gange
1108 2678 1156 2713 ad
1180 2689 1258 2713 voc.
1405 2686 1451 2721 29
1475 2677 1679 2711 balatrones

218 2721 309 2757 Hor.
343 2723 417 2757 Sat.
451 2722 475 2758 i.
502 2733 534 2759 2.
563 2734 595 2759 2.
668 2726 853 2760 emiliani:
878 2723 1006 2759 forsan
1034 2726 1090 2761 (ut
1115 2724 1331 2770 suspicatur
1354 2722 1410 2758 vir
1438 2722 1677 2758 doctissimus

217 2768 264 2804 H.
283 2767 333 2821 ·A.
357 2768 518 2814 Wilson)
544 2770 650 2816 quasi
677 2771 906 2818 gladiatores
930 2782 976 2806 ex
1000 2770 1162 2806 Aemilio
1190 2771 1279 2806 ludo
1310 2770 1415 2806 cuius
1444 2769 1677 2805 mentionem

218 2814 312 2850 facit
329 2814 504 2851 Horatius
520 2819 562 2853 A.
580 2819 620 2852 P.
637 2828 679 2862 32
695 2830 703 2860 ;
730 2830 761 2853 v.
780 2817 1047 2864 Porphyrionis
1064 2818 1178 2854 schol.
1197 2818 1244 2853 ad
1261 2817 1331 2853 loc.
1421 2827 1469 2862 30
1489 2818 1678 2862 yiynadii:

220 2861 267 2898 cf.
285 2863 448 2908 Metaloy.
466 2862 520 2899 iii.
544 2874 606 2909 103
631 2876 664 2900 v.
682 2865 741 2900 Du
759 2865 886 2910 Gange
903 2873 973 2900 ΒΝ.
991 2867 1158 2910 qiqnasia
1177 2870 1231 2911 (ι-
1245 2866 1463 2910 yymnasia).

1525 2924 1570 2959 ⁴⁷
