1994 3236
681 197 1132 242 PROLEGOMENA

174 314 360 373 uulgata
373 327 503 357 amm·
517 312 878 368 concupiscentia
896 313 1211 357 conuentionis
1233 318 1304 359 eet.
1378 314 1637 359 Notandum

174 386 241 428 est
288 397 368 426 nos
416 383 464 424 in
508 381 823 425 commentario
861 381 1108 424 uersionem
1148 383 1379 440 uulgatam
1423 387 1636 442 tanquam

173 453 350 496 Boethii
370 452 465 495 sine
491 451 784 494 dubitationis
813 450 1082 494 indicatione
1101 452 1330 505 citauisse;
1363 454 1479 510 quod
1501 455 1635 497 etiam

172 519 373 564 fecerunt
402 519 620 564 Thesauri
648 519 836 576 linquae
866 519 1060 562 Latinae
1089 534 1206 563 nunc
1236 522 1500 565 auctoritate
1522 524 1634 566 Aca-

172 590 415 633 demiarum
436 589 629 647 quinque
645 588 1007 632 Germanicarum
1029 589 1288 646 prodeuntis
1304 592 1635 648 conscriptores,

230 659 410 703 Praeter
437 673 489 702 ea
509 673 620 715 quae
648 673 703 701 ex
725 657 904 714 Orqani
923 658 1040 714 quod
1062 662 1224 701 uocant
1243 659 1369 702 libris
1389 660 1635 717 desumpsit

171 728 371 782 Ioannes,
391 727 606 786 quaedam
637 741 749 784 quae
769 727 1071 783 Metaphyeiaea
1092 730 1137 770 et
1157 728 1321 771 Ethiaea
1341 729 1634 772 Nicomachea

170 798 349 855 sapiunt
365 798 492 856 (quae
508 797 653 854 ipsum
669 796 826 854 legisse
841 799 959 840 certe
980 811 1069 839 non
1090 797 1358 840 credendum
1378 798 1464 856 est)
1479 799 1632 842 notaui

170 867 227 911 ad
247 867 411 911 Pola-r.
433 867 494 910 iv.
526 879 555 919 4
575 866 678 924 (519
697 866 765 924 B),
790 879 842 908 10
866 865 966 922 (531
984 866 1058 923 D).
1117 866 1221 909 Alia
1241 867 1295 910 de
1315 867 1555 911 Aristotele
1577 883 1633 911 ex

169 935 378 982 Cicerone
398 936 445 979 in
465 935 578 980 libro
597 935 651 978 de
671 935 836 992 Officiis
851 938 897 978 et
917 935 964 978 in
982 934 1256 980 Tusculanis
1276 936 1633 990 Quaestionibus,

169 1006 346 1049 Valerio
385 1005 592 1055 Maximo,
628 1004 918 1058 Quintiliano,
954 1004 1071 1049 Aulo
1101 1005 1255 1056 Gellio,
1296 1007 1549 1064 Augustino
1578 1008 1633 1052 de

171 1073 367 1119 Ciuitate
381 1074 478 1126 Dei,
492 1074 715 1117 Martiano
736 1073 928 1130 Capella,
946 1073 1132 1118 Boethio
1153 1075 1206 1118 de
1225 1076 1490 1132 Sylloyiemo
1508 1077 1631 1120 Cate-

167 1143 322 1201 901·ὼο,
345 1143 566 1187 Macrobio
586 1143 634 1185 in
654 1142 982 1186 Saturnalibus
1002 1144 1213 1187 extraxit.
1260 1144 1408 1188 Etiam
1429 1145 1632 1190 fabulosa

168 1213 382 1271 quaedam
406 1213 574 1256 incerto
594 1216 771 1256 auctore
793 1212 931 1255 refert
952 1212 999 1254 in
1019 1211 1184 1256 Polior.
1206 1213 1280 1256 vii.
1305 1216 1331 1257 6
1352 1218 1398 1257 et
1420 1215 1509 1258 viii.
1531 1225 1570 1270 5.

224 1282 460 1326 IOSEPEVM
480 1283 533 1326 de
554 1282 674 1325 Bello
690 1282 882 1326 Iudaico
898 1296 953 1325 ex
971 1282 1174 1336 Eusebio,
1194 1284 1247 1326 de
1262 1284 1632 1340 Antiquitatibus

165 1351 375 1396 Iudaicis
404 1366 461 1394 ex
494 1351 696 1394 uersione
728 1350 890 1394 Rufino
925 1352 1154 1408 supposita
1191 1353 1314 1395 citat.
1385 1354 1458 1395 Ad
1493 1354 1631 1397 inter-

166 1420 455 1479 pretationem
491 1435 603 1478 quae
635 1420 718 1462 sub
755 1420 997 1478 Hegesippi
1033 1421 1210 1464 nomine
1236 1422 1631 1466 circumferebatur

166 1489 352 1534 fortasse
395 1489 575 1547 respicit
624 1488 791 1532 Polior.
835 1490 892 1532 vi.
940 1491 1006 1543 18,
1048 1490 1138 1534 viii.
1186 1491 1248 1534 18.
1331 1492 1434 1534 Veri
1479 1496 1629 1536 autem

166 1558 419 1617 Hegesippi,
451 1573 597 1601 rerum
630 1558 1022 1602 ecclesiasticarum
1053 1560 1282 1617 scriptoris
1316 1561 1629 1618 antiquissimi,

166 1627 300 1672 uerba
315 1627 579 1671 referentem
601 1625 839 1670 Eusebium
860 1627 1026 1671 Polior.
1049 1628 1140 1672 viii.
1168 1643 1218 1684 19
1241 1630 1454 1686 sequitur.

221 1696 491 1741 anmnom
508 1710 600 1739 esse
620 1696 809 1739 credidit
825 1696 1013 1740 Ioannes
1030 1701 1180 1741 noster
1195 1699 1391 1742 libellum
1408 1700 1628 1756 quendam

164 1765 221 1809 ad
260 1766 499 1809 Traianum
531 1765 841 1822 imperatorem
876 1766 930 1809 de
966 1767 1029 1810 rei
1070 1767 1272 1825 publicae
1312 1769 1628 1813 constitutione

164 1835 388 1893 scriptum,
409 1850 539 1893 quem
559 1835 643 1878 sub
662 1835 800 1878 oculis
821 1835 1002 1888 habuit;
1033 1837 1086 1879 de
1115 1837 1197 1880 hac
1219 1852 1266 1880 re
1290 1838 1403 1880 nihil
1423 1841 1491 1881 est
1512 1840 1628 1895 quod

164 1903 218 1948 iis
251 1905 410 1948 addere
443 1904 606 1962 possim
640 1919 753 1961 quae
787 1904 845 1948 ad
884 1905 1116 1963 prologum
1156 1906 1319 1950 Polior.
1355 1922 1385 1949 v
1426 1907 1472 1949 in
1512 1923 1627 1951 com-

163 1974 378 2018 mentario
417 1974 582 2031 scripsi.
642 1974 697 2017 In
736 1975 943 2032 capitulis
979 1976 1143 2021 Policr.
1178 1991 1218 2027 v,
1252 1977 1310 2027 vi,
1343 1991 1530 2034 quorum
1571 1993 1626 2021 ex

164 2057 324 2101 magna
351 2046 478 2101 parte
507 2044 694 2087 materia
723 2059 780 2088 ex
808 2044 895 2088 isto
925 2045 1073 2089 libello
1104 2049 1283 2103 sumpta
1310 2050 1388 2096 est,
1413 2048 1627 2091 nonnulla

163 2126 349 2170 agnosco
381 2127 492 2170 quae
530 2114 578 2156 in
620 2113 726 2157 Vita
762 2114 1030 2167 Alexandri,
1063 2116 1111 2158 in
1146 2116 1533 2159 dissertationibus
1572 2118 1627 2160 de

164 2181 380 2235 Fm‘twna,
417 2183 471 2226 de
509 2183 715 2227 For-tuna
761 2184 1093 2237 Romanorum,
1134 2185 1181 2227 in
1217 2186 1362 2229 Aetiis
1404 2186 1628 2231 Romanis

163 2250 293 2308 legas.
371 2251 426 2294 In
464 2252 646 2310 prologo
684 2253 849 2297 Polior.
891 2269 931 2297 v.
974 2254 1262 2298 Plutarchum
1296 2260 1626 2312 praeceptorem

166 2318 364 2364 Traiani
396 2323 527 2364 uocat
561 2321 775 2378 Ioannes;
818 2322 875 2367 cf.
907 2323 1092 2367 Suidam
1124 2339 1211 2367 s.v.
1244 2325 1509 2381 Πλούταρχος
1539 2326 1624 2382 (ed.

163 2388 301 2433 Gaisf.
341 2388 484 2448 3014).
562 2390 788 2435 Plutarchi
828 2396 1033 2450 nepotem
1073 2393 1210 2437 fuisse
1250 2394 1519 2438 Frontonem
1559 2396 1625 2438 ait

162 2456 322 2502 Polior.
342 2459 430 2511 vii3
465 2473 528 2518 13,
552 2474 604 2516 19
621 2475 630 2513 ;
659 2476 703 2504 v.
724 2461 844 2505 infra
864 2462 918 2505 de
940 2462 1175 2506 Frontone.
1238 2463 1372 2506 Porro
1392 2464 1440 2506 in
1460 2464 1621 2508 Polior.

162 2541 204 2570 v.
227 2529 254 2570 6
273 2528 557 2582 Quaestione&
578 2530 854 2575 Gonuiuales
873 2547 929 2575 ex
949 2532 1092 2576 Gellio
1111 2533 1233 2576 citat.

219 2597 460 2641 ARISTIDIS
479 2598 815 2644 Panathenaici
834 2600 882 2643 in
901 2600 1068 2645 Polior.
1086 2617 1128 2645 ν.
1150 2617 1176 2658 9
1198 2602 1438 2660 uestigium
1451 2603 1621 2645 auctori

163 2663 476 2710 I‘netitutio‘nis
512 2666 711 2711 Traiani
744 2669 901 2712 debere
935 2670 1133 2723 uidetur3
1178 2686 1220 2714 v.
1255 2672 1620 2715 commentarium

161 2735 359 2776 nostrum
378 2734 434 2777 ad
454 2734 532 2778 loc.

220 2800 466 2847 Chaunum
508 2804 709 2848 Romano
756 2806 1090 2864 Recoqnitionee
1129 2808 1243 2852 falso
1283 2809 1525 2853 attributas
1565 2825 1621 2852 ex

162 2870 360 2914 uersione
389 2871 539 2915 Rufini
567 2873 685 2917 citat.

1375 2946 1503 2988 xxvii
