1994 3236
890 198 1341 246 PROLEGOMENA

388 316 555 375 egregii
580 315 670 359 uiri
695 314 844 359 Caroli
867 314 935 358 W.
962 315 1121 366 Moule,
1146 314 1195 357 in
1221 313 1418 372 Collegio
1447 312 1655 370 Corporis
1682 311 1851 357 Christi

389 386 509 443 apud
522 385 908 443 Cantabrigienses
919 384 1253 436 bibliothecarii,
1259 383 1384 427 cuius
1395 383 1443 426 in
1455 397 1526 426 me
1538 381 1692 425 fauore
1703 381 1853 439 patuit

387 454 640 498 liberrimus
659 454 717 497 ad
735 454 1004 498 Policratici
1022 454 1214 498 codicem
1235 451 1620 497 Cantuariensem¹
1642 464 1851 495 accessus.

390 523 617 569 Confiteor
634 537 704 567 me
722 522 771 566 in
793 523 923 566 initio
942 522 1086 580 operis
1110 522 1174 565 rei
1194 521 1370 565 criticae
1397 524 1443 565 et
1465 520 1854 578 palaeographicae

391 607 525 651 quam
543 594 706 636 uocant
724 591 835 634 artis
854 605 991 649 paene
1010 591 1190 634 omnino
1209 591 1490 647 inexpertum
1505 589 1687 633 editoris
1705 592 1855 646 partes

390 666 556 706 temere
584 661 850 718 suscepisse;
894 675 1007 718 quae
1041 659 1258 718 quomodo
1292 659 1488 717 agendae
1517 659 1609 702 sint
1641 673 1699 702 an
1737 658 1856 700 inter

391 731 613 790 agendum
647 730 813 774 discere
851 730 1071 787 incipiam,
1105 729 1288 773 uideant
1321 729 1354 771 ii
1393 728 1471 786 qui
1509 728 1673 771 librum
1710 727 1856 784 legere

394 801 646 859 dignentur.

1082 897 1166 953 §z

452 990 595 1035 Venio
621 989 679 1034 ad
701 989 900 1034 codicum
926 1003 1036 1047 quos
1064 989 1122 1033 ad
1149 992 1327 1034 textum
1355 987 1751 1047 recognoscendum
1780 985 1857 1029 ad-

396 1060 522 1104 hibui
542 1059 879 1117 descriptionem
894 1062 940 1103 et
958 1059 1016 1102 ad
1031 1059 1451 1103 demonstrationem
1465 1059 1678 1117 siglorum
1698 1057 1860 1115 quibus

397 1145 471 1174 eos
490 1129 734 1187 designaui.

456 1198 493 1243 C
535 1197 901 1255 (Cantuariensis)
930 1218 972 1236 =
1000 1198 1094 1241 cod.
1135 1197 1245 1242 Coll.
1287 1197 1495 1256 Corporis
1534 1196 1702 1242 Christi
1741 1194 1862 1253 apud

398 1267 786 1326 cantabrigienses
812 1269 882 1320 46.
943 1267 1127 1311 Saeculo
1155 1267 1237 1310 xiii
1266 1267 1428 1311 tribuit
1455 1267 1542 1311 Iac.
1571 1265 1783 1310 Nasmith
1810 1265 1859 1307 in

398 1337 600 1395 catalogo
619 1352 658 1380 a.
676 1347 784 1392 1777
802 1336 934 1390 edito,
949 1336 1026 1380 sed
1041 1351 1140 1380 eum
1161 1340 1207 1380 et
1225 1336 1388 1381 saeculi
1409 1337 1473 1379 xii
1488 1351 1581 1380 esse
1596 1339 1643 1380 et
1661 1350 1686 1379 e
1705 1334 1861 1379 biblio-

399 1408 529 1451 theca
549 1406 767 1450 Ecclesiae
787 1404 955 1450 Christi
971 1405 1090 1463 apud
1105 1405 1446 1449 Cantuarienses
1460 1405 1712 1463 prouenisse
1726 1407 1862 1461 atque

401 1475 588 1520 eundem
609 1489 701 1518 esse
721 1474 797 1531 qui
818 1474 936 1517 inter
955 1474 1090 1518 libros
1117 1475 1161 1518 S.
1183 1475 1375 1519 'rhomae
1399 1475 1713 1532 archiepiscopi
1734 1487 1863 1531 repu-

401 1548 527 1589 tatur
562 1544 609 1586 in
643 1543 843 1601 catalogo
881 1543 1064 1600 antiquo
1103 1544 1368 1588 auctoritate
1408 1544 1590 1588 Henrici
1625 1543 1680 1587 de
1714 1542 1864 1586 Estria

402 1614 532 1658 istius
548 1612 764 1656 Ecclesiae
783 1612 842 1655 ab
860 1627 898 1655 a.
917 1612 1028 1665 1284
1047 1627 1186 1670 usque
1205 1613 1262 1656 ad
1283 1628 1320 1657 a.
1343 1627 1447 1671 1331
1469 1613 1633 1656 Prioris
1652 1611 1866 1662 confecto,

403 1682 563 1727 abhinc
590 1682 718 1725 annis
741 1681 889 1725 decem
916 1682 1034 1725 uidit
1061 1697 1103 1725 v.
1125 1682 1176 1727 cl.
1202 1683 1486 1726 Montacutus
1509 1682 1686 1726 Rhodes
1714 1681 1743 1724 J
1745 1695 1866 1725 ames

404 1751 515 1797 Coll.
537 1751 715 1809 Regalis
734 1751 852 1808 apud
872 1750 1258 1809 Cantabrigienses
1278 1755 1384 1796 tunc
1404 1752 1547 1796 socius
1565 1751 1696 1795 hodie
1715 1754 1867 1794 autem

406 1820 698 1878 Praepositus,
723 1820 800 1877 qui
830 1834 922 1864 rem
951 1820 1018 1863 ita
1046 1835 1092 1864 se
1123 1820 1283 1864 habere
1313 1835 1412 1865 cum
1442 1821 1734 1878 comperisset,
1755 1819 1866 1864 mihi

405 1905 494 1949 qua
533 1889 840 1933 beneuolentia
881 1904 986 1947 erga
1025 1890 1276 1933 litterarum
1310 1890 1529 1934 studiosos
1563 1893 1631 1934 est
1661 1890 1867 1948 protinus

406 1959 687 2018 significauit.
717 1959 898 2002 Librum
914 1959 1144 2016 descripsit
1159 1959 1275 2002 idem
1290 1973 1300 2012 ;
1320 1974 1362 2005 v.
1375 1959 1459 2003 The
1473 1960 1657 2004 Sources
1670 1959 1721 2015 os
1728 1958 1870 2003 Arch-

407 2028 559 2085 biskop
585 2027 793 2072 Parker’s
817 2028 1052 2073 Collectio‘n
1075 2028 1128 2085 os
1148 2028 1276 2072 MSS.
1303 2032 1351 2072 at
1381 2029 1553 2085 Gor-pus
1577 2028 1744 2073 Christi
1774 2027 1869 2072 Gol-

407 2098 507 2155 leye,
536 2096 814 2154 Cambridye,
838 2096 1023 2143 Cantab.
1053 2099 1174 2154 1899,
1200 2112 1271 2155 pp.
1292 2107 1332 2153 5,
1356 2111 1432 2150 22;
1471 2098 1528 2142 cf.
1557 2097 1642 2143 The
1671 2097 1870 2141 Ancient

408 2166 639 2211 mbo-aries
665 2168 715 2225 of
731 2166 1015 2225 Canterbury
1033 2168 1131 2211 a‘nd
1157 2167 1310 2218 Dover,
1330 2166 1515 2212 Cantab.
1540 2181 1661 2225 1903,
1682 2181 1755 2225 pp.
1776 2166 1870 2218 xlii,

412 2236 479 2291 85,
515 2250 528 2279 ι
536 2237 603 2292 58,
632 2249 730 2293 5¹0·
790 2236 1148 2280 Membranaceus
1175 2239 1242 2280 est
1268 2236 1406 2280 codex
1433 2237 1480 2280 in
1508 2237 1615 2280 folio
1641 2237 1872 2281 continens

410 2305 739 2350 Policraticwm
753 2308 799 2349 et
814 2306 1136 2362 Metaloyicum.
1184 2305 1239 2349 In
1257 2306 1332 2350 fol.
1350 2319 1369 2349 1
1389 2306 1553 2364 legitur
1565 2306 1659 2350 Dia.
1675 2306 1874 2351 secunda

410 2375 467 2421 D.
495 2375 537 2419 ii
571 2375 618 2420 G.
648 2390 678 2419 ω
708 2375 796 2432 (i.e.
830 2375 1213 2420 devrwmtram'om
1246 2376 1456 2429 secunda,
1487 2375 1779 2420 distinctione
1811 2390 1872 2420 se-

412 2445 580 2496 cwnda,
602 2445 756 2502 yradu
774 2444 956 2497 decimo)
982 2444 1278 2501 polico-atiena
1303 2444 1523 2489 iohannis
1551 2446 1604 2489 de
1625 2444 1873 2490 samlsberie.

413 2514 529 2559 Item
548 2514 839 2571 ‘metaloyiwn
859 2513 1068 2558 Modern.
1116 2514 1203 2559 Sci.
1219 2513 1374 2558 Thome
1392 2514 1714 2571 archiepiscopi
1730 2514 1875 2572 (erasa

413 2587 521 2629 sunt
564 2583 671 2628 haec
711 2583 800 2627 tria
843 2582 1087 2640 uocabula).
1161 2581 1357 2627 Iudicem
1402 2583 1555 2627 ordine
1598 2583 1875 2642 alphabetico

414 2653 679 2697 instructum
696 2652 869 2696 addidit
884 2667 1040 2696 manus
1055 2651 1216 2696 saeculi
1235 2667 1308 2697 xv.
1354 2652 1535 2696 Librum
1552 2652 1748 2711 Collegio
1761 2652 1809 2698 C.
1827 2652 1875 2698 G.

416 2721 603 2767 Cantab.
635 2722 758 2766 dedit
797 2721 1049 2766 Matthaeus
1090 2721 1255 2765 Parker
1292 2722 1643 2780 archiepiscopus
1682 2721 1877 2767 Cantus-

978 2810 990 2835 ι
1014 2809 1110 2849 vide
1128 2809 1147 2859 ς
1166 2820 1186 2848 2
1205 2809 1316 2848 infra

534 2884 563 2913 x
