1994 3190
217 202 317 235 ω».
334 188 397 250 11]
498 156 501 159 Α
736 187 1174 233 PomoRA'rIovs
1699 197 1771 238 ⁵14
1791 188 1820 227 b

139 303 142 306 ’
216 312 262 354 et
289 309 461 366 legibus
489 308 724 354 deuotione
753 307 1083 364 promptissima
1112 306 1388 350 famulatur?
1447 307 1596 364 Digna
1625 306 1682 350 si-

215 378 392 435 quidem
421 392 512 420 uox
542 379 620 428 est,
640 379 693 419 ut
722 377 788 418 ait
817 376 1076 432 Imperator,
1105 377 1335 419 maiestate
1378 377 1606 434 regnantis
1635 390 1681 419 se

213 447 385 504 legibus
405 446 638 503 alligatum
657 445 899 502 principem
921 444 1132 501 profiteri.
1191 445 1307 497 Quia
1327 445 1381 488 de
1402 446 1510 488 iuris
1531 447 1680 489 aucto-
1700 459 1725 489 c

213 516 347 559 ritate
366 515 579 572 principis
599 515 764 572 pendet
782 514 1048 565 auctoritas;
1078 515 1124 556 et
1143 528 1299 556 reuera
1326 514 1469 556 maius
1496 515 1682 572 imperio

175 605 195 638 5
214 587 291 636 est,
307 585 583 628 summittere
604 584 776 641 legibus
796 582 1112 640 principatum;
1142 585 1196 624 ut
1215 582 1351 624 nichil
1373 583 1457 624 sibi
1479 584 1682 640 princeps

213 654 342 698 licere
364 653 583 711 opinetur,
604 653 721 710 quod
740 667 768 695 a
788 652 987 695 iustitiae
1006 650 1231 708 aequitate
1252 650 1483 694 discordet.

212 752 318 811 Cap.
342 766 378 799 2.
430 753 552 807 Quid
577 752 670 803 hex,-
699 755 737 796 εί
765 750 884 809 quod
907 751 1132 807 princeps,
1152 750 1252 794 licet
1279 750 1336 794 sit
1361 751 1467 807 leyis
1496 751 1682 796 nexibus

329 822 566 874 absolutus,
587 821 694 879 leyis
711 825 866 865 tamen
886 834 1045 864 semus
1065 824 1121 863 est
1147 823 1186 863 et
1212 820 1466 876 aequitatis,
1485 821 1682 877 yerc'tque

323 907 567 950 personam
580 890 829 949 publicam,
849 894 888 934 et
911 890 1174 934 innocenter
1191 890 1469 946 sanquinem
1479 890 1660 946 fundit.

154 989 196 1014 10
269 972 364 1016 Nec
383 973 431 1015 in
452 987 503 1016 eo
522 972 607 1015 sibi
627 971 848 1029 principes
867 970 1043 1013 detrahi
1063 970 1350 1020 arbitrentur,
1370 970 1455 1013 nisi
1485 970 1683 1015 iustitiae

211 1056 316 1085 suae
351 1044 523 1085 statuta
556 1040 847 1099 praeferenda
885 1039 1155 1084 crediderint
1194 1039 1391 1082 iustitiae
1423 1039 1522 1091 Dei,
1557 1041 1683 1084 cuius

210 1111 384 1155 iustitia
413 1111 588 1155 iustitia
616 1111 665 1154 in
699 1125 831 1154 euum
862 1112 941 1160 est,
972 1112 1017 1153 et
1047 1109 1120 1152 lex
1150 1109 1245 1152 eius
1274 1109 1486 1166 aequitas.
1548 1109 1684 1152 Porro

189 1171 424 1237 ⁴aequitas,
453 1182 506 1223 ut
536 1180 647 1223 iuris
676 1179 809 1237 periti
839 1181 1054 1228 asserunt,
1086 1192 1233 1220 rerum
1263 1178 1573 1221 conuenientia
1605 1181 1684 1229 est,

211 1263 324 1307 quae
343 1251 503 1293 cuncta
522 1249 835 1306 coaequiparat
861 1248 1033 1291 ratione
1062 1250 1107 1290 et
1132 1247 1377 1309 ig-nparibus
1404 1248 1535 1290 rebus
1556 1248 1682 1305 paria
1732 1247 1789 1296 aja-2

153 1329 192 1363 16
210 1318 310 1362 iura
348 1318 580 1370 desiderat,
620 1318 667 1361 in
710 1332 862 1361 omnes
906 1316 1162 1374 aequabilis,
1202 1317 1403 1360 tribuens
1443 1317 1681 1373 unicuique

211 1387 328 1446 quod
362 1402 492 1431 suum
530 1390 610 1432 est.
671 1387 765 1430 Lex
794 1402 901 1430 uero
936 1387 1030 1430 eius
1060 1387 1279 1443 interpres
1308 1389 1387 1437 est,
1417 1389 1572 1444 utpote
1607 1387 1678 1430 cui
1695 1390 1724 1430 d

209 1457 448 1514 aequitatis
489 1459 535 1501 et
574 1457 771 1500 iustitiae
810 1457 1020 1500 uoluntas
1061 1456 1269 1499 innotuit.
1328 1456 1456 1499 Vnde
1497 1459 1542 1499 et
1581 1471 1679 1499 eam

133 1551 140 1560 ·
209 1527 407 1571 omnium
438 1541 587 1571 rerum
621 1527 876 1570 diuinarum
907 1530 952 1570 et
980 1527 1276 1569 humanarum
1308 1529 1554 1583 compotem
1587 1541 1680 1570 esse

211 1596 442 1655 Crisippus
485 1597 685 1648 asseruit,
725 1596 910 1654 ideoque
950 1599 1175 1654 praestare
1216 1596 1422 1639 omnibus
1466 1596 1593 1639 bonis
1635 1599 1680 1640 et

152 1681 195 1707 ιο
210 1667 340 1710 malis
368 1669 415 1710 et
448 1668 542 1710 tam
572 1681 720 1710 rerum
751 1681 884 1724 quam
914 1666 1144 1709 hominum
1173 1666 1418 1723 principem
1448 1669 1494 1709 et
1523 1666 1679 1710 ducem

210 1750 315 1780 esse.
376 1735 461 1781 Cui
497 1736 778 1795 Papinianus,
808 1736 881 1779 uir
912 1735 1090 1793 quidem
1119 1735 1230 1778 iuris
1260 1735 1679 1793 experientissimus,

209 1806 256 1848 et
290 1805 589 1857 Demostenes,
623 1808 773 1850 orator
806 1807 1084 1863 praepotens,
1115 1805 1329 1848 uidentur
1362 1805 1596 1862 suffragari
1633 1808 1678 1848 et

209 1875 407 1918 omnium
427 1875 657 1918 hominum
677 1875 874 1919 subicere
901 1874 1210 1926 obedientiam,
1231 1889 1282 1918 eo
1302 1874 1420 1932 quod
1440 1874 1514 1917 lex
1534 1875 1677 1919 omnis
1695 1881 1767 1923 515
1785 1884 1815 1913 a

209 1943 411 1988 inuentio
456 1944 634 2002 quidem
674 1947 742 1988 est
786 1947 832 1988 et
871 1944 1037 1988 donum
1077 1944 1175 1995 Dei,
1214 1944 1376 2002 dogma
1414 1945 1678 2002 sapientum,

151 2025 192 2060 ²⁵
209 2013 420 2058 eorrectio
459 2014 814 2058 uoluntariorum
860 2029 1131 2067 excessuum,
1170 2014 1369 2058 ciuitatis
1408 2015 1678 2072 compositio,

209 2083 255 2125 et
293 2082 433 2126 totius
471 2083 668 2127 criminis
708 2082 843 2142 fuga;
892 2083 1133 2127 secundum
1174 2098 1307 2140 quam
1354 2083 1480 2127 decet
1525 2084 1679 2128 uiuere

207 2164 358 2195 omnes
385 2152 461 2209 qui
488 2152 536 2194 in
559 2152 766 2210 politicae
795 2153 859 2196 rei
890 2153 1183 2196 uniuersitate
1204 2155 1452 2196 uersantur.
1513 2153 1678 2197 Omnes

207 2219 359 2277 itaque
389 2221 650 2265 necessitate
680 2222 791 2281 legis
823 2222 1067 2266 seruandae
1098 2224 1310 2266 tenentur
1340 2222 1555 2273 adstricti,
1591 2223 1677 2266 nisi

210 2321 227 2350 1
265 2312 522 2358 promtissima.
547 2313 608 2350 AS
714 2321 718 2325 ·
772 2345 774 2347 .
799 2324 842 2351 12
877 2313 1007 2361 euum]
1035 2315 1233 2352 aeternum
1262 2313 1303 2350 M
1500 2315 1544 2351 28
1582 2315 1678 2363 legis

207 2359 431 2397 necessitate
448 2359 488 2395 M

217 2493 226 2502 .
260 2453 324 2502 ιτς
351 2447 475 2492 Diqna
491 2473 501 2483 .
518 2473 527 2483 .
546 2473 555 2483 .
567 2448 837 2502 principatum:
861 2446 949 2484 Cod.
962 2446 1095 2485 lustin.
1109 2447 1134 2484 i.
1152 2458 1196 2493 14
1210 2446 1228 2495 ξ
1241 2458 1275 2492 4.
1442 2458 1495 2492 11,
1515 2459 1555 2485 12
1574 2451 1678 2487 cuius

208 2494 350 2528 augentia
365 2494 459 2531 etc-2
484 2505 516 2529 v.
531 2493 588 2530 Pa.
605 2494 727 2531 cxvui.
745 2505 823 2541 142.
971 2506 1011 2532 12
1030 2497 1205 2543 aequitas:
1231 2495 1344 2542 Vulg.
1361 2498 1509 2533 ueritas.
1634 2508 1674 2544 13

209 2541 370 2586 aequitas
381 2541 478 2594 pta:
502 2539 772 2595 Definitionem
795 2543 957 2579 eandem
982 2543 1079 2579 citat
1094 2542 1171 2579 Azo
1196 2542 1288 2579 iuris
1312 2543 1459 2589 peritus
1478 2544 1675 2581 celeberri-

209 2598 301 2632 mus,
326 2598 393 2632 qul
421 2586 614 2626 Bononiae
642 2587 685 2625 in
712 2601 811 2627 saec.
837 2589 906 2626 xiii
935 2590 1085 2628 floruit:
1119 2593 1293 2637 Aequitas
1317 2597 1438 2627 autem
1471 2597 1521 2627 est
1552 2604 1675 2628 rerum

209 2635 460 2687 conuenientia
475 2647 564 2681 quae
578 2637 621 2671 in
639 2638 796 2682 paribus
810 2639 930 2674 caum
938 2640 1054 2684 paria
1069 2640 1154 2674 iura
1170 2640 1434 2685 coaeqm‘parat.
1485 2639 1580 2675 Vide
1597 2639 1674 2676 Cic.

213 2682 299 2728 Top.
315 2691 340 2725 4
357 2682 375 2727 ᾖ
394 2691 437 2726 23
460 2683 585 2718 Valeat
599 2685 761 2730 aequitas
775 2696 866 2731 quae
880 2686 1037 2730 paribus
1052 2687 1094 2722 in
1110 2687 1230 2722 causis
1239 2688 1355 2732 paria
1371 2688 1457 2722 iura
1474 2689 1674 2730 desiderum

209 2730 249 2765 et
273 2730 317 2764 de
344 2730 490 2765 Amicit.
515 2737 560 2774 27
591 2728 610 2776 ξ
640 2740 708 2766 ιοο
733 2732 780 2767 In
808 2743 851 2767 ea
881 2737 944 2777 (sc.
970 2734 1150 2780 amicitia)
1181 2738 1232 2770 eet
1258 2735 1512 2770 conuenientia
1540 2745 1673 2772 rerum.

212 2784 254 2822 15
281 2777 440 2811 tribuens
455 2777 548 2812 ete:
578 2788 612 2812 v.
629 2775 753 2814 Instit.
775 2777 910 2815 lustin.
928 2778 954 2815 i.
975 2789 990 2816 1
1012 2778 1031 2826 ἕ
1054 2789 1085 2818 1.
1199 2781 1242 2818 18
1266 2782 1429 2818 omnium
1453 2793 1575 2817 rerum
1600 2784 1672 2819 etc.

212 2822 343 2869 (usque
360 2822 408 2858 ad
424 2822 635 2870 uersentur)
650 2836 660 2862 ι
684 2836 717 2860 v.
733 2823 820 2872 Dig.
836 2825 862 2861 i.
881 2835 902 2872 3
921 2825 963 2873 ἐξ
985 2836 1017 2873 1,
1035 2836 1067 2864 2.

1500 2908 1563 2944 ²³7
