<?xml version="1.0" encoding="UTF-8"?>
<!DOCTYPE html PUBLIC "-//W3C//DTD XHTML 1.0 Transitional//EN"
    "http://www.w3.org/TR/xhtml1/DTD/xhtml1-transitional.dtd">
<html xmlns="http://www.w3.org/1999/xhtml" xml:lang="en" lang="en">
 <head>
  <title>
</title>
<meta http-equiv="Content-Type" content="text/html;charset=utf-8" />
  <meta name='ocr-system' content='tesseract 3.04.00' />
  <meta name='ocr-capabilities' content='ocr_page ocr_carea ocr_par ocr_line ocrx_word'/>
</head>
<body>
  <div class='ocr_page' id='page_1' title='image "./policraticisived01john_0134.png"; bbox 0 0 1994 3190; ppageno 0'>
   <div class='ocr_carea' id='block_1_1' title="bbox 266 192 1894 254">
    <p class='ocr_par' dir='ltr' id='par_1_1' title="bbox 266 192 1894 254">
     <span class='ocr_line' id='line_1_1' title="bbox 266 192 1894 254; baseline 0.002 -20"><span class='ocrx_word' id='word_1_1' title='bbox 266 205 350 245; x_wconf 77' lang='lat'>424</span> <span class='ocrx_word' id='word_1_2' title='bbox 369 201 401 234; x_wconf 83' lang='lat' dir='ltr'>a-</span> <span class='ocrx_word' id='word_1_3' title='bbox 744 194 1018 239; x_wconf 77' lang='lat' dir='ltr'>IOANNIS¹</span> <span class='ocrx_word' id='word_1_4' title='bbox 1043 193 1556 239; x_wconf 86' lang='lat' dir='ltr'>SARESBERIENSIS</span> <span class='ocrx_word' id='word_1_5' title='bbox 1717 192 1824 254; x_wconf 70' lang='grc' dir='ltr'><strong>[ΠΒ.</strong></span> <span class='ocrx_word' id='word_1_6' title='bbox 1840 205 1894 248; x_wconf 71' lang='lat'>115</span> 
     </span>
    </p>
   </div>
   <div class='ocr_carea' id='block_1_2' title="bbox 353 313 1947 2522">
    <p class='ocr_par' dir='ltr' id='par_1_2' title="bbox 414 313 1939 582">
     <span class='ocr_line' id='line_1_2' title="bbox 416 313 1900 368; baseline 0.001 -12"><span class='ocrx_word' id='word_1_7' title='bbox 416 313 619 358; x_wconf 89' lang='lat' dir='ltr'>Iordanis</span> <span class='ocrx_word' id='word_1_8' title='bbox 638 315 814 358; x_wconf 91' lang='lat' dir='ltr'>alueum</span> <span class='ocrx_word' id='word_1_9' title='bbox 834 316 1180 367; x_wconf 89' lang='lat' dir='ltr'>commanebant,</span> <span class='ocrx_word' id='word_1_10' title='bbox 1195 316 1371 359; x_wconf 92' lang='lat' dir='ltr'>nomine</span> <span class='ocrx_word' id='word_1_11' title='bbox 1391 316 1544 366; x_wconf 86' lang='lat' dir='ltr'>Maria,</span> <span class='ocrx_word' id='word_1_12' title='bbox 1558 316 1756 359; x_wconf 76' lang='lat' dir='ltr'>Eleazar-i</span> <span class='ocrx_word' id='word_1_13' title='bbox 1775 315 1879 366; x_wconf 88' lang='lat' dir='ltr'>filia,</span> <span class='ocrx_word' id='word_1_14' title='bbox 1897 365 1900 368; x_wconf 11' lang='grc' dir='ltr'><strong>Α</strong></span> 
     </span>
     <span class='ocr_line' id='line_1_3' title="bbox 415 377 1939 443; baseline 0.001 -17"><span class='ocrx_word' id='word_1_15' title='bbox 415 383 470 426; x_wconf 92' lang='lat' dir='ltr'>de</span> <span class='ocrx_word' id='word_1_16' title='bbox 496 384 595 427; x_wconf 87' lang='lat' dir='ltr'>uico</span> <span class='ocrx_word' id='word_1_17' title='bbox 622 385 855 436; x_wconf 89' lang='lat' dir='ltr'>Bethezob,</span> <span class='ocrx_word' id='word_1_18' title='bbox 876 386 993 443; x_wconf 90' lang='lat' dir='ltr'>quod</span> <span class='ocrx_word' id='word_1_19' title='bbox 1020 386 1341 443; x_wconf 87' lang='lat' dir='ltr'>interpretatur</span> <span class='ocrx_word' id='word_1_20' title='bbox 1366 386 1522 429; x_wconf 91' lang='lat' dir='ltr'>domus</span> <span class='ocrx_word' id='word_1_21' title='bbox 1550 386 1699 442; x_wconf 87' lang='lat' dir='ltr'>Ysopi,</span> <span class='ocrx_word' id='word_1_22' title='bbox 1719 399 1880 442; x_wconf 87' lang='lat' dir='ltr'>genere</span> <span class='ocrx_word' id='word_1_23' title='bbox 1934 377 1939 383; x_wconf 58' lang='grc'><strong>’</strong></span> 
     </span>
     <span class='ocr_line' id='line_1_4' title="bbox 415 453 1900 512; baseline 0 -17"><span class='ocrx_word' id='word_1_24' title='bbox 415 455 461 495; x_wconf 91' lang='lat' dir='ltr'>et</span> <span class='ocrx_word' id='word_1_25' title='bbox 509 453 798 498; x_wconf 84' lang='lat' dir='ltr'>facultatibus</span> <span class='ocrx_word' id='word_1_26' title='bbox 842 455 1014 506; x_wconf 89' lang='lat' dir='ltr'>nobilis,</span> <span class='ocrx_word' id='word_1_27' title='bbox 1060 470 1159 498; x_wconf 90' lang='lat' dir='ltr'>cum</span> <span class='ocrx_word' id='word_1_28' title='bbox 1205 455 1375 512; x_wconf 90' lang='lat' dir='ltr'>reliqua</span> <span class='ocrx_word' id='word_1_29' title='bbox 1420 455 1717 505; x_wconf 90' lang='lat' dir='ltr'>multitudine,</span> <span class='ocrx_word' id='word_1_30' title='bbox 1766 469 1900 511; x_wconf 32' lang='lat' dir='ltr'>quae,</span> 
     </span>
     <span class='ocr_line' id='line_1_5' title="bbox 414 519 1879 582; baseline 0.001 -17"><span class='ocrx_word' id='word_1_31' title='bbox 414 519 699 575; x_wconf 83' lang='lat' dir='ltr'>confluxerat,</span> <span class='ocrx_word' id='word_1_32' title='bbox 729 525 995 569; x_wconf 89' lang='lat' dir='ltr'>Ierosolimis</span> <span class='ocrx_word' id='word_1_33' title='bbox 1025 527 1210 582; x_wconf 88' lang='lat' dir='ltr'>reperta,</span> <span class='ocrx_word' id='word_1_34' title='bbox 1240 539 1515 568; x_wconf 90' lang='lat' dir='ltr'>communem</span> <span class='ocrx_word' id='word_1_35' title='bbox 1544 539 1644 567; x_wconf 88' lang='lat' dir='ltr'>cum</span> <span class='ocrx_word' id='word_1_36' title='bbox 1673 524 1879 567; x_wconf 86' lang='lat' dir='ltr'>omnibus</span> 
     </span>
    </p>

    <p class='ocr_par' dir='ltr' id='par_1_3' title="bbox 366 592 1947 1484">
     <span class='ocr_line' id='line_1_6' title="bbox 366 592 1928 651; baseline 0.003 -16"><span class='ocrx_word' id='word_1_37' title='bbox 366 593 396 631; x_wconf 88' lang='lat' dir='ltr'>b</span> <span class='ocrx_word' id='word_1_38' title='bbox 414 592 654 637; x_wconf 85' lang='lat' dir='ltr'>obsidionis</span> <span class='ocrx_word' id='word_1_39' title='bbox 672 609 822 638; x_wconf 87' lang='lat' dir='ltr'>casum</span> <span class='ocrx_word' id='word_1_40' title='bbox 842 595 1024 638; x_wconf 89' lang='lat' dir='ltr'>ferebat.</span> <span class='ocrx_word' id='word_1_41' title='bbox 1070 595 1216 637; x_wconf 82' lang='lat' dir='ltr'>Huius</span> <span class='ocrx_word' id='word_1_42' title='bbox 1234 594 1426 651; x_wconf 89' lang='lat' dir='ltr'>reliquas</span> <span class='ocrx_word' id='word_1_43' title='bbox 1441 594 1618 651; x_wconf 91' lang='lat' dir='ltr'>quidem</span> <span class='ocrx_word' id='word_1_44' title='bbox 1631 594 1877 646; x_wconf 74' lang='lat' dir='ltr'>facultateS,</span> <span class='ocrx_word' id='word_1_45' title='bbox 1895 607 1928 640; x_wconf 78' lang='lat'>5·</span> 
     </span>
     <span class='ocr_line' id='line_1_7' title="bbox 413 662 1878 720; baseline 0.001 -16"><span class='ocrx_word' id='word_1_46' title='bbox 413 677 524 718; x_wconf 85' lang='lat' dir='ltr'>quas</span> <span class='ocrx_word' id='word_1_47' title='bbox 549 663 679 706; x_wconf 91' lang='lat' dir='ltr'>domo</span> <span class='ocrx_word' id='word_1_48' title='bbox 705 664 752 706; x_wconf 92' lang='lat' dir='ltr'>in</span> <span class='ocrx_word' id='word_1_49' title='bbox 778 664 932 707; x_wconf 91' lang='lat' dir='ltr'>urbem</span> <span class='ocrx_word' id='word_1_50' title='bbox 960 666 1237 713; x_wconf 71' lang='lat' dir='ltr'><strong>connexerat,</strong></span> <span class='ocrx_word' id='word_1_51' title='bbox 1257 663 1440 720; x_wconf 90' lang='lat' dir='ltr'>tyranni</span> <span class='ocrx_word' id='word_1_52' title='bbox 1467 663 1679 712; x_wconf 91' lang='lat' dir='ltr'>inuasere,</span> <span class='ocrx_word' id='word_1_53' title='bbox 1705 663 1742 705; x_wconf 93' lang='lat' dir='ltr'>si</span> <span class='ocrx_word' id='word_1_54' title='bbox 1770 662 1878 719; x_wconf 88' lang='lat' dir='ltr'>quid</span> 
     </span>
     <span class='ocr_line' id='line_1_8' title="bbox 409 732 1888 791; baseline 0.001 -18"><span class='ocrx_word' id='word_1_55' title='bbox 409 746 516 774; x_wconf 92' lang='lat' dir='ltr'>uero</span> <span class='ocrx_word' id='word_1_56' title='bbox 546 732 831 789; x_wconf 90' lang='lat' dir='ltr'>reliquiarum</span> <span class='ocrx_word' id='word_1_57' title='bbox 861 749 918 777; x_wconf 86' lang='lat' dir='ltr'>ex</span> <span class='ocrx_word' id='word_1_58' title='bbox 946 733 1120 791; x_wconf 87' lang='lat' dir='ltr'>magnis</span> <span class='ocrx_word' id='word_1_59' title='bbox 1149 733 1306 789; x_wconf 90' lang='lat' dir='ltr'>opibus</span> <span class='ocrx_word' id='word_1_60' title='bbox 1332 732 1492 782; x_wconf 85' lang='lat' dir='ltr'>fuerat,</span> <span class='ocrx_word' id='word_1_61' title='bbox 1522 732 1682 789; x_wconf 90' lang='lat' dir='ltr'>quibus</span> <span class='ocrx_word' id='word_1_62' title='bbox 1707 732 1888 786; x_wconf 16' lang='lat' dir='ltr'>uictum*</span> 
     </span>
     <span class='ocr_line' id='line_1_9' title="bbox 411 801 1892 860; baseline 0 -17"><span class='ocrx_word' id='word_1_63' title='bbox 411 801 682 844; x_wconf 86' lang='lat' dir='ltr'>cotidianum</span> <span class='ocrx_word' id='word_1_64' title='bbox 726 805 984 860; x_wconf 92' lang='lat' dir='ltr'>pertenuem</span> <span class='ocrx_word' id='word_1_65' title='bbox 1034 803 1224 852; x_wconf 88' lang='lat' dir='ltr'>duceret,</span> <span class='ocrx_word' id='word_1_66' title='bbox 1264 802 1483 844; x_wconf 91' lang='lat' dir='ltr'>irruentes</span> <span class='ocrx_word' id='word_1_67' title='bbox 1532 816 1611 858; x_wconf 94' lang='lat' dir='ltr'>per</span> <span class='ocrx_word' id='word_1_68' title='bbox 1653 803 1892 849; x_wconf 69' lang='lat' dir='ltr'>momenta,</span> 
     </span>
     <span class='ocr_line' id='line_1_10' title="bbox 410 870 1878 929; baseline 0.001 -17"><span class='ocrx_word' id='word_1_69' title='bbox 410 870 681 926; x_wconf 89' lang='lat' dir='ltr'>praedonum</span> <span class='ocrx_word' id='word_1_70' title='bbox 701 872 914 915; x_wconf 70' lang='lat' dir='ltr'>satellites</span> <span class='ocrx_word' id='word_1_71' title='bbox 934 872 1177 929; x_wconf 86' lang='lat' dir='ltr'>rapiebant.</span> <span class='ocrx_word' id='word_1_72' title='bbox 1237 871 1321 914; x_wconf 89' lang='lat' dir='ltr'>Pro</span> <span class='ocrx_word' id='word_1_73' title='bbox 1348 871 1508 928; x_wconf 91' lang='lat' dir='ltr'>quibus</span> <span class='ocrx_word' id='word_1_74' title='bbox 1535 871 1691 928; x_wconf 88' lang='lat' dir='ltr'>ingens</span> <span class='ocrx_word' id='word_1_75' title='bbox 1717 870 1878 914; x_wconf 90' lang='lat' dir='ltr'>mulier</span> 
     </span>
     <span class='ocr_line' id='line_1_11' title="bbox 410 939 1938 998; baseline 0 -17"><span class='ocrx_word' id='word_1_76' title='bbox 410 939 536 982; x_wconf 91' lang='lat' dir='ltr'>uelut</span> <span class='ocrx_word' id='word_1_77' title='bbox 561 940 734 984; x_wconf 90' lang='lat' dir='ltr'>insania</span> <span class='ocrx_word' id='word_1_78' title='bbox 760 942 848 984; x_wconf 90' lang='lat' dir='ltr'>iam</span> <span class='ocrx_word' id='word_1_79' title='bbox 879 941 1069 998; x_wconf 91' lang='lat' dir='ltr'>quadam</span> <span class='ocrx_word' id='word_1_80' title='bbox 1096 957 1152 984; x_wconf 84' lang='lat' dir='ltr'>ex</span> <span class='ocrx_word' id='word_1_81' title='bbox 1178 941 1482 998; x_wconf 71' lang='lat' dir='ltr'>indignatione</span> <span class='ocrx_word' id='word_1_82' title='bbox 1504 940 1790 998; x_wconf 82' lang='lat' dir='ltr'>fatigabatur,</span> <span class='ocrx_word' id='word_1_83' title='bbox 1810 939 1876 982; x_wconf 87' lang='lat' dir='ltr'>ita</span> <span class='ocrx_word' id='word_1_84' title='bbox 1895 951 1938 976; x_wconf 86' lang='lat'>10</span> 
     </span>
     <span class='ocr_line' id='line_1_12' title="bbox 409 1009 1876 1067; baseline 0.001 -16"><span class='ocrx_word' id='word_1_85' title='bbox 409 1012 462 1051; x_wconf 92' lang='lat' dir='ltr'>ut</span> <span class='ocrx_word' id='word_1_86' title='bbox 480 1009 704 1052; x_wconf 92' lang='lat' dir='ltr'>interdum</span> <span class='ocrx_word' id='word_1_87' title='bbox 730 1011 972 1067; x_wconf 88' lang='lat' dir='ltr'>praedones</span> <span class='ocrx_word' id='word_1_88' title='bbox 991 1011 1236 1054; x_wconf 83' lang='lat' dir='ltr'>maledictis</span> <span class='ocrx_word' id='word_1_89' title='bbox 1255 1011 1303 1053; x_wconf 90' lang='lat' dir='ltr'>in</span> <span class='ocrx_word' id='word_1_90' title='bbox 1322 1026 1471 1054; x_wconf 86' lang='lat' dir='ltr'>necem</span> <span class='ocrx_word' id='word_1_91' title='bbox 1499 1010 1567 1053; x_wconf 91' lang='lat' dir='ltr'>sui</span> <span class='ocrx_word' id='word_1_92' title='bbox 1595 1012 1640 1053; x_wconf 91' lang='lat' dir='ltr'>et</span> <span class='ocrx_word' id='word_1_93' title='bbox 1667 1009 1876 1053; x_wconf 87' lang='lat' dir='ltr'>conuiciis</span> 
     </span>
     <span class='ocr_line' id='line_1_13' title="bbox 410 1078 1875 1137; baseline 0.001 -17"><span class='ocrx_word' id='word_1_94' title='bbox 410 1078 655 1136; x_wconf 86' lang='lat' dir='ltr'>instigaret.</span> <span class='ocrx_word' id='word_1_95' title='bbox 730 1080 896 1123; x_wconf 89' lang='lat' dir='ltr'>Verum</span> <span class='ocrx_word' id='word_1_96' title='bbox 925 1095 1025 1123; x_wconf 91' lang='lat' dir='ltr'>cum</span> <span class='ocrx_word' id='word_1_97' title='bbox 1055 1095 1196 1137; x_wconf 92' lang='lat' dir='ltr'>neque</span> <span class='ocrx_word' id='word_1_98' title='bbox 1230 1080 1434 1123; x_wconf 90' lang='lat' dir='ltr'>irritatus</span> <span class='ocrx_word' id='word_1_99' title='bbox 1469 1080 1701 1136; x_wconf 90' lang='lat' dir='ltr'>quisquam</span> <span class='ocrx_word' id='word_1_100' title='bbox 1733 1093 1875 1136; x_wconf 91' lang='lat' dir='ltr'>neque</span> 
     </span>
     <span class='ocr_line' id='line_1_14' title="bbox 409 1148 1886 1207; baseline 0.001 -16"><span class='ocrx_word' id='word_1_101' title='bbox 409 1148 643 1192; x_wconf 87' lang='lat' dir='ltr'>miseratus</span> <span class='ocrx_word' id='word_1_102' title='bbox 674 1164 770 1192; x_wconf 92' lang='lat' dir='ltr'>eam</span> <span class='ocrx_word' id='word_1_103' title='bbox 797 1150 1076 1207; x_wconf 90' lang='lat' dir='ltr'>opprimeret,</span> <span class='ocrx_word' id='word_1_104' title='bbox 1097 1153 1143 1193; x_wconf 90' lang='lat' dir='ltr'>et</span> <span class='ocrx_word' id='word_1_105' title='bbox 1169 1150 1207 1193; x_wconf 90' lang='lat' dir='ltr'>si</span> <span class='ocrx_word' id='word_1_106' title='bbox 1235 1150 1342 1207; x_wconf 92' lang='lat' dir='ltr'>quid</span> <span class='ocrx_word' id='word_1_107' title='bbox 1372 1149 1488 1193; x_wconf 87' lang='lat' dir='ltr'>forte</span> <span class='ocrx_word' id='word_1_108' title='bbox 1515 1149 1601 1193; x_wconf 89' lang='lat' dir='ltr'>cibi</span> <span class='ocrx_word' id='word_1_109' title='bbox 1632 1149 1791 1192; x_wconf 86' lang='lat' dir='ltr'>fuisset</span> <span class='ocrx_word' id='word_1_110' title='bbox 1817 1148 1886 1198; x_wconf 71' lang='lat' dir='ltr'>ab,</span> 
     </span>
     <span class='ocr_line' id='line_1_15' title="bbox 408 1219 1873 1276; baseline 0 -16"><span class='ocrx_word' id='word_1_111' title='bbox 408 1232 461 1260; x_wconf 90' lang='lat' dir='ltr'>ea</span> <span class='ocrx_word' id='word_1_112' title='bbox 500 1219 759 1274; x_wconf 90' lang='lat' dir='ltr'>quaesitum,</span> <span class='ocrx_word' id='word_1_113' title='bbox 794 1219 841 1261; x_wconf 92' lang='lat' dir='ltr'>id</span> <span class='ocrx_word' id='word_1_114' title='bbox 879 1219 936 1262; x_wconf 88' lang='lat' dir='ltr'>ab</span> <span class='ocrx_word' id='word_1_115' title='bbox 975 1220 1075 1262; x_wconf 88' lang='lat' dir='ltr'>aliis</span> <span class='ocrx_word' id='word_1_116' title='bbox 1114 1222 1410 1276; x_wconf 86' lang='lat' dir='ltr'>quaereretur,</span> <span class='ocrx_word' id='word_1_117' title='bbox 1439 1234 1518 1262; x_wconf 90' lang='lat' dir='ltr'>nec</span> <span class='ocrx_word' id='word_1_118' title='bbox 1557 1219 1647 1261; x_wconf 92' lang='lat' dir='ltr'>iam</span> <span class='ocrx_word' id='word_1_119' title='bbox 1685 1232 1873 1275; x_wconf 90' lang='lat' dir='ltr'>usquam</span> 
     </span>
     <span class='ocr_line' id='line_1_16' title="bbox 407 1287 1947 1344; baseline 0.003 -16"><span class='ocrx_word' id='word_1_120' title='bbox 407 1287 653 1343; x_wconf 89' lang='lat' dir='ltr'>reperiendi</span> <span class='ocrx_word' id='word_1_121' title='bbox 683 1288 808 1344; x_wconf 85' lang='lat' dir='ltr'>copia</span> <span class='ocrx_word' id='word_1_122' title='bbox 842 1289 978 1339; x_wconf 89' lang='lat' dir='ltr'>fieret,</span> <span class='ocrx_word' id='word_1_123' title='bbox 1009 1288 1149 1331; x_wconf 82' lang='lat' dir='ltr'>fames</span> <span class='ocrx_word' id='word_1_124' title='bbox 1178 1291 1327 1331; x_wconf 89' lang='lat' dir='ltr'>autem</span> <span class='ocrx_word' id='word_1_125' title='bbox 1357 1288 1454 1331; x_wconf 88' lang='lat' dir='ltr'>dira</span> <span class='ocrx_word' id='word_1_126' title='bbox 1483 1288 1724 1331; x_wconf 87' lang='lat' dir='ltr'>uisceribus</span> <span class='ocrx_word' id='word_1_127' title='bbox 1763 1287 1872 1344; x_wconf 90' lang='lat' dir='ltr'>ipsis</span> <span class='ocrx_word' id='word_1_128' title='bbox 1892 1297 1947 1340; x_wconf 72' lang='lat'>¹⁵:</span> 
     </span>
     <span class='ocr_line' id='line_1_17' title="bbox 407 1355 1871 1414; baseline 0.001 -17"><span class='ocrx_word' id='word_1_129' title='bbox 407 1355 632 1399; x_wconf 89' lang='lat' dir='ltr'>insisteret</span> <span class='ocrx_word' id='word_1_130' title='bbox 680 1372 731 1400; x_wconf 86' lang='lat' dir='ltr'>ac</span> <span class='ocrx_word' id='word_1_131' title='bbox 780 1358 995 1408; x_wconf 88' lang='lat' dir='ltr'>medullis,</span> <span class='ocrx_word' id='word_1_132' title='bbox 1039 1361 1084 1401; x_wconf 92' lang='lat' dir='ltr'>et</span> <span class='ocrx_word' id='word_1_133' title='bbox 1131 1358 1188 1401; x_wconf 90' lang='lat' dir='ltr'>ad</span> <span class='ocrx_word' id='word_1_134' title='bbox 1231 1358 1426 1401; x_wconf 83' lang='lat' dir='ltr'>furorem</span> <span class='ocrx_word' id='word_1_135' title='bbox 1476 1359 1733 1414; x_wconf 87' lang='lat' dir='ltr'>perurgeret</span> <span class='ocrx_word' id='word_1_136' title='bbox 1781 1357 1871 1400; x_wconf 92' lang='lat' dir='ltr'>iam</span> 
     </span>
     <span class='ocr_line' id='line_1_18' title="bbox 407 1425 1873 1484; baseline 0.002 -17"><span class='ocrx_word' id='word_1_137' title='bbox 407 1425 566 1476; x_wconf 90' lang='lat' dir='ltr'>inedia,</span> <span class='ocrx_word' id='word_1_138' title='bbox 596 1425 714 1470; x_wconf 83' lang='lat' dir='ltr'>fame</span> <span class='ocrx_word' id='word_1_139' title='bbox 744 1429 789 1470; x_wconf 93' lang='lat' dir='ltr'>et</span> <span class='ocrx_word' id='word_1_140' title='bbox 819 1427 886 1470; x_wconf 90' lang='lat' dir='ltr'>ira</span> <span class='ocrx_word' id='word_1_141' title='bbox 906 1428 1106 1484; x_wconf 86' lang='lat' dir='ltr'>pessimis</span> <span class='ocrx_word' id='word_1_142' title='bbox 1133 1443 1213 1470; x_wconf 88' lang='lat' dir='ltr'>usa</span> <span class='ocrx_word' id='word_1_143' title='bbox 1239 1428 1562 1471; x_wconf 85' lang='lat' dir='ltr'>consultoribus</span> <span class='ocrx_word' id='word_1_144' title='bbox 1592 1430 1745 1470; x_wconf 86' lang='lat' dir='ltr'>contra</span> <span class='ocrx_word' id='word_1_145' title='bbox 1776 1427 1873 1484; x_wconf 88' lang='lat' dir='ltr'>ipsa</span> 
     </span>
    </p>

    <p class='ocr_par' dir='ltr' id='par_1_4' title="bbox 365 1494 1945 2384">
     <span class='ocr_line' id='line_1_19' title="bbox 365 1494 1872 1554; baseline 0.003 -19"><span class='ocrx_word' id='word_1_146' title='bbox 365 1503 391 1533; x_wconf 83' lang='lat' dir='ltr'>c</span> <span class='ocrx_word' id='word_1_147' title='bbox 407 1494 496 1536; x_wconf 86' lang='lat' dir='ltr'>iam</span> <span class='ocrx_word' id='word_1_148' title='bbox 525 1499 726 1538; x_wconf 90' lang='lat' dir='ltr'>armatur</span> <span class='ocrx_word' id='word_1_149' title='bbox 755 1497 853 1539; x_wconf 91' lang='lat' dir='ltr'>iura</span> <span class='ocrx_word' id='word_1_150' title='bbox 882 1499 1080 1540; x_wconf 85' lang='lat' dir='ltr'>naturae.</span> <span class='ocrx_word' id='word_1_151' title='bbox 1140 1497 1249 1540; x_wconf 87' lang='lat' dir='ltr'>Erat</span> <span class='ocrx_word' id='word_1_152' title='bbox 1275 1512 1464 1554; x_wconf 85' lang='lat' dir='ltr'>namque</span> <span class='ocrx_word' id='word_1_153' title='bbox 1485 1498 1524 1540; x_wconf 92' lang='lat' dir='ltr'>ei</span> <span class='ocrx_word' id='word_1_154' title='bbox 1552 1497 1635 1540; x_wconf 90' lang='lat' dir='ltr'>sub</span> <span class='ocrx_word' id='word_1_155' title='bbox 1661 1497 1872 1540; x_wconf 85' lang='lat' dir='ltr'>uberibus</span> 
     </span>
     <span class='ocr_line' id='line_1_20' title="bbox 405 1565 1870 1623; baseline 0.001 -17"><span class='ocrx_word' id='word_1_156' title='bbox 405 1565 620 1621; x_wconf 88' lang='lat' dir='ltr'>paruulus</span> <span class='ocrx_word' id='word_1_157' title='bbox 645 1566 776 1609; x_wconf 90' lang='lat' dir='ltr'>filius.</span> <span class='ocrx_word' id='word_1_158' title='bbox 838 1565 970 1609; x_wconf 88' lang='lat' dir='ltr'>Hunc</span> <span class='ocrx_word' id='word_1_159' title='bbox 996 1569 1100 1610; x_wconf 89' lang='lat' dir='ltr'>ante</span> <span class='ocrx_word' id='word_1_160' title='bbox 1128 1566 1274 1610; x_wconf 90' lang='lat' dir='ltr'>oculos</span> <span class='ocrx_word' id='word_1_161' title='bbox 1302 1566 1459 1617; x_wconf 82' lang='lat' dir='ltr'>ferens,</span> <span class='ocrx_word' id='word_1_162' title='bbox 1482 1566 1690 1617; x_wconf 81' lang='lat' dir='ltr'>Infelicis,</span> <span class='ocrx_word' id='word_1_163' title='bbox 1711 1566 1870 1623; x_wconf 89' lang='lat' dir='ltr'>inquit,</span> 
     </span>
     <span class='ocr_line' id='line_1_21' title="bbox 405 1634 1945 1692; baseline 0 -17"><span class='ocrx_word' id='word_1_164' title='bbox 405 1634 560 1676; x_wconf 89' lang='lat' dir='ltr'>matris</span> <span class='ocrx_word' id='word_1_165' title='bbox 595 1649 621 1677; x_wconf 95' lang='lat' dir='ltr'>o</span> <span class='ocrx_word' id='word_1_166' title='bbox 655 1634 874 1678; x_wconf 82' lang='lat' dir='ltr'>infelicior</span> <span class='ocrx_word' id='word_1_167' title='bbox 907 1635 983 1685; x_wconf 91' lang='lat' dir='ltr'>fili,</span> <span class='ocrx_word' id='word_1_168' title='bbox 1015 1635 1062 1677; x_wconf 91' lang='lat' dir='ltr'>in</span> <span class='ocrx_word' id='word_1_169' title='bbox 1097 1635 1211 1678; x_wconf 90' lang='lat' dir='ltr'>bello</span> <span class='ocrx_word' id='word_1_170' title='bbox 1246 1634 1363 1678; x_wconf 83' lang='lat' dir='ltr'>fame</span> <span class='ocrx_word' id='word_1_171' title='bbox 1394 1637 1439 1678; x_wconf 94' lang='lat' dir='ltr'>et</span> <span class='ocrx_word' id='word_1_172' title='bbox 1468 1635 1714 1692; x_wconf 90' lang='lat' dir='ltr'>direptione</span> <span class='ocrx_word' id='word_1_173' title='bbox 1743 1649 1868 1692; x_wconf 90' lang='lat' dir='ltr'>prae·</span> <span class='ocrx_word' id='word_1_174' title='bbox 1889 1643 1945 1685; x_wconf 54' lang='lat'>²0,</span> 
     </span>
     <span class='ocr_line' id='line_1_22' title="bbox 404 1703 1871 1761; baseline 0.003 -17"><span class='ocrx_word' id='word_1_175' title='bbox 404 1703 569 1745; x_wconf 90' lang='lat' dir='ltr'>donum</span> <span class='ocrx_word' id='word_1_176' title='bbox 603 1704 673 1747; x_wconf 91' lang='lat' dir='ltr'>cui</span> <span class='ocrx_word' id='word_1_177' title='bbox 708 1706 753 1746; x_wconf 90' lang='lat' dir='ltr'>te</span> <span class='ocrx_word' id='word_1_178' title='bbox 786 1705 1052 1748; x_wconf 58' lang='lat' dir='ltr'>reseruabo‘b</span> <span class='ocrx_word' id='word_1_179' title='bbox 1117 1704 1235 1747; x_wconf 89' lang='lat' dir='ltr'>Nam</span> <span class='ocrx_word' id='word_1_180' title='bbox 1267 1705 1349 1747; x_wconf 91' lang='lat' dir='ltr'>etsi</span> <span class='ocrx_word' id='word_1_181' title='bbox 1382 1705 1478 1747; x_wconf 92' lang='lat' dir='ltr'>uita</span> <span class='ocrx_word' id='word_1_182' title='bbox 1511 1705 1677 1761; x_wconf 88' lang='lat' dir='ltr'>sperari</span> <span class='ocrx_word' id='word_1_183' title='bbox 1712 1706 1871 1761; x_wconf 85' lang='lat' dir='ltr'>posset,</span> 
     </span>
     <span class='ocr_line' id='line_1_23' title="bbox 404 1772 1870 1831; baseline 0.001 -17"><span class='ocrx_word' id='word_1_184' title='bbox 404 1775 450 1814; x_wconf 92' lang='lat' dir='ltr'>et</span> <span class='ocrx_word' id='word_1_185' title='bbox 484 1772 588 1829; x_wconf 90' lang='lat' dir='ltr'>iugo</span> <span class='ocrx_word' id='word_1_186' title='bbox 628 1773 852 1816; x_wconf 90' lang='lat' dir='ltr'>Romanae</span> <span class='ocrx_word' id='word_1_187' title='bbox 886 1773 1117 1816; x_wconf 88' lang='lat' dir='ltr'>seruitutis</span> <span class='ocrx_word' id='word_1_188' title='bbox 1149 1787 1368 1831; x_wconf 88' lang='lat' dir='ltr'>urgemur.</span> <span class='ocrx_word' id='word_1_189' title='bbox 1449 1773 1536 1816; x_wconf 88' lang='lat' dir='ltr'>Sed</span> <span class='ocrx_word' id='word_1_190' title='bbox 1576 1788 1693 1816; x_wconf 90' lang='lat' dir='ltr'>nunc</span> <span class='ocrx_word' id='word_1_191' title='bbox 1727 1773 1870 1830; x_wconf 91' lang='lat' dir='ltr'>ipsam</span> 
     </span>
     <span class='ocr_line' id='line_1_24' title="bbox 403 1841 1869 1900; baseline 0.001 -16"><span class='ocrx_word' id='word_1_192' title='bbox 403 1841 537 1884; x_wconf 88' lang='lat' dir='ltr'>etiam</span> <span class='ocrx_word' id='word_1_193' title='bbox 569 1842 829 1885; x_wconf 87' lang='lat' dir='ltr'>seruitutem</span> <span class='ocrx_word' id='word_1_194' title='bbox 865 1843 1097 1900; x_wconf 88' lang='lat' dir='ltr'>praeuenit</span> <span class='ocrx_word' id='word_1_195' title='bbox 1132 1842 1295 1895; x_wconf 85' lang='lat' dir='ltr'>fames3</span> <span class='ocrx_word' id='word_1_196' title='bbox 1333 1843 1574 1899; x_wconf 88' lang='lat' dir='ltr'>praedones</span> <span class='ocrx_word' id='word_1_197' title='bbox 1608 1857 1714 1886; x_wconf 92' lang='lat' dir='ltr'>uero</span> <span class='ocrx_word' id='word_1_198' title='bbox 1746 1844 1869 1886; x_wconf 90' lang='lat' dir='ltr'>utra-</span> 
     </span>
     <span class='ocr_line' id='line_1_25' title="bbox 403 1911 1866 1969; baseline 0.002 -17"><span class='ocrx_word' id='word_1_199' title='bbox 403 1925 487 1966; x_wconf 93' lang='lat' dir='ltr'>que</span> <span class='ocrx_word' id='word_1_200' title='bbox 519 1911 566 1953; x_wconf 92' lang='lat' dir='ltr'>ui</span> <span class='ocrx_word' id='word_1_201' title='bbox 598 1911 823 1968; x_wconf 87' lang='lat' dir='ltr'>grauiores</span> <span class='ocrx_word' id='word_1_202' title='bbox 855 1915 1105 1969; x_wconf 87' lang='lat' dir='ltr'>perurgent.</span> <span class='ocrx_word' id='word_1_203' title='bbox 1167 1912 1278 1954; x_wconf 90' lang='lat' dir='ltr'>Veni</span> <span class='ocrx_word' id='word_1_204' title='bbox 1312 1927 1416 1969; x_wconf 85' lang='lat' dir='ltr'>ergo</span> <span class='ocrx_word' id='word_1_205' title='bbox 1447 1926 1564 1954; x_wconf 87' lang='lat' dir='ltr'>nunc</span> <span class='ocrx_word' id='word_1_206' title='bbox 1596 1926 1623 1954; x_wconf 96' lang='lat' dir='ltr'>o</span> <span class='ocrx_word' id='word_1_207' title='bbox 1654 1912 1714 1953; x_wconf 92' lang='lat' dir='ltr'>mi</span> <span class='ocrx_word' id='word_1_208' title='bbox 1750 1914 1866 1965; x_wconf 91' lang='lat' dir='ltr'>nate,</span> 
     </span>
     <span class='ocr_line' id='line_1_26' title="bbox 401 1980 1927 2038; baseline 0.002 -17"><span class='ocrx_word' id='word_1_209' title='bbox 401 1981 495 2022; x_wconf 89' lang='lat' dir='ltr'>esto</span> <span class='ocrx_word' id='word_1_210' title='bbox 527 1980 659 2022; x_wconf 83' lang='lat' dir='ltr'>matri</span> <span class='ocrx_word' id='word_1_211' title='bbox 695 1980 829 2030; x_wconf 90' lang='lat' dir='ltr'>cibus,</span> <span class='ocrx_word' id='word_1_212' title='bbox 864 1981 1158 2037; x_wconf 86' lang='lat' dir='ltr'>praedonibus</span> <span class='ocrx_word' id='word_1_213' title='bbox 1193 1981 1328 2031; x_wconf 82' lang='lat' dir='ltr'>furor,</span> <span class='ocrx_word' id='word_1_214' title='bbox 1367 1981 1524 2024; x_wconf 86' lang='lat' dir='ltr'>seculis</span> <span class='ocrx_word' id='word_1_215' title='bbox 1556 1980 1719 2031; x_wconf 86' lang='lat' dir='ltr'>fabula,</span> <span class='ocrx_word' id='word_1_216' title='bbox 1753 1996 1864 2038; x_wconf 89' lang='lat' dir='ltr'>quae</span> <span class='ocrx_word' id='word_1_217' title='bbox 1886 1992 1927 2028; x_wconf 79' lang='lat'>²⁵</span> 
     </span>
     <span class='ocr_line' id='line_1_27' title="bbox 401 2048 1864 2102; baseline 0.002 -12"><span class='ocrx_word' id='word_1_218' title='bbox 401 2048 494 2091; x_wconf 86' lang='lat' dir='ltr'>sola</span> <span class='ocrx_word' id='word_1_219' title='bbox 529 2049 680 2091; x_wconf 87' lang='lat' dir='ltr'>deerat</span> <span class='ocrx_word' id='word_1_220' title='bbox 718 2050 916 2092; x_wconf 90' lang='lat' dir='ltr'>cladibus</span> <span class='ocrx_word' id='word_1_221' title='bbox 961 2050 1208 2093; x_wconf 89' lang='lat' dir='ltr'>Iudeorum.</span> <span class='ocrx_word' id='word_1_222' title='bbox 1290 2050 1348 2092; x_wconf 91' lang='lat' dir='ltr'>Et</span> <span class='ocrx_word' id='word_1_223' title='bbox 1378 2065 1477 2093; x_wconf 90' lang='lat' dir='ltr'>cum</span> <span class='ocrx_word' id='word_1_224' title='bbox 1518 2050 1624 2093; x_wconf 88' lang='lat' dir='ltr'>haec</span> <span class='ocrx_word' id='word_1_225' title='bbox 1667 2050 1864 2102; x_wconf 85' lang='lat' dir='ltr'>dixisset,</span> 
     </span>
     <span class='ocr_line' id='line_1_28' title="bbox 401 2117 1867 2176; baseline 0.002 -17"><span class='ocrx_word' id='word_1_226' title='bbox 401 2117 532 2160; x_wconf 87' lang='lat' dir='ltr'>simul</span> <span class='ocrx_word' id='word_1_227' title='bbox 583 2118 724 2160; x_wconf 88' lang='lat' dir='ltr'>filium</span> <span class='ocrx_word' id='word_1_228' title='bbox 768 2118 952 2176; x_wconf 85' lang='lat' dir='ltr'>iugulat.</span> <span class='ocrx_word' id='word_1_229' title='bbox 1031 2119 1143 2162; x_wconf 89' lang='lat' dir='ltr'>Tum</span> <span class='ocrx_word' id='word_1_230' title='bbox 1193 2119 1350 2162; x_wconf 90' lang='lat' dir='ltr'>deinde</span> <span class='ocrx_word' id='word_1_231' title='bbox 1399 2119 1492 2176; x_wconf 89' lang='lat' dir='ltr'>igni</span> <span class='ocrx_word' id='word_1_232' title='bbox 1542 2119 1867 2175; x_wconf 85' lang='lat' dir='ltr'>superpositum</span> 
     </span>
     <span class='ocr_line' id='line_1_29' title="bbox 401 2187 1867 2245; baseline 0.002 -16"><span class='ocrx_word' id='word_1_233' title='bbox 401 2189 542 2229; x_wconf 90' lang='lat' dir='ltr'>torret</span> <span class='ocrx_word' id='word_1_234' title='bbox 576 2190 622 2230; x_wconf 90' lang='lat' dir='ltr'>et</span> <span class='ocrx_word' id='word_1_235' title='bbox 656 2187 848 2230; x_wconf 91' lang='lat' dir='ltr'>medium</span> <span class='ocrx_word' id='word_1_236' title='bbox 881 2189 1042 2245; x_wconf 88' lang='lat' dir='ltr'>quippe</span> <span class='ocrx_word' id='word_1_237' title='bbox 1078 2189 1246 2232; x_wconf 88' lang='lat' dir='ltr'>edendo</span> <span class='ocrx_word' id='word_1_238' title='bbox 1276 2188 1505 2238; x_wconf 88' lang='lat' dir='ltr'>consumit,</span> <span class='ocrx_word' id='word_1_239' title='bbox 1536 2187 1729 2231; x_wconf 89' lang='lat' dir='ltr'>medium</span> <span class='ocrx_word' id='word_1_240' title='bbox 1760 2203 1867 2232; x_wconf 91' lang='lat' dir='ltr'>uero</span> 
     </span>
     <span class='ocr_line' id='line_1_30' title="bbox 402 2257 1865 2314; baseline 0.002 -16"><span class='ocrx_word' id='word_1_241' title='bbox 402 2259 600 2299; x_wconf 82' lang='lat' dir='ltr'>reseruat</span> <span class='ocrx_word' id='word_1_242' title='bbox 629 2257 862 2300; x_wconf 87' lang='lat' dir='ltr'>obtectum.</span> <span class='ocrx_word' id='word_1_243' title='bbox 926 2258 982 2299; x_wconf 87' lang='lat' dir='ltr'>Et</span> <span class='ocrx_word' id='word_1_244' title='bbox 1013 2272 1107 2300; x_wconf 88' lang='lat' dir='ltr'>ecce</span> <span class='ocrx_word' id='word_1_245' title='bbox 1139 2257 1371 2301; x_wconf 83' lang='lat' dir='ltr'>confestim</span> <span class='ocrx_word' id='word_1_246' title='bbox 1405 2257 1646 2314; x_wconf 86' lang='lat' dir='ltr'>praedones</span> <span class='ocrx_word' id='word_1_247' title='bbox 1676 2258 1865 2309; x_wconf 84' lang='lat' dir='ltr'>irruunt,</span> 
     </span>
     <span class='ocr_line' id='line_1_31' title="bbox 401 2326 1926 2384; baseline 0.003 -17"><span class='ocrx_word' id='word_1_248' title='bbox 401 2326 630 2368; x_wconf 84' lang='lat' dir='ltr'>ambustae</span> <span class='ocrx_word' id='word_1_249' title='bbox 668 2326 812 2368; x_wconf 81' lang='lat' dir='ltr'>carnis</span> <span class='ocrx_word' id='word_1_250' title='bbox 852 2327 1003 2369; x_wconf 87' lang='lat' dir='ltr'>nidore</span> <span class='ocrx_word' id='word_1_251' title='bbox 1043 2330 1252 2384; x_wconf 87' lang='lat' dir='ltr'>concepto</span> <span class='ocrx_word' id='word_1_252' title='bbox 1283 2329 1467 2369; x_wconf 84' lang='lat' dir='ltr'>mortem</span> <span class='ocrx_word' id='word_1_253' title='bbox 1509 2327 1747 2377; x_wconf 84' lang='lat' dir='ltr'>minantur,</span> <span class='ocrx_word' id='word_1_254' title='bbox 1777 2327 1863 2371; x_wconf 89' lang='lat' dir='ltr'>nisi</span> <span class='ocrx_word' id='word_1_255' title='bbox 1883 2341 1926 2375; x_wconf 79' lang='lat'>30</span> 
     </span>
    </p>

    <p class='ocr_par' dir='ltr' id='par_1_5' title="bbox 353 2394 1863 2522">
     <span class='ocr_line' id='line_1_32' title="bbox 353 2394 1863 2452; baseline 0.004 -18"><span class='ocrx_word' id='word_1_256' title='bbox 353 2394 494 2437; x_wconf 75' lang='lat' dir='ltr'>deine</span> <span class='ocrx_word' id='word_1_257' title='bbox 541 2410 663 2437; x_wconf 84' lang='lat' dir='ltr'>mora</span> <span class='ocrx_word' id='word_1_258' title='bbox 712 2395 841 2444; x_wconf 86' lang='lat' dir='ltr'>cibos,</span> <span class='ocrx_word' id='word_1_259' title='bbox 881 2411 990 2452; x_wconf 79' lang='lat' dir='ltr'>quos</span> <span class='ocrx_word' id='word_1_260' title='bbox 1035 2399 1212 2452; x_wconf 83' lang='lat' dir='ltr'>paratos</span> <span class='ocrx_word' id='word_1_261' title='bbox 1251 2398 1489 2445; x_wconf 79' lang='lat' dir='ltr'>senserant,</span> <span class='ocrx_word' id='word_1_262' title='bbox 1529 2396 1863 2441; x_wconf 81' lang='lat' dir='ltr'>demonstraret.</span> 
     </span>
     <span class='ocr_line' id='line_1_33' title="bbox 400 2463 1863 2522; baseline 0.002 -16"><span class='ocrx_word' id='word_1_263' title='bbox 400 2464 436 2506; x_wconf 85' lang='lat' dir='ltr'>T</span> <span class='ocrx_word' id='word_1_264' title='bbox 439 2479 510 2506; x_wconf 78' lang='lat' dir='ltr'>uin</span> <span class='ocrx_word' id='word_1_265' title='bbox 534 2463 620 2512; x_wconf 82' lang='lat' dir='ltr'>illa,</span> <span class='ocrx_word' id='word_1_266' title='bbox 644 2464 855 2520; x_wconf 84' lang='lat' dir='ltr'>Equidem</span> <span class='ocrx_word' id='word_1_267' title='bbox 879 2467 1060 2521; x_wconf 83' lang='lat' dir='ltr'>partem,</span> <span class='ocrx_word' id='word_1_268' title='bbox 1075 2465 1230 2521; x_wconf 86' lang='lat' dir='ltr'>inquit,</span> <span class='ocrx_word' id='word_1_269' title='bbox 1245 2465 1369 2507; x_wconf 87' lang='lat' dir='ltr'>uobis</span> <span class='ocrx_word' id='word_1_270' title='bbox 1393 2465 1604 2522; x_wconf 83' lang='lat' dir='ltr'>optimam</span> <span class='ocrx_word' id='word_1_271' title='bbox 1629 2466 1863 2510; x_wconf 83' lang='lat' dir='ltr'>reseruaui.</span> 
     </span>
    </p>
   </div>
   <div class='ocr_carea' id='block_1_3' title="bbox 398 2571 1864 2795">
    <p class='ocr_par' dir='ltr' id='par_1_6' title="bbox 398 2571 1864 2795">
     <span class='ocr_line' id='line_1_34' title="bbox 404 2571 1864 2620; baseline 0.001 -11"><span class='ocrx_word' id='word_1_272' title='bbox 404 2583 415 2609; x_wconf 93' lang='grc' dir='ltr'><strong>ι</strong></span> <span class='ocrx_word' id='word_1_273' title='bbox 448 2573 570 2608; x_wconf 75' lang='lat' dir='ltr'>Maria</span> <span class='ocrx_word' id='word_1_274' title='bbox 589 2571 740 2609; x_wconf 84' lang='lat' dir='ltr'>nomine</span> <span class='ocrx_word' id='word_1_275' title='bbox 761 2573 797 2608; x_wconf 87' lang='lat' dir='ltr'>M</span> <span class='ocrx_word' id='word_1_276' title='bbox 916 2584 937 2617; x_wconf 82' lang='grc'>4</span> <span class='ocrx_word' id='word_1_277' title='bbox 963 2572 1211 2609; x_wconf 77' lang='lat' dir='ltr'>hierosolimis</span> <span class='ocrx_word' id='word_1_278' title='bbox 1226 2573 1314 2609; x_wconf 85' lang='lat' dir='ltr'>GBS</span> <span class='ocrx_word' id='word_1_279' title='bbox 1438 2582 1454 2620; x_wconf 83' lang='lat'><strong>5</strong></span> <span class='ocrx_word' id='word_1_280' title='bbox 1483 2573 1633 2619; x_wconf 84' lang='lat' dir='ltr'>quidem</span> <span class='ocrx_word' id='word_1_281' title='bbox 1653 2573 1813 2620; x_wconf 80' lang='lat' dir='ltr'>reliquas</span> <span class='ocrx_word' id='word_1_282' title='bbox 1831 2574 1864 2610; x_wconf 84' lang='lat' dir='ltr'>A</span> 
     </span>
     <span class='ocr_line' id='line_1_35' title="bbox 399 2619 1863 2668; baseline 0.001 -11"><span class='ocrx_word' id='word_1_283' title='bbox 399 2623 420 2657; x_wconf 89' lang='lat'><strong>8</strong></span> <span class='ocrx_word' id='word_1_284' title='bbox 446 2619 695 2656; x_wconf 73' lang='lat' dir='ltr'>cottidianum</span> <span class='ocrx_word' id='word_1_285' title='bbox 715 2621 745 2656; x_wconf 75' lang='lat' dir='ltr'>A</span> <span class='ocrx_word' id='word_1_286' title='bbox 876 2630 926 2666; x_wconf 82' lang='grc'>13,</span> <span class='ocrx_word' id='word_1_287' title='bbox 952 2630 991 2665; x_wconf 87' lang='lat'>14</span> <span class='ocrx_word' id='word_1_288' title='bbox 1018 2621 1205 2666; x_wconf 72' lang='lat' dir='ltr'>quesitum</span> <span class='ocrx_word' id='word_1_289' title='bbox 1224 2621 1271 2657; x_wconf 80' lang='lat' dir='ltr'>ab</span> <span class='ocrx_word' id='word_1_290' title='bbox 1289 2633 1334 2658; x_wconf 82' lang='lat' dir='ltr'>ea</span> <span class='ocrx_word' id='word_1_291' title='bbox 1351 2619 1382 2655; x_wconf 87' lang='lat' dir='ltr'>A</span> <span class='ocrx_word' id='word_1_292' title='bbox 1510 2631 1549 2668; x_wconf 88' lang='lat'>15</span> <span class='ocrx_word' id='word_1_293' title='bbox 1577 2621 1812 2668; x_wconf 84' lang='lat' dir='ltr'>repperiendi</span> <span class='ocrx_word' id='word_1_294' title='bbox 1829 2621 1863 2659; x_wconf 77' lang='lat' dir='ltr'>A</span> 
     </span>
     <span class='ocr_line' id='line_1_36' title="bbox 400 2667 1862 2750; baseline 0.002 -13"><span class='ocrx_word' id='word_1_295' title='bbox 400 2700 508 2737; x_wconf 71' lang='lat' dir='ltr'>samin</span> <span class='ocrx_word' id='word_1_296' title='bbox 526 2700 607 2736; x_wconf 61' lang='grc' dir='ltr'>(ΡΜ</span> <span class='ocrx_word' id='word_1_297' title='bbox 787 2667 831 2744; x_wconf 72' lang='grc'>17(</span> <span class='ocrx_word' id='word_1_298' title='bbox 835 2668 958 2737; x_wconf 55' lang='lat' dir='ltr'>”itsimzi</span> <span class='ocrx_word' id='word_1_299' title='bbox 1137 2712 1178 2747; x_wconf 76' lang='lat'>¹9</span> <span class='ocrx_word' id='word_1_300' title='bbox 1203 2713 1340 2748; x_wconf 77' lang='lat' dir='ltr'>paruus</span> <span class='ocrx_word' id='word_1_301' title='bbox 1358 2701 1423 2738; x_wconf 88' lang='lat' dir='ltr'>SM</span> <span class='ocrx_word' id='word_1_302' title='bbox 1598 2713 1656 2748; x_wconf 89' lang='lat'>22,</span> <span class='ocrx_word' id='word_1_303' title='bbox 1675 2713 1719 2750; x_wconf 85' lang='lat'>23</span> <span class='ocrx_word' id='word_1_304' title='bbox 1745 2702 1862 2741; x_wconf 85' lang='lat' dir='ltr'>etiam</span> 
     </span>
     <span class='ocr_line' id='line_1_37' title="bbox 398 2747 1147 2795; baseline 0.001 -12"><span class='ocrx_word' id='word_1_305' title='bbox 398 2747 517 2795; x_wconf 72' lang='lat' dir='ltr'>ipsam</span> <span class='ocrx_word' id='word_1_306' title='bbox 539 2748 572 2783; x_wconf 88' lang='grc' dir='ltr'><strong>Μ</strong></span> <span class='ocrx_word' id='word_1_307' title='bbox 719 2759 761 2793; x_wconf 82' lang='grc'>32</span> <span class='ocrx_word' id='word_1_308' title='bbox 780 2747 964 2795; x_wconf 79' lang='lat' dir='ltr'>optimam</span> <span class='ocrx_word' id='word_1_309' title='bbox 984 2748 1091 2785; x_wconf 82' lang='lat' dir='ltr'>uobis</span> <span class='ocrx_word' id='word_1_310' title='bbox 1110 2749 1147 2784; x_wconf 90' lang='lat' dir='ltr'>M</span> 
     </span>
    </p>
   </div>
   <div class='ocr_carea' id='block_1_4' title="bbox 445 2812 1166 2934">
    <p class='ocr_par' dir='ltr' id='par_1_7' title="bbox 445 2812 1166 2934">
     <span class='ocr_line' id='line_1_38' title="bbox 445 2812 1166 2876; baseline -0.001 -10"><span class='ocrx_word' id='word_1_311' title='bbox 445 2833 489 2866; x_wconf 81' lang='lat'>28</span> <span class='ocrx_word' id='word_1_312' title='bbox 514 2812 665 2876; x_wconf 56' lang='lat' dir='ltr'>quippei</span> <span class='ocrx_word' id='word_1_313' title='bbox 693 2831 834 2876; x_wconf 71' lang='lat' dir='ltr'>quidem</span> <span class='ocrx_word' id='word_1_314' title='bbox 852 2829 969 2866; x_wconf 82' lang='lat' dir='ltr'>habet</span> <span class='ocrx_word' id='word_1_315' title='bbox 988 2829 1166 2866; x_wconf 77' lang='lat' dir='ltr'>Russinus.</span> 
     </span>
     <span class='ocr_line' id='line_1_39' title="bbox 505 2902 550 2934; baseline 0.022 -1"><span class='ocrx_word' id='word_1_316' title='bbox 505 2902 550 2934; x_wconf 84' lang='lat'>80</span> 
     </span>
    </p>
   </div>
  </div>
 </body>
</html>
