1994 3190
236 160 315 202 525
334 151 363 190 b
713 152 974 197 IOANNIS
1013 152 1527 198 SARESBERIENSIS
1673 150 1784 213 [Lm.
1799 163 1851 197 IV

380 273 481 316 aliis
502 273 857 317 excellentiorem
875 276 1074 326 nouerat,
1095 275 1221 332 quasi
1241 275 1457 319 bonorum
1477 277 1848 321 hereditariorum

339 354 364 385 c
381 341 736 396 fundamentum,
766 343 824 386 ad
854 344 1035 388 unicum
1069 359 1200 401 quem
1232 345 1439 402 sperabat
1473 347 1598 404 regni
1628 349 1674 390 et
1709 346 1848 391 felici-

379 412 488 455 tatis
528 411 733 455 futurum
771 413 976 456 heredem
1015 414 1319 458 transmittere
1358 416 1546 460 curauit.
1624 416 1694 460 Ob
1733 417 1849 461 hanc

380 495 559 524 causam
612 482 799 539 epistola
851 483 946 526 eius
995 483 1219 527 destinata
1271 484 1496 528 Aristotili
1550 500 1694 543 nuper
1747 485 1845 529 nati

379 551 637 602 Alexandri,
673 554 725 595 ut
755 553 1027 610 sperabatur,
1059 554 1274 611 magistro
1312 554 1411 597 uisa
1445 557 1513 598 est
1547 555 1846 600 exscribenda.
1866 566 1886 603 5

380 620 462 663 Est
491 621 632 679 igitur
659 625 870 679 concepta
896 623 954 665 ad
980 623 1094 666 hanc
1121 623 1261 666 ferme
1287 624 1578 666 sententiam:
1614 624 1846 682 Philippus

379 690 604 734 Aristotili
631 691 820 734 salutem
848 692 968 735 dicit.
1028 692 1191 735 Filium
1221 692 1356 736 michi
1383 693 1585 750 genitum
1615 694 1736 744 scito,
1757 707 1857 751 quo.

379 760 584 816 equidem
616 760 715 803 Diis
747 761 888 803 habeo
920 761 1125 818 gratiam,
1154 776 1244 804 non
1274 762 1459 818 proinde
1486 762 1591 818 quia
1617 766 1750 806 natus
1778 765 1848 806 est

378 844 512 886 quam
533 845 613 887 pro
633 845 684 873 eo
700 830 817 887 quod
833 845 933 873 eum
954 830 1073 874 nasci
1094 830 1283 888 contigit
1297 831 1570 887 temporibus
1589 832 1711 874 uitae
1730 834 1848 877 tuae.

379 898 519 955 Spero
550 899 714 942 etenim
751 899 846 942 fore
885 901 938 942 ut
976 899 1187 942 educatus
1219 899 1508 956 eruditusque
1542 915 1570 943 a
1603 903 1650 944 te
1684 901 1847 959 dignus
1867 915 1908 940 10

379 968 545 1011 existat
579 971 624 1011 et
653 969 780 1011 nobis
809 972 855 1012 et
884 983 1031 1012 rerum
1061 969 1248 1012 istarum
1278 969 1566 1026 susceptione.
1626 970 1848 1014 Romanos

378 1037 666 1094 imperatores
694 1042 774 1081 aut
797 1039 941 1091 duces,
962 1039 1069 1080 dum
1090 1053 1242 1081 eorum
1266 1039 1514 1095 respublica
1533 1039 1693 1097 uiguit,
1712 1039 1847 1083 illite-

379 1110 500 1150 ratos
531 1107 732 1151 extitisse
766 1123 856 1151 non
890 1108 1084 1152 memini.
1143 1107 1202 1151 Et
1236 1108 1382 1151 nescio
1413 1108 1630 1165 quomodo
1659 1109 1849 1166 contigit

379 1175 510 1232 quod,
549 1191 604 1219 ex
648 1191 735 1233 quo
775 1177 822 1218 in
861 1177 1135 1234 principibus
1175 1177 1321 1220 uirtus
1361 1177 1536 1235 languit
1581 1178 1846 1230 litterarum,

332 1247 362 1287 d
379 1248 576 1288 armatae
615 1260 789 1302 quoque
828 1246 1015 1289 militiae
1054 1247 1280 1290 infirmata
1319 1250 1387 1290 est
1425 1262 1583 1290 manus
1622 1250 1668 1290 et
1707 1247 1847 1305 ipsius
1866 1260 1905 1296 15

378 1315 654 1371 principatus
689 1315 814 1372 quasi
850 1316 1047 1372 praecisa
1080 1316 1221 1359 radix.
1280 1316 1375 1360 Nec
1409 1316 1584 1368 mirum,
1615 1331 1716 1360 cum
1751 1317 1847 1361 sine

378 1384 597 1441 sapientia
611 1385 760 1427 nullus
775 1388 893 1428 stare
915 1389 995 1429 aut
1014 1400 1107 1429 esse
1126 1385 1276 1429 ualeat
1294 1385 1583 1443 principatus.
1643 1385 1847 1431 Socrates

378 1453 598 1510 Apollinis
629 1454 805 1497 oraculo
835 1455 1188 1512 sapientissimus
1222 1455 1444 1499 iudicatus
1472 1458 1540 1499 est
1570 1458 1615 1499 et
1645 1456 1721 1513 qui
1751 1456 1847 1500 sine

377 1523 724 1566 contradictione
749 1527 917 1581 septem
944 1524 1043 1567 illos
1068 1524 1144 1581 qui
1169 1524 1277 1568 dicti
1303 1527 1410 1568 sunt
1435 1525 1655 1582 sapientes
1681 1525 1846 1569 incom-

379 1592 638 1649 parabiliter
656 1594 892 1636 antecessit
912 1608 1001 1637 non
1022 1594 1069 1636 in
1084 1594 1289 1651 opinione
1305 1594 1548 1652 sapientiae
1568 1595 1644 1638 sed
1662 1595 1845 1647 uirtute,
1865 1606 1909 1632 20

379 1667 486 1705 tunc
510 1662 688 1705 demum
719 1663 987 1719 respublicas
1014 1663 1109 1706 fore
1136 1663 1289 1707 beatas
1313 1664 1513 1715 asseruit,
1537 1664 1575 1707 si
1603 1679 1676 1708 eas
1704 1665 1846 1722 philo·

379 1732 506 1788 sophi
535 1735 738 1788 regerent
761 1735 842 1775 aut
862 1736 1051 1776 rectores
1072 1748 1224 1776 earum
1245 1733 1423 1776 studere
1443 1734 1686 1791 sapientiae
1707 1734 1846 1778 conti-

378 1802 527 1858 gisset.
569 1801 627 1844 Et
640 1802 692 1853 (si
710 1802 792 1844 tibi
807 1802 1002 1845 Socratis
1014 1802 1194 1846 uidetur
1206 1803 1558 1861 contempnenda
1569 1803 1847 1863 auctoritas):

381 1870 463 1914 Per
483 1886 564 1921 me,
576 1871 724 1928 inquit
744 1871 984 1928 Sapientia,
998 1887 1122 1930 reges
1142 1875 1342 1930 regnant,
1363 1875 1408 1916 et
1428 1873 1676 1917 conditores
1696 1874 1846 1932 legum

229 1945 311 1994 526
331 1941 497 1985 aiusta
531 1941 795 1993 decernunt;
831 1956 910 1998 per
939 1956 1009 1984 me
1043 1942 1263 1999 principes
1299 1942 1530 1999 imperant,
1561 1945 1607 1986 et
1641 1945 1845 2000 potentes
1864 1952 1906 1988 ²5

378 2010 621 2053 decernunt
642 2010 883 2062 iustitiam;
914 2025 995 2068 ego
1021 2010 1256 2069 diligentes
1279 2026 1349 2054 me
1373 2011 1521 2069 diligo,
1543 2014 1587 2055 et
1612 2012 1688 2069 qui
1716 2027 1845 2056 mane

377 2079 569 2136 uigilant
584 2079 640 2122 ad
658 2094 738 2129 me,
755 2079 985 2122 inuenient
1000 2095 1092 2133 me;
1122 2094 1291 2124 mecum
1309 2083 1414 2123 sunt
1429 2080 1613 2124 diuitiae
1629 2085 1674 2125 et
1693 2081 1848 2139 gloria,

377 2163 482 2206 opes
517 2149 730 2206 superbae
766 2152 812 2192 et
843 2149 1040 2202 iustitia3
1075 2150 1230 2193 melior
1262 2152 1329 2193 est
1369 2150 1542 2193 fructus
1581 2164 1705 2194 meus
1738 2165 1847 2195 auro

378 2222 423 2262 et
455 2218 600 2275 lapide
636 2217 840 2275 pretioso,
870 2219 1095 2275 genimina
1130 2234 1228 2262 mea
1263 2222 1448 2276 argento
1483 2219 1642 2272 electo;
1683 2219 1729 2262 in
1759 2220 1847 2264 uiis

378 2288 575 2331 iustitiae
617 2288 806 2339 ambulo,
839 2288 884 2330 in
926 2289 1070 2331 medio
1109 2289 1367 2332 semitarum
1408 2288 1570 2339 iudicii,
1610 2291 1663 2332 ut
1707 2289 1845 2333 ditem
1864 2301 1908 2336 30

378 2419 398 2455 3
425 2408 538 2454 hanc]
558 2420 671 2491 guam
692 2407 730 2444 M
880 2409 903 2445 6
931 2408 1141 2463 phylippus
1159 2408 1198 2443 M
1342 2418 1382 2463 ιζ
1408 2407 1630 2463 illitteratos
1658 2408 1709 2463 Β·
1765 2456 1773 2465 ·
1803 2411 1847 2465 16

405 2456 539 2494 rescisa
561 2477 568 2490 ι
590 2456 624 2491 Μ
774 2464 814 2500 17
838 2461 917 2502 poa!
944 2459 1182 2502 principatus
1207 2458 1291 2492 add.
1316 2467 1407 2501 qum.
1431 2458 1620 2502 sapientia
1649 2456 1711 2492 del
1736 2456 1847 2495 dunt.

392 2504 467 2540 'ine
486 2516 544 2540 me
563 2502 680 2540 nichil
695 2502 851 2550 potentio
871 2504 994 2541 facere
1012 2505 1044 2539 A
1062 2515 1172 2549 maty.
1192 2503 1222 2539 P
1364 2513 1404 2539 21
1435 2502 1660 2550 phylosophi
1679 2504 1718 2540 M

424 2610 447 2646 6
474 2610 668 2655 Philippus
701 2611 769 2645 etc.
787 2619 795 2644 :
840 2606 1050 2654 Epistolam
1085 2605 1254 2654 Philippi
1287 2618 1333 2643 ex
1366 2606 1488 2643 Gellio
1522 2606 1592 2644 loc.
1626 2606 1691 2644 cit.
1724 2608 1845 2646 traxit

380 2656 550 2700 Ioannes,
569 2656 674 2692 cuiun
693 2655 876 2691 lectiones
895 2654 1059 2691 eontulit
1087 2654 1258 2691 Hertziun
1282 2654 1321 2690 in
1347 2653 1515 2692 editione
1542 2654 1683 2691 maiore
1702 2654 1845 2701 (Berol.

382 2706 500 2750 1883).
650 2713 688 2747 17
716 2706 876 2739 socrum
892 2706 983 2738 etc:
1010 2715 1040 2739 v.
1060 2702 1141 2739 val.
1164 2702 1262 2738 Max.
1284 2701 1328 2738 iv.
1355 2713 1377 2747 4
1397 2705 1470 2738 ext.
1491 2701 1508 2748 ξ
1533 2712 1545 2739 1
1566 2714 1575 2747 3
1602 2702 1649 2739 cf.
1669 2702 1715 2740 iv.
1738 2713 1748 2739 1
1768 2704 1844 2739 ext.

378 2750 396 2798 ξ
418 2761 449 2795 7.
595 2762 634 2787 21
665 2756 750 2786 eune
766 2753 907 2786 demum
925 2752 1020 2787 etc.:
1048 2762 1077 2787 v.
1098 2749 1178 2786 Val.
1200 2749 1299 2786 Max.
1317 2748 1379 2785 vii.
1398 2759 1418 2786 2
1438 2751 1513 2786 ext.
1535 2748 1551 2795 ξ
1572 2761 1616 2804 4;
1643 2749 1774 2787 Boeth.
1801 2752 1845 2787 de

380 2800 520 2836 comat.
540 2799 671 2835 Philon.
692 2798 714 2835 i.
735 2798 847 2835 Prona
864 2797 909 2835 iv.
1055 2808 1101 2844 24
1127 2799 1197 2834 Per·
1212 2810 1265 2834 me
1282 2799 1377 2835 etc.:
1404 2797 1509 2835 Prov.
1529 2796 1603 2834 viii.
1627 2807 1749 2845 15-21.

489 2869 553 2913 ²⁵⁶
