1994 3190
251 174 323 215 512
342 165 372 204 b
721 162 982 207 IOANNIS
1022 162 1538 207 SARESBERIENSIS
1673 163 1784 221 [mn.
1801 174 1862 208 111

342 289 372 327 b
391 284 660 328 humilitatis
685 283 938 342 exemplum
958 286 1006 328 et
1028 283 1332 328 fortitudinis:
1372 283 1595 341 Corripiet
1621 298 1692 327 me
1717 283 1863 327 iustus

390 355 439 397 in
479 354 792 407 misericordia,
826 357 873 397 et
913 354 1160 411 increpabit
1198 367 1292 406 me;
1333 353 1480 397 oleum
1521 355 1672 396 autem
1711 367 1861 410 pecca·

389 424 501 467 toris
529 438 620 466 non
658 423 908 482 impinguet
946 425 1082 480 caput
1120 437 1281 467 meum.
1342 421 1569 467 Consonat
1608 423 1648 466 ei
1689 422 1862 467 ethicus

388 493 566 537 dicens:

505 573 662 616 Falsus
690 573 831 616 honor
858 572 988 616 iuuat
1016 576 1096 616 aut
1125 572 1319 616 mendax
1348 571 1536 615 infamia
1566 575 1705 616 terret
1880 587 1900 621 5

505 646 636 689 quem
665 631 752 674 nisi
781 631 1040 674 mendosum
1070 634 1116 674 et
1146 631 1430 674 mendacem?

389 759 497 818 Cap.
524 770 587 816 15.
635 759 765 815 Quod
783 760 826 803 ei
850 760 1092 804 dumtaxat
1118 759 1219 803 licet
1241 758 1451 812 adulari,
1472 773 1605 816 quem
1630 758 1728 803 licet
1752 758 1860 802 occi-

598 830 700 874 dere
712 848 731 880 ;
760 834 798 873 et
819 829 937 886 quod
955 829 1181 872 tirannus
1193 827 1408 885 publicus
1427 827 1559 871 hostis
1578 833 1650 872 est.

443 911 761 955 Verumtamen
799 910 870 953 cui
910 909 1097 952 debetur
1135 909 1218 952 hoc
1261 908 1406 952 oleum
1445 908 1700 965 peccatoris,
1740 907 1860 965 quod

385 981 594 1038 reprobat
624 979 935 1038 praeambulus
970 993 1125 1035 regum
1154 977 1365 1029 fidelium,
1400 980 1445 1021 et
1475 978 1533 1020 ad
1564 978 1682 1034 quod
1712 992 1858 1021 emen·
1880 995 1922 1020 ιο

358 1106 360 1110 y
385 1050 493 1093 dum
520 1050 567 1092 in
595 1049 807 1093 fatuitate
836 1063 918 1092 sua
947 1048 1148 1092 exclusas
1177 1047 1376 1105 uirgines
1405 1047 1548 1090 mittit
1577 1047 1858 1105 euangelicus

384 1122 558 1163 sermo?
618 1119 671 1162 Ei
692 1119 847 1175 utique
869 1118 945 1175 qui
972 1118 1020 1159 in
1047 1117 1251 1160 sordibus
1282 1119 1350 1160 est
1375 1119 1421 1160 et
1444 1117 1563 1160 iusto
1583 1117 1667 1160 Dei
1694 1116 1858 1160 iudicio

384 1189 597 1233 sordescit
616 1189 807 1246 amplius
827 1190 872 1231 et
892 1187 1018 1244 uulgi
1039 1187 1245 1244 opinione
1268 1187 1417 1244 potius
1438 1187 1667 1244 splendere
1683 1186 1858 1246 appetit

342 1273 368 1303 c
385 1273 518 1316 quam
548 1258 749 1302 caritatis
772 1272 1041 1315 operumque
1062 1257 1156 1300 eius
1186 1256 1359 1300 feruere
1389 1256 1601 1300 incendio.
1662 1256 1790 1299 Vnde
1809 1258 1856 1300 ct

384 1328 433 1370 in
462 1328 732 1371 secularibus
762 1326 926 1370 litteris
955 1329 1135 1370 cautum
1176 1329 1244 1370 est
1278 1326 1385 1383 quia
1413 1325 1544 1369 aliter
1572 1340 1672 1369 cum
1702 1325 1854 1377 amico,
1876 1346 1915 1380 ¹5

383 1397 515 1441 aliter
549 1397 792 1439 uiuendum
824 1399 892 1439 est
927 1411 1028 1439 cum
1058 1396 1248 1439 tiranno.
1308 1395 1464 1439 Amico
1494 1395 1649 1452 utique
1681 1395 1856 1438 adulari

383 1481 473 1510 non
493 1466 607 1517 licet,
623 1466 700 1508 sed
715 1480 844 1508 aures
864 1465 1033 1508 tiranni
1055 1465 1245 1509 mulcere
1265 1465 1438 1508 licitum
1458 1467 1538 1509 est.
1589 1465 1643 1507 Ei
1664 1479 1855 1522 namque

382 1536 487 1579 licet
507 1535 691 1586 adulari,
713 1549 843 1592 quem
863 1534 967 1578 licet
986 1534 1193 1578 occidere.
1254 1534 1390 1578 Porro
1411 1535 1639 1578 tirannum
1659 1533 1855 1577 occidere

382 1620 472 1648 non
504 1605 633 1648 modo
663 1605 835 1648 licitum
869 1607 938 1647 est
971 1604 1049 1647 sed
1079 1618 1269 1661 aequum
1301 1607 1347 1647 et
1376 1604 1555 1647 iustum.
1616 1603 1704 1657 Qui
1735 1603 1854 1646 enim

381 1674 581 1732 gladium
610 1674 782 1731 accipit,
808 1674 957 1731 gladio
991 1674 1154 1732 dignus
1184 1676 1252 1716 est
1281 1673 1476 1717 interire.
1537 1673 1626 1717 Sed
1657 1673 1853 1730 accipere
1873 1690 1916 1716 πο

380 1744 650 1801 intelligitur
679 1744 756 1800 qui
793 1758 894 1786 eum
928 1744 1108 1801 propria
1138 1743 1390 1787 temeritate
1420 1746 1619 1800 usurpat,
1648 1757 1739 1786 non
1775 1741 1853 1799 qui

378 1813 533 1857 utendi
556 1827 607 1856 eo
627 1812 788 1870 accipit
807 1827 834 1855 a
854 1812 1045 1855 Domino
1070 1816 1348 1870 potestatem.
1408 1813 1574 1870 Vtique
1601 1812 1678 1870 qui
1702 1827 1730 1855 a
1757 1811 1853 1856 Deo

378 1885 644 1940 potestatem
666 1881 837 1939 accipit,
858 1882 1029 1939 legibus
1050 1882 1190 1926 seruit
1215 1885 1261 1926 et
1286 1882 1485 1926 iustitiae
1505 1885 1551 1925 et
1578 1882 1687 1925 iuris
1708 1880 1852 1924 famu-

377 1952 448 1995 lus
469 1955 544 1995 est.
607 1951 694 2004 Qui
721 1966 827 1994 uero
851 1966 947 1994 eam
972 1955 1171 2008 usurpat,
1192 1952 1291 1995 iura
1317 1952 1528 2009 deprimit
1555 1956 1601 1995 et
1627 1949 1852 1994 uoluntati

376 2036 482 2065 suae
507 2021 625 2078 leges
652 2020 906 2064 summittit.
971 2020 1025 2063 In
1056 2036 1156 2064 eum
1184 2036 1288 2078 ergo
1308 2021 1466 2064 merito
1493 2022 1725 2063 armantur
1750 2020 1850 2064 iura
1869 2042 1911 2076 ²⁵

379 2091 456 2148 qui
492 2090 610 2147 leges
642 2093 856 2140 exarmat,
886 2093 932 2133 et
967 2090 1143 2147 publica
1172 2093 1368 2147 potestas
1400 2089 1516 2133 seuit
1549 2089 1596 2132 in
1633 2103 1734 2132 eum
1771 2090 1848 2146 qui

382 2175 596 2204 euacuare
630 2159 793 2202 nititur
826 2159 1047 2216 publicam
1083 2173 1277 2202 manum.
1340 2158 1409 2210 Et,
1439 2173 1540 2202 cum
1581 2158 1724 2201 multa
1757 2158 1851 2202 sint

334 2230 363 2271 d
381 2229 567 2275 crimina
596 2228 854 2281 maiestatis,
884 2228 1055 2271 nullum
1086 2228 1269 2286 grauius
1299 2231 1367 2271 est
1396 2243 1459 2280 eo,
1489 2227 1606 2285 quod
1637 2227 1850 2272 aduersus

376 2368 399 2403 9
423 2357 721 2403 Vernmptamen
743 2355 772 2389 A
887 2363 925 2390 11
954 2353 1223 2401 euuangelicun
1241 2352 1272 2388 A
1396 2363 1439 2394 ιιι
1462 2353 1639 2390 karitatis
1659 2354 1683 2390 S
1805 2355 1848 2392 16

374 2417 461 2442 cum
479 2404 631 2440 tiranno
650 2402 856 2439 uiuendum
874 2404 932 2437 cst
952 2400 981 2436 Β
1118 2403 1158 2437 18
1185 2403 1390 2448 tyrannum
1410 2401 1449 2437 M
1582 2412 1626 2438 22
1652 2413 1675 2438 a
1691 2401 1847 2440 domino

373 2452 515 2499 accipit
533 2450 619 2487 ΝΜ
763 2459 806 2496 25
833 2448 1026 2485 submittit
1044 2447 1143 2484 ΑΒΜ

426 2583 439 2611 1
473 2573 650 2619 Corripiet
668 2573 762 2608 otc:
791 2570 847 2607 Pa.
873 2569 946 2607 cxl.
971 2578 1001 2617 5.
1225 2570 1359 2605 Palm
1387 2572 1483 2607 etc.:
1523 2570 1611 2606 Hor.
1639 2571 1709 2617 Ep.
1735 2570 1759 2607 i.
1791 2571 1846 2609 16.

375 2631 432 2668 39,
450 2631 508 2665 4ο.
574 2618 655 2664 aul]
673 2625 704 2654 et
724 2618 811 2654 Hor.
959 2628 1003 2654 ιο
1023 2629 1172 2664 praecum
1198 2618 1281 2653 ulus
1298 2630 1419 2663 reyum
1431 2619 1622 2663 fidelo'um:
1649 2631 1697 2654 sc.
1715 2617 1846 2655 David.

377 2680 413 2707 ιι
445 2669 672 2712 euanqele'cue
700 2678 834 2701 nermo:
861 2677 892 2701 v.
919 2665 1030 2701 Mutt.
1059 2676 1140 2702 xxv.
1175 2675 1185 2700 ι
1215 2676 1315 2711 seqq.
1464 2676 1503 2702 12
1529 2667 1592 2712 quo·
1618 2667 1655 2701 o’n
1680 2667 1846 2703 sordibus

369 2720 462 2753 etc.:
490 2728 520 2751 v.
539 2716 653 2761 Apoc.
671 2713 759 2749 xxii.
784 2724 834 2750 ιι.
963 2722 1000 2759 15
1028 2714 1065 2747 in
1084 2713 1304 2748 aecidat-ibus
1321 2713 1474 2748 litteris:
1500 2712 1621 2750 v.Cic.
1635 2715 1678 2749 de
1696 2714 1840 2750 Amicii.

370 2775 415 2809 24
436 2763 453 2810 ξ
473 2764 529 2808 89.
678 2765 716 2797 18
743 2762 855 2797 Pom-0
873 2762 967 2798 etc.:
996 2759 1043 2798 cf.
1064 2759 1138 2796 Cic.
1161 2761 1227 2806 Off.
1246 2758 1298 2796 iii.
1318 2761 1341 2797 6
1360 2759 1377 2807 ξ
1397 2771 1452 2807 32.
1589 2770 1632 2807 19
1657 2762 1728 2805 Qui
1745 2762 1844 2797 em'm

371 2814 471 2851 eta:
498 2822 530 2846 v.
550 2808 659 2846 Μαι.
678 2808 773 2845 xxvi.
793 2817 848 2855 52.

483 2890 544 2924 ³3²
