1994 3190
171 203 274 256 on.
289 190 341 254 x]
691 190 1130 262 POLICRMIOVS
1656 191 1741 241 564
1761 200 1792 231 a

177 311 240 355 ei:
269 311 530 364 Talentum;
570 311 633 355 At
662 326 754 369 ego,
783 311 931 368 inquit
963 310 1261 362 Demostenes,
1281 309 1382 368 plus
1410 309 1556 368 accepi
1586 313 1640 354 ut

175 383 375 424 tacerem.
449 379 780 424 Causidicorum
815 370 1032 436 siquidem
1064 383 1132 422 est
1170 379 1324 437 lingua
1363 379 1640 437 dampnifica,
1655 378 1684 418 b

174 450 262 493 nisi
301 464 409 501 eam,
440 452 493 492 ut
527 449 614 493 dici
653 449 775 500 solet,
814 448 998 491 funibus
1036 449 1258 506 argenteis
1291 449 1470 492 uincias.
1545 449 1640 493 Nec

174 532 325 571 unum,
344 518 431 561 nisi
451 518 567 561 forte
586 517 918 575 potentissimus
938 517 1008 567 sit,
1028 517 1204 574 proficit
1229 518 1467 574 illaqueare
1487 533 1640 561 mune-

135 607 154 641 5
174 587 308 638 ribus,
343 587 448 644 quia
481 587 528 630 in
563 601 650 645 quo
689 587 822 630 unius
854 586 939 629 tibi
970 586 1231 630 conciliatur
1260 587 1417 643 gratia,
1451 587 1639 630 aliorum

173 655 422 699 concitatur
449 656 630 700 inuidia.
701 655 797 699 Sibi
828 669 1019 712 namque
1047 658 1330 712 praereptum
1363 655 1641 699 arbitrantur

175 725 293 782 quod
319 725 418 769 aliis
445 728 663 784 erogatur.
723 725 820 769 Hoc
850 728 998 768 autem
1029 739 1056 767 a
1082 724 1288 767 maximis
1315 725 1557 782 pertransit
1583 726 1639 768 ad

173 794 379 838 minimos
425 795 512 852 qui,
561 795 647 838 nisi
695 795 974 838 mulceantur
1021 794 1242 851 obsequiis
1290 797 1336 837 et
1384 794 1641 837 reficiantur

174 864 443 916 muneribus,
473 865 557 908 sibi
587 865 683 908 fieri
713 864 921 907 iniuriam
951 863 1241 921 suspicantur.

115 953 157 978 10
261 939 459 983 Maxima
488 954 686 997 quaeque
715 940 871 983 domus
899 939 1040 982 seruis
1069 941 1137 982 est
1165 938 1296 996 plena
1326 938 1552 995 superbis;

176 1016 222 1057 et
260 1014 413 1058 eadem
451 1014 623 1072 cupidis
661 1015 792 1072 plena
830 1018 898 1058 est
931 1016 977 1057 et
1010 1013 1169 1058 auaris
1244 1013 1319 1056 Illi
1354 1016 1504 1056 tamen
1543 1028 1641 1071 per-

175 1083 383 1127 niciosius
422 1087 582 1127 nocent
621 1084 739 1128 inter
777 1098 927 1127 omnes
965 1083 1113 1126 curiae
1152 1086 1402 1140 nugatores,
1442 1083 1518 1140 qui
1559 1083 1643 1126 sub

175 1155 411 1210 praetextu
441 1153 685 1197 honestatis
714 1156 760 1196 et
794 1152 1075 1196 liberalitatis
1114 1152 1315 1195 miseriae
1354 1166 1459 1196 suae
1499 1152 1643 1195 solent

175 1221 366 1279 ineptias
394 1222 598 1274 colorare,
627 1222 703 1280 qui
733 1222 963 1265 nitidiores
1001 1221 1223 1272 incedunt,
1253 1222 1328 1278 qui
1369 1221 1642 1279 splendidius
1659 1237 1684 1267 c

117 1310 158 1345 15
177 1291 424 1348 epulantur,
464 1291 540 1349 qui
578 1292 802 1349 propriam
845 1291 901 1334 ad
939 1305 1135 1334 mensam
1185 1291 1360 1348 saepius
1408 1295 1643 1334 extraneos

176 1360 446 1418 compellunt
483 1361 697 1411 accedere,
726 1360 1007 1403 humaniores
1046 1360 1177 1411 domi,
1207 1359 1317 1403 foris
1351 1360 1643 1418 benigniores,

175 1429 439 1473 affabiliores
468 1429 515 1472 in
544 1444 754 1481 sermone,
783 1430 1008 1473 liberiores
1047 1429 1094 1472 in
1133 1430 1377 1480 sententiis,
1407 1430 1454 1471 in
1494 1430 1642 1487 proxi·

176 1513 349 1542 morum
395 1498 519 1543 cultu
558 1499 754 1543 munifici
800 1502 846 1542 et
894 1499 1091 1542 omnium
1131 1499 1351 1542 uirtutum
1393 1499 1642 1542 imitatione

177 1567 401 1626 praeclari.
461 1567 523 1611 Vt
557 1568 674 1611 enim
705 1568 772 1611 ait
805 1568 998 1611 ethicus:
1049 1568 1204 1611 Totius
1238 1568 1484 1611 iniustitiae
1519 1568 1643 1611 nulla

118 1658 161 1684 20
178 1640 246 1680 est
278 1637 508 1695 capitalior
545 1652 677 1694 quam
723 1652 873 1681 eorum
914 1638 1002 1694 qui,
1032 1652 1133 1681 cum
1172 1638 1366 1680 maxime
1405 1637 1644 1695 decipiunt,

95 1731 98 1736 ·
178 1706 224 1749 id
244 1709 386 1764 agunt
411 1709 463 1750 ut
489 1706 592 1749 boni
620 1707 707 1750 uiri
736 1722 828 1751 esse
855 1707 1104 1750 uideantur.
1165 1707 1251 1749 His
1277 1707 1432 1764 utique
1459 1707 1644 1750 uirtutis

177 1776 336 1819 umbra
374 1775 596 1819 licentiam
637 1776 769 1829 facit3
811 1779 856 1820 et
894 1777 1012 1820 unde
1054 1776 1134 1819 uix
1183 1779 1441 1834 oportuerat
1475 1777 1642 1833 sperari

176 1845 364 1896 ueniam,
398 1845 583 1903 gloriam
623 1850 930 1904 assequuntur,
1002 1846 1192 1889 Possunt
1231 1846 1412 1903 impune
1451 1846 1644 1903 plurima

178 1917 440 1972 extorquere
465 1915 540 1972 qui
567 1930 707 1973 paruo
734 1931 823 1959 non
851 1918 1046 1973 possunt,
1067 1916 1202 1959 immo
1225 1915 1526 1973 dedignantur
1552 1930 1644 1959 esse

120 2010 161 2044 ²5
178 1983 387 2029 contenti.
447 1984 616 2028 Notum
638 1984 815 2042 quidem
837 1988 904 2028 est
924 1988 969 2028 et
988 1985 1192 2042 generale
1216 1985 1500 2042 prouerbium
1521 1986 1626 2042 quia

423 2060 586 2103 seruiet
616 2062 818 2103 eternum
848 2060 924 2118 qui
954 2074 1094 2117 paruo
1122 2060 1288 2102 nesciet
1317 2060 1399 2105 uti.

179 2133 248 2177 Ne
282 2137 432 2178 tamen
465 2149 565 2178 cum
596 2135 666 2178 his
700 2150 771 2178 me
805 2135 969 2178 bellum
1007 2134 1278 2177 inexorabile
1312 2149 1464 2192 gerere
1503 2138 1643 2192 putes,
1659 2139 1689 2180 d

177 2217 362 2246 munera
389 2204 574 2247 curiales
613 2204 796 2248 licenter
824 2204 1054 2261 accipiant,
1084 2204 1190 2246 dum
1220 2219 1309 2247 non
1349 2207 1644 2261 extorqueant

178 2272 469 2329 impudenter.
528 2273 676 2316 Pudor
700 2275 850 2316 autem
869 2273 1062 2316 abicitur
1086 2272 1217 2315 simul
1244 2287 1295 2316 ac
1315 2273 1372 2315 ad
1393 2274 1644 2317 exactiones

120 2363 162 2397 30
178 2343 364 2384 uentum
402 2344 482 2386 est.
563 2342 770 2392 Verbum,
810 2342 968 2398 inquit,
1007 2342 1306 2385 uerecundum
1355 2342 1543 2399 supplici
1593 2357 1644 2386 ac

179 2409 396 2453 submissa
424 2425 530 2454 uoce
559 2411 793 2455 dicendum
823 2411 948 2469 Rogo
960 2425 970 2464 ;
1011 2425 1091 2454 nec
1125 2411 1267 2469 gratis
1295 2411 1403 2454 tulit
1433 2412 1508 2468 qui
1543 2426 1644 2455 cum

182 2520 224 2556 17
251 2511 419 2548 affabiles
434 2513 475 2549 M
617 2523 662 2559 23
687 2515 908 2550 assecuntur
924 2512 949 2550 S
1081 2524 1127 2559 24
1146 2519 1230 2560 post
1245 2512 1362 2551 immo
1379 2516 1462 2550 add.
1481 2525 1558 2551 non
1576 2514 1643 2551 SM

178 2558 388 2606 dignantur
403 2559 429 2596 S
615 2571 656 2607 31
684 2561 882 2598 summissa
892 2562 926 2597 A

228 2648 249 2683 8
273 2649 506 2692 reficiantur:
534 2647 584 2684 cf.
605 2650 783 2694 rqfresher
805 2649 905 2695 apud
930 2660 1000 2685 nos
1024 2649 1070 2686 de
1097 2649 1261 2696 pecunia
1285 2649 1476 2686 advocatis
1501 2649 1642 2686 iterum

179 2694 270 2731 data
290 2694 402 2740 vulgo
427 2693 594 2738 dictum3
619 2695 666 2732 cf.
695 2698 825 2732 notam
849 2696 897 2732 ad
922 2708 998 2733 voc.
1022 2699 1213 2744 refriyerio
1237 2708 1351 2743 supra
1372 2696 1427 2733 iii.
1447 2706 1466 2741 7
1488 2698 1572 2742 (488
1585 2702 1641 2738 Α).

182 2753 228 2778 10
250 2742 419 2777 Maxima
433 2753 504 2789 qua
570 2754 587 2778 e
604 2744 675 2781 etc.
690 2755 699 2780 ε
726 2743 803 2778 Iuv.
821 2745 896 2779 Sat.
915 2755 946 2780 v.
964 2745 1021 2780 66.
1121 2754 1164 2790 19
1192 2745 1316 2779 Totius
1331 2746 1533 2780 iniustitiae
1549 2746 1640 2781 etc.:

181 2789 257 2826 Cic.
274 2790 318 2825 de
337 2790 405 2833 Off.
423 2788 449 2826 i.
471 2799 511 2834 13
567 2799 625 2836 41.
749 2791 795 2826 26
818 2792 951 2826 seruiet
967 2796 1129 2828 eternum
1145 2793 1216 2829 etc.
1232 2802 1240 2828 :
1268 2790 1360 2828 Hor.
1376 2792 1448 2838 Ep.
1465 2790 1490 2828 i.
1513 2802 1566 2830 10.
1583 2802 1642 2837 41.

181 2846 229 2884 30
258 2837 410 2872 Verbum
426 2838 522 2873 etc.:
548 2848 580 2873 v.
596 2835 682 2874 Sen.
696 2838 880 2884 deBenes.
896 2837 936 2874 ii.
950 2848 972 2874 2
986 2837 1004 2885 ξ
1022 2848 1052 2875 1.

1468 2917 1541 2952 3²5>
