1994 3236
12 1355 56 1721 ΐέῗέ-ὲᾼιξῆαὲνν
18 1257 50 1349 ›fe-„253
16 1203 43 1243 :e
20 1167 47 1197 ᾗ

17 1846 20 1851 -
17 1813 21 1820 Α
12 1737 25 1787 22-3*

31 2006 37 2027 ψ
38 1922 41 1931 ,
27 1853 40 1867 :2
28 1815 41 1843 4:
27 1751 42 1803 ,t-‚wv
28 1729 36 1740 -’

694 178 1147 224 PROLEGOMENA

187 297 287 340 aeui
315 295 512 346 historia,
540 308 599 337 an
628 307 815 350 usquam
845 292 893 334 in
919 291 1132 350 catalogis
1160 292 1357 350 antiquis
1386 292 1519 336 huius
1548 306 1647 336 uer-

184 365 319 410 sionis
338 365 418 407 flat
438 363 616 406 mentio.

242 435 427 478 Baslml
458 432 587 475 Vitae
613 430 822 486 antiquae
849 430 1262 487 interpretationem
1286 430 1492 474 adhibuit
1504 445 1514 484 ;
1543 430 1647 474 uide

181 501 544 547 commentarium
564 502 764 543 nostrum
785 498 843 541 ad
862 498 1026 542 Polior.
1048 499 1141 542 viii.
1169 511 1234 555 17.

239 571 578 616 CHBYsos'rono
603 583 632 612 a
660 567 794 610 medii
817 567 917 610 aeui
947 568 1201 611 auctoribus
1224 568 1493 611 attributum
1522 568 1647 624 Opus

180 640 497 698 imperfectum
531 638 586 681 in
616 636 910 687 Matthaeu‘m,
941 636 1058 693 quod
1087 651 1230 693 neque
1263 651 1292 679 a
1327 636 1646 693 Chrysostomo

180 723 322 766 neque
343 708 506 751 Graece
525 706 740 763 scriptum
761 704 899 748 fuisse
919 708 1105 757 constat,
1124 709 1205 749 aut
1234 721 1290 749 ex
1321 706 1536 748 Gratiano
1566 709 1647 748 aut

181 792 237 822 ex
257 777 344 821 alio
364 777 474 820 iuris
494 775 692 819 canonici
712 774 925 831 scriptore
951 775 1073 818 citat.
1134 775 1229 818 Sub
1250 775 1446 818 eiusdem
1467 774 1645 818 nomine

179 846 572 892 circumferebatur
601 843 784 887 homilia
812 843 867 887 de
897 844 942 888 S.
963 844 1130 887 Ioanne
1153 844 1358 902 Baptista
1378 844 1535 887 Latine
1565 846 1645 886 aut

178 916 344 973 scripta
355 919 435 958 aut
454 929 584 958 uersa
598 928 731 970 quam
751 913 907 956 laudat
919 913 1195 956 Abaelardus
1214 916 1260 956 et
1275 913 1463 956 fortasse
1476 913 1645 970 legerat

178 985 313 1029 etiam
332 985 519 1028 Ioannes
542 986 702 1026 noster.

236 1053 434 1098 enum
450 1053 594 1097 locum
613 1053 669 1096 in
687 1052 875 1108 epistola
890 1051 1143 1108 Epheeinae
1157 1051 1312 1095 sinodi
1328 1067 1457 1109 quem
1474 1051 1642 1095 Polior.

178 1123 256 1168 vii.
293 1134 342 1179 17
379 1123 501 1174 citat,
535 1123 582 1165 in
621 1122 904 1166 Scholiorum
935 1123 989 1166 de
1023 1122 1357 1166 Imarmtwne
1407 1121 1645 1178 Vniyeniti

177 1192 543 1250 interpretatione
587 1191 749 1235 Latina
798 1207 825 1236 a
863 1192 1006 1235 Mario
1048 1192 1291 1235 Mercatore
1328 1191 1448 1235 facta
1487 1191 1644 1248 legisse

177 1261 367 1306 uidetur.

234 1331 452 1374 Dromsn
483 1330 821 1374 AREOPAGITAE
851 1345 981 1388 quem
1011 1334 1173 1374 uocant
1209 1330 1509 1387 Epistolarum
1545 1343 1642 1372 uer-

176 1399 297 1444 sione
309 1415 337 1443 a
356 1400 522 1444 Ioanne
538 1399 671 1444 Scoto
686 1400 806 1443 edita
822 1400 984 1451 utitur;
1018 1400 1151 1443 aliam
1166 1415 1194 1442 a
1207 1400 1372 1442 Ioanne
1386 1399 1641 1448 Saramene,

175 1469 398 1527 coaequali
425 1473 471 1513 et
494 1470 635 1513 amico
663 1484 755 1523 suo,
776 1470 872 1512 fieri
899 1470 1086 1520 curauit,
1106 1473 1158 1512 ut
1186 1472 1311 1526 patet
1340 1484 1396 1512 ex
1424 1468 1643 1525 Epistola

180 1552 274 1597 149,
297 1541 391 1596 169,
414 1553 508 1596 230.

231 1678 303 1723 Ad
323 1678 506 1722 Latinos
524 1693 670 1736 pergo.

232 1748 460 1792 Tsnmu
474 1748 719 1792 comoedias
740 1763 852 1806 quae
865 1751 1045 1792 exstant
1057 1762 1207 1791 omnes
1222 1750 1400 1804 praeter
1415 1747 1642 1803 Hecyram

174 1818 296 1863 citat.
355 1818 612 1861 Terentium
632 1819 854 1862 comicum
879 1833 958 1875 per
983 1817 1334 1861 antonomasiam
1361 1831 1490 1874 saepe
1511 1819 1642 1860 uocat

175 1890 220 1931 et
249 1887 296 1930 in
324 1887 489 1931 Policr.
518 1887 593 1930 vii.
626 1901 651 1941 9
681 1887 902 1931 comicum
931 1887 1014 1944 qui
1036 1902 1153 1944 prae
1181 1887 1331 1930 ceteris
1359 1887 1512 1942 placet.
1573 1885 1642 1929 De

174 1956 325 2000 eodem
354 1957 402 1999 in
430 1956 596 2000 Policr.
624 1956 717 2000 viii.
746 1970 765 1999 1
793 1957 881 2000 ait:
930 1957 994 2000 In
1036 1956 1262 2000 Eunucho
1288 1956 1388 2012 sere
1427 1955 1641 1999 omnium

174 2026 326 2070 uitam
345 2026 566 2083 eaepressit.

231 2095 467 2140 LVOILIVM
490 2110 547 2139 ex
567 2095 776 2140 Cicerone
797 2097 850 2140 de
868 2095 1064 2140 Finibus
1084 2096 1131 2138 in
1151 2095 1314 2140 Polior.
1335 2095 1429 2137 viii.
1451 2095 1475 2135 8
1497 2094 1618 2138 citat.

231 2165 497 2209 VARRONEM
518 2179 573 2208 ex
595 2165 748 2216 Gellio,
765 2166 963 2223 Vegetio,
982 2166 1247 2222 Augustino,
1268 2164 1492 2208 Macrobio
1515 2165 1639 2208 citat.

231 2233 484 2278 CICERONIS
508 2235 562 2278 de
582 2234 748 2292 Officiis
771 2238 817 2278 et
842 2236 894 2278 de
919 2234 1104 2278 Oratore
1133 2235 1269 2277 libros
1299 2234 1503 2277 ecclesiae
1533 2233 1639 2277 Car-

174 2303 347 2347 notensi
380 2306 646 2347 testamento
679 2304 858 2361 legauit.
937 2304 1023 2346 His
1062 2318 1162 2347 cum
1197 2303 1391 2346 eiusdem
1426 2302 1552 2345 libris
1587 2302 1641 2345 de

174 2372 407 2424 Amicitia,
425 2373 480 2415 de
508 2372 712 2425 Finibus,
732 2368 786 2415 de
812 2374 1086 2416 Inuentiane
1110 2372 1357 2424 Rhetorica,
1378 2372 1431 2416 de
1453 2371 1642 2415 Natura

173 2439 383 2491 Deorum,
407 2441 460 2485 de
487 2441 728 2495 Senectute,
752 2444 797 2485 et
829 2442 1103 2486 Tusculanis
1130 2441 1533 2498 Disputatwnibae
1561 2456 1641 2485 nec

174 2522 263 2552 non
288 2509 413 2553 libris
441 2510 499 2553 ad
529 2510 804 2554 Herennium
830 2511 885 2554 de
913 2514 1019 2554 Arte
1047 2511 1284 2555 Rhetorica
1313 2511 1500 2568 scriptiS,
1531 2525 1640 2567 quos

176 2576 375 2622 Ciceroni
404 2579 568 2623 Polior.
600 2580 659 2623 vi.
694 2594 746 2634 19
777 2581 996 2631 attribuit,
1028 2581 1076 2623 in
1110 2581 1380 2624 Policratico
1409 2580 1639 2623 scribendo

174 2659 280 2689 usus
306 2650 383 2690 est.
443 2647 654 2705 Aucupes
682 2650 967 2692 rumusculos
987 2649 1167 2706 (Polior.
1189 2649 1249 2692 iii.
1271 2649 1318 2705 5)
1347 2649 1394 2691 in
1424 2649 1558 2692 tertio
1587 2650 1640 2692 de

174 2713 358 2771 Leqilms
386 2716 584 2760 inuenire
613 2718 771 2774 potuit.
830 2718 975 2761 Multa
1003 2722 1109 2761 sunt
1133 2733 1245 2775 quae
1269 2718 1404 2761 libros
1423 2719 1478 2762 de
1503 2718 1637 2761 Diui-

175 2783 362 2828 natione
389 2785 580 2842 sapiunt,
611 2787 824 2842 quaedam
856 2801 968 2843 quae
1003 2788 1302 2840 Academiam
1343 2802 1454 2844 quos
1487 2791 1637 2830 tamen

175 2866 234 2896 an
252 2852 344 2910 ipse
363 2853 532 2912 legerit,
551 2854 748 2898 dubitari
767 2858 926 2912 potest.

1406 2940 1520 2967 xxix
