1994 3190
291 180 361 219 531
376 171 405 209 b
745 171 1006 215 IOANNIS
1046 171 1558 216 SARESBERIENSIS
1713 173 1823 230 [ΗΒ.
1838 183 1888 217 lv

425 294 470 332 et
490 289 650 332 leniter
670 292 715 332 et
734 303 907 332 summa
926 303 1025 332 cum
1045 290 1291 348 grauitate:
1315 289 1547 347 Numquid
1567 290 1684 347 quod
1703 290 1890 348 uapulas

424 359 510 401 tibi
530 358 660 402 irasci
681 358 868 402 uideor?
917 358 1054 402 Estne
1074 359 1142 402 ira
1161 374 1270 410 mea,
1285 359 1323 402 si
1343 374 1371 402 a
1390 374 1460 402 me
1480 359 1680 403 debitum
1700 360 1889 417 recipis?

426 427 496 470 Ex
534 427 722 471 uultune
760 442 858 471 meo
888 443 946 471 an
981 443 1038 471 ex
1071 443 1177 472 uoce
1215 443 1274 471 an
1308 444 1364 472 ex
1399 429 1540 472 colore
1575 444 1633 472 an
1665 429 1799 472 etiam
1833 443 1891 472 ex

425 497 574 540 uerbis
598 498 666 540 ira
688 513 759 541 me
782 501 1039 555 corruptum
1067 498 1280 556 intelligis
1307 502 1387 542 aut
1412 501 1694 556 correptum?
1753 498 1890 542 Michi

426 567 605 623 quidem
624 582 766 625 neque
793 567 907 611 oculi
932 567 1089 624 opinor
1115 570 1261 611 truces
1280 570 1386 611 sunt
1411 582 1553 625 neque
1580 583 1628 611 os
1648 568 1890 620 turbidum,
1910 584 1929 617 5

427 651 569 693 neque
608 637 861 680 immaniter
899 636 1051 690 clamo,
1090 652 1232 694 neque
1271 637 1319 679 in
1359 652 1561 694 spumam
1600 637 1892 695 ruboremque

426 705 635 757 feruech
655 721 798 763 neque
817 706 1024 764 pudenda
1051 706 1147 749 dico
1175 709 1254 749 aut
1280 706 1530 763 penitenda,
1550 721 1692 763 neque
1712 707 1892 751 omnino

386 788 411 818 c
429 776 603 833 trepido
623 776 691 819 ira
710 781 790 819 aut
815 776 969 834 gestio.
1031 775 1153 819 Haec
1173 776 1322 818 omnia
1341 776 1515 833 quippe,
1535 775 1573 818 si
1592 775 1744 828 nescis,
1765 776 1893 833 signa

427 845 596 888 irarum
626 860 719 888 esse
748 845 903 888 solent.
965 844 1024 888 Et
1054 845 1185 888 simul
1215 845 1272 887 ad
1306 859 1407 888 eum
1442 845 1519 902 qui
1551 845 1762 889 caedebat
1791 861 1892 890 con·

427 931 606 960 uersus:
648 917 848 969 Interim,
883 916 1040 973 inquit,
1075 915 1182 958 dum
1214 930 1295 973 ego
1327 918 1460 972 atque
1495 915 1567 959 hic
1602 915 1892 972 disputamus,
1913 933 1954 958 ιο

426 989 479 1029 tu
509 987 591 1030 hoc
621 1000 728 1044 age3
759 989 804 1029 et
833 985 927 1028 sine
956 984 1186 1028 iracundia
1214 999 1312 1028 mea
1341 984 1528 1028 retunde
1557 985 1762 1028 seruilem
1793 999 1893 1028 eon-

428 1056 679 1106 tumaciam,
700 1059 746 1098 et
772 1055 974 1113 iniquum
1001 1054 1199 1112 penitere
1229 1054 1384 1097 doceas
1411 1068 1544 1111 quam
1571 1054 1760 1112 iurgare.
1819 1054 1893 1099 Sic

428 1125 672 1169 Plutarcus.
732 1125 788 1168 In
808 1140 895 1182 quo
916 1124 1142 1168 nonnichil
1163 1123 1424 1168 eruditionis
1443 1123 1646 1167 relictum
1666 1126 1734 1167 est
1753 1123 1894 1168 omni-

427 1195 512 1239 bus
532 1196 608 1253 qui
629 1196 676 1238 in
697 1194 957 1238 sullimitate
977 1198 1093 1238 sunt.

430 1315 537 1374 Cap.
571 1331 607 1372 9.
667 1315 792 1370 Quid
819 1315 880 1360 sit
910 1315 1140 1359 declinare
1170 1315 1233 1359 ad
1262 1315 1489 1359 deoetera‘m
1527 1315 1602 1359 uel
1639 1314 1894 1367 sinistram,
1914 1331 1953 1367 ιε

834 1385 955 1443 quod
975 1385 1190 1442 princeps
1213 1384 1488 1443 prohibetur.

490 1478 728 1535 Sequitur:
760 1477 916 1535 Neque
946 1477 1136 1521 declinet
1166 1477 1213 1520 in
1242 1481 1416 1535 partem
1449 1477 1653 1520 dextram
1686 1477 1758 1520 uel
1785 1477 1891 1521 sini-

429 1551 582 1592 stram.
616 1547 688 1591 Ad
701 1548 906 1591 dextram
921 1548 1141 1592 declinare
1153 1550 1220 1591 est
1233 1548 1477 1591 uirtutibus
1490 1547 1599 1605 ipsis
1611 1547 1896 1591 uehementer

429 1617 646 1660 insistere.
705 1617 777 1660 Ad
808 1617 1012 1661 dextram
1043 1617 1262 1661 declinare
1291 1620 1359 1660 est
1388 1617 1435 1659 in
1464 1617 1649 1660 uirtutis
1678 1617 1895 1674 operibus,

429 1701 541 1744 quae
580 1687 628 1729 in
667 1686 799 1730 modo
837 1687 1051 1738 consistit,
1085 1687 1265 1730 modum
1305 1687 1526 1730 excedere.
1602 1687 1758 1730 Omnis
1789 1701 1894 1731 uero
1914 1701 1958 1727 ao

383 1757 412 1797 d
430 1756 712 1799 uehementia
731 1756 889 1800 salutis
909 1756 1089 1800 inimica
1109 1760 1187 1808 est,
1208 1761 1253 1800 et
1280 1771 1483 1800 excessus
1507 1757 1650 1801 omnis
1676 1756 1724 1799 in
1743 1756 1896 1814 culpa3

430 1826 732 1883 bonarumque
764 1840 911 1869 rerum
943 1827 1214 1870 consuetudo
1243 1826 1382 1870 nimia
1411 1826 1601 1884 pessima
1629 1828 1709 1871 est.
1767 1825 1896 1869 Vnde

430 1895 654 1938 ethnicus:

577 1981 729 2024 Insani
759 1981 934 2038 sapiens
962 1995 1122 2024 nomen
1153 1981 1278 2032 feret,
1307 1996 1474 2038 aequus
1502 1980 1658 2048 iniqui,

575 2039 695 2082 ultra
725 2054 857 2097 quam
888 2039 997 2082 satis
1026 2043 1094 2082 est
1123 2040 1337 2083 uirtutem
1367 2040 1405 2083 si
1435 2042 1559 2097 petat
1587 2053 1741 2096 ipsam.
1916 2055 1956 2090 25

432 2125 490 2170 Et
515 2125 828 2184 philosophus:
859 2125 979 2170 Caue
1000 2126 1117 2183 quod
1139 2129 1205 2169 est
1226 2126 1436 2178 nimium;
1467 2125 1584 2183 quia,
1605 2125 1642 2168 si
1663 2125 1769 2169 haec
1800 2126 1897 2183 ipsa

430 2195 605 2240 cautela
652 2196 912 2239 modestiam
959 2195 1136 2248 deserit,
1175 2210 1226 2238 eo
1272 2195 1368 2253 ipso
1415 2210 1442 2238 a
1488 2195 1668 2238 tramite
1713 2195 1898 2240 uirtutis

431 2266 607 2309 incaute
657 2265 834 2309 recedit.
915 2264 1122 2308 Salomon
1172 2279 1372 2322 quoque:
1441 2261 1558 2315 Noli,
1605 2264 1764 2322 inquit,
1803 2279 1897 2309 esse

434 2379 644 2464 sssqppinffi·
659 2379 684 2417 S
839 2389 854 2417 x
861 2390 881 2427 3
907 2378 1130 2427 plutarchus
1148 2378 1188 2415 M
1342 2388 1386 2424 14
1410 2378 1646 2416 sublimitate
1662 2378 1696 2415 A
1851 2389 1898 2427 23

433 2439 452 2465 e
503 2440 583 2465 mun

484 2540 522 2568 ιι
556 2536 587 2567 ee
614 2533 692 2567 nine
721 2533 816 2568 etc.:
851 2542 947 2578 quae
974 2542 1012 2568 ee
1040 2533 1182 2567 uantur
1207 2542 1322 2577 usque
1351 2531 1399 2567 ad
1424 2532 1580 2577 fumare,
1606 2530 1706 2578 apud
1732 2529 1898 2569 Gellium

431 2578 594 2620 desunt:
619 2591 652 2615 v.
672 2578 799 2617 Hertz.
818 2579 866 2616 ad
889 2578 959 2616 loc.
981 2580 1018 2623 (e
1048 2605 1055 2614 .
1076 2578 1162 2614 mai.
1180 2578 1204 2614 i.
1224 2590 1261 2625 p.
1287 2579 1379 2662 13).
1545 2587 1585 2623 17
1611 2579 1731 2625 Neque
1747 2579 1898 2616 declinet

431 2628 504 2662 etc.
521 2637 530 2661 ε
558 2625 667 2662 Dent.
687 2625 773 2663 xvii.
794 2637 850 2663 20.
963 2636 1009 2680 24
1038 2627 1169 2661 Innam'
1185 2628 1280 2662 etc.:
1344 2638 1395 2662 or.
1414 2627 1484 2671 Ep.
1503 2626 1527 2661 i.
1546 2627 1580 2662 6.
1605 2635 1657 2672 15,
1680 2627 1733 2663 16.
1851 2627 1898 2663 26

428 2674 685 2720 philosophus:
712 2675 835 2710 forsan
860 2674 907 2711 nd
936 2672 1129 2710 Chilonem
1157 2672 1495 2710 Lacedaemonium
1520 2672 1682 2720 respicit,
1710 2672 1771 2709 cui
1795 2684 1899 2720 prae·

430 2723 582 2767 coptum
602 2722 699 2757 nihil
714 2724 868 2758 nimium
883 2733 1010 2767 cupere
1027 2720 1206 2757 attribuit
1226 2721 1377 2763 Plinius.
1398 2722 1492 2757 mat.
1511 2722 1596 2758 Nat.
1614 2719 1677 2756 vii.
1697 2731 1753 2767 32.
1852 2721 1897 2758 28

432 2769 518 2804 Noli
543 2770 641 2804 ctc.:
684 2767 822 2805 neele..
848 2768 910 2805 vii.
943 2778 982 2813 17
1008 2767 1061 2805 nic
1087 2767 1181 2804 citat
1206 2767 1432 2814 Ambrosius,
1454 2770 1496 2805 de
1521 2770 1628 2807 Poen.
1654 2767 1679 2806 i.
1700 2778 1714 2805 1
1745 2767 1762 2816 ξ
1789 2778 1831 2813 2;
1855 2770 1898 2805 de

431 2816 529 2853 obitu
550 2816 677 2853 mod.
697 2816 715 2864 §
737 2826 779 2863 25
800 2815 944 2864 (Migne
963 2817 1003 2852 P.
1024 2817 1067 2852 L.
1086 2814 1159 2852 xvi.
1178 2818 1259 2864 465,
1281 2815 1399 2863 1394)-

546 2887 610 2919 266
