1994 3190
226 191 308 241 487
328 200 354 230 c
698 187 959 231 IOANNIS
991 186 1502 231 SARESBERIENSIS
1650 184 1760 247 [Lm.
1774 197 1836 230 111

372 307 466 351 trix
486 310 553 351 est
572 308 698 350 cuius
717 307 874 351 indicit
890 306 1057 365 fugam.
1116 307 1276 360 Fauus,
1300 307 1458 364 inquit,
1479 307 1699 350 distillans
1717 305 1838 349 labia

372 377 615 420 meretricis
642 380 688 420 et
713 377 900 420 nitidius
925 377 1021 420 oleo
1046 379 1206 434 guttur
1235 377 1340 420 eius.
1406 377 1660 420 Nouissima
1687 377 1837 418 autem

374 447 468 489 eius
493 446 619 503 quasi
648 446 890 489 absintium
915 461 1066 488 amara
1090 449 1136 489 et
1161 449 1293 489 acuta
1319 445 1445 503 quasi
1472 445 1648 503 gladius
1675 445 1836 501 biceps.

373 515 511 558 Pedes
526 515 646 558 illius
660 515 930 559 descendunt
950 515 997 557 in
1016 518 1203 558 mortem
1224 518 1270 558 et
1289 515 1346 558 ad
1366 514 1532 558 inferos
1551 529 1727 572 gressus
1742 514 1838 556 eius

373 587 620 642 penetrant,
654 599 733 641 per
771 584 973 627 semitam
1013 585 1134 628 uitae
1171 599 1261 627 non
1295 585 1553 637 ambulant3
1591 584 1696 641 uagi
1731 585 1837 626 sunt
1854 598 1875 634 ⁵

372 669 549 712 gressus
569 654 662 697 eius
678 657 723 697 et
735 653 1076 711 inuestigabiles.
1126 653 1257 696 Nunc
1278 668 1394 711 ergo,
1409 653 1474 695 ffli
1494 653 1567 706 mi,
1582 653 1687 696 audi
1707 667 1777 695 me
1793 654 1839 695 et

373 738 429 766 ne
449 723 625 767 recedas
644 738 671 766 a
691 723 839 766 uerbis
858 723 947 766 oris
967 723 1064 766 mei.
1116 723 1265 780 Longe
1281 722 1352 766 fac
1373 723 1430 765 ab
1450 737 1502 765 ea
1516 722 1638 765 uiam
1654 725 1778 765 tuam
1794 724 1839 764 et

373 807 430 836 ne
449 792 775 850 appropinques
797 791 967 835 foribus
987 792 1143 835 domus
1163 792 1268 835 eius.
1327 791 1463 843 Haec,
1483 792 1566 835 etsi
1587 791 1645 834 ad
1674 794 1839 834 sectam

373 862 666 905 hereticorum
688 864 950 904 censeantur
969 861 1202 918 praecipue
1229 859 1472 913 referenda,
1493 861 1551 904 ab
1571 859 1839 903 adulationis

375 931 533 974 fraude
553 946 642 973 non
663 930 807 973 aliena
831 933 948 973 sunt.
1009 929 1058 973 Si
1085 944 1190 987 ergo
1214 930 1271 972 ad
1302 929 1420 973 fores
1446 930 1602 973 domus
1629 930 1723 972 eius
1748 943 1839 972 non
1858 943 1901 967 10

374 1000 478 1043 licet
507 1000 721 1052 accedere,
750 998 966 1056 numquid
997 999 1274 1042 admittenda
1303 1002 1371 1042 est
1399 999 1447 1042 in
1476 998 1732 1056 praecordia
1765 1012 1839 1055 pe-

376 1069 540 1114 ctoris?
600 1068 808 1113 Ceterum
836 1083 935 1112 cum
961 1068 1197 1125 multiplex
1217 1068 1278 1112 sit
1306 1068 1469 1111 uitium
1499 1067 1721 1118 adulandi,
1741 1067 1841 1110 aliis

332 1143 362 1184 d
378 1139 510 1181 uultu
548 1139 647 1181 aliis
685 1139 822 1181 uerbo
861 1138 960 1180 aliis
999 1152 1129 1194 opere
1168 1138 1240 1181 uel
1279 1152 1460 1181 munere
1498 1137 1840 1189 assentantibus,

376 1207 672 1251 efficacissima
701 1210 768 1250 est
796 1206 1064 1250 adulationis
1093 1206 1218 1250 fraus
1246 1221 1346 1250 cum
1381 1207 1707 1250 simulationem
1738 1220 1839 1250 con-

372 1277 555 1319 firmant
593 1291 777 1319 munera
815 1279 895 1319 aut
929 1275 969 1319 ei
1002 1275 1222 1319 difficilius
1256 1276 1515 1333 obsequium
1553 1278 1838 1320 contestatur.
1859 1290 1900 1326 ¹5

376 1345 426 1390 Si
456 1346 587 1389 aliter
615 1346 767 1396 credis,

558 1473 567 1482 ι
646 1473 655 1481 ι
1011 1429 1143 1471 quam
1173 1417 1218 1458 te
1247 1417 1328 1458 tua
1356 1418 1555 1472 tempora
1584 1413 1750 1457 fallunt

494 1487 571 1530 qui
600 1475 714 1529 stipe
744 1472 830 1515 mel
860 1475 1038 1530 sumpta
1067 1472 1238 1517 dulclus
1268 1487 1361 1516 esse
1389 1476 1534 1530 putas.

378 1570 587 1614 Probatio
606 1570 822 1627 siquidem
843 1585 974 1614 uerae
995 1570 1241 1614 dilectionis
1261 1572 1329 1614 est
1347 1570 1430 1614 sub
1450 1570 1583 1613 huius
1602 1572 1838 1627 tempesta-

377 1641 437 1684 tis
465 1640 745 1697 corruptione
776 1639 1074 1696 frequentatio
1101 1640 1307 1684 muneris.
1364 1640 1451 1683 Ars
1476 1639 1641 1683 artium
1668 1642 1758 1683 est:
1789 1639 1838 1683 Si
1859 1653 1903 1678 ao

378 1709 548 1767 placere
571 1709 653 1759 uis,
680 1708 935 1766 frequenter
960 1708 1078 1753 dato.
1135 1709 1185 1752 Si

1011 1800 1202 1844 calidum
1233 1801 1317 1844 scis
1345 1814 1506 1858 ponere
1535 1815 1701 1851 sumen,

494 1859 579 1903 scis
607 1858 811 1902 comitem
842 1858 1117 1902 horridulum
1147 1859 1256 1902 trita
1285 1859 1449 1903 donare
1479 1859 1664 1910 lacerna,

380 1955 494 1998 alter
514 1954 756 1999 Mercurius
779 1955 865 1998 eris
885 1955 925 1998 ei
947 1959 1002 2006 et,
1022 1955 1059 1998 si
1080 1955 1150 1998 uis
1169 1955 1369 2013 amplius,
1390 1970 1436 1999 es
1455 1956 1625 2014 Apollo,

498 2046 731 2103 Pheboque
760 2046 984 2104 pulchrior
1013 2050 1058 2090 et
1088 2061 1235 2090 sorore
1266 2046 1415 2092 Phebi.
1862 2063 1904 2098 ²5

235 2146 317 2197 488
336 2156 366 2186 a
383 2137 477 2181 Nec
497 2141 565 2181 est
588 2137 704 2195 quod
724 2137 778 2180 dc
799 2139 1009 2196 suffragio
1035 2139 1174 2196 ipsius
1201 2139 1403 2196 desperes
1429 2153 1559 2196 quem
1588 2139 1845 2183 muneribus

382 2207 536 2264 pascis.
606 2206 831 2250 Alimenta
860 2207 1076 2264 siquidem
1104 2208 1355 2251 umbratilis
1383 2209 1554 2266 gratiae
1584 2211 1630 2252 et
1655 2209 1846 2252 nominis

382 2275 612 2333 prostituti
634 2275 895 2319 munuscula
914 2281 1030 2327 sunt,
1051 2280 1096 2320 et
1116 2277 1201 2320 nisi
1230 2276 1399 2321 fuerint
1428 2277 1712 2335 frequentata
1736 2279 1844 2321 ami·

382 2345 512 2389 citiae
543 2359 700 2387 nomen
732 2345 1004 2389 interimunt.
1065 2346 1250 2389 Frustra
1280 2346 1334 2390 de
1369 2347 1564 2390 muneris
1593 2347 1845 2404 quantitate

386 2482 407 2508 2
433 2471 575 2508 nitidus
593 2471 622 2507 A
735 2482 756 2517 3
781 2470 1012 2508 absinthium
1032 2471 1082 2507 B:
1137 2471 1216 2508 uani
1233 2483 1364 2509 amara
1380 2471 1612 2509 abaeincium
1633 2471 1693 2509 S':
1719 2484 1846 2511 amare

384 2518 489 2566 qum-i
507 2518 740 2555 absinthium
759 2518 796 2554 M
954 2521 1088 2555 acutus
1105 2484 1142 2556 ᾖ
1300 2529 1341 2565 14
1366 2520 1592 2557 confirment
1609 2519 1642 2555 A
1800 2530 1845 2568 23

384 2566 538 2604 lucerna
556 2565 631 2603 BA·
776 2575 819 2613 25
848 2565 1013 2613 pulcrior
1030 2566 1087 2603 AS

435 2691 447 2719 1
479 2682 606 2718 Fauun
622 2684 712 2718 cta:
741 2680 842 2717 l‘rov.
861 2692 892 2717 v.
912 2682 990 2726 3-8.
1138 2690 1178 2725 17
1203 2693 1311 2727 quam
1328 2687 1360 2717 te
1373 2683 1467 2718 etc.:
1492 2681 1596 2719 Ovid.
1613 2684 1711 2719 Fan.
1726 2682 1750 2719 i.
1769 2692 1846 2730 191,

391 2739 454 2777 192
473 2732 482 2749 ⁴
494 2742 514 2765 ο
530 2741 636 2776 quam
654 2730 837 2773 refellunt
854 2733 916 2763 tua
933 2728 1094 2764 saecula'
1111 2730 1206 2764 desit
1224 2731 1304 2776 ‘quo‘
1321 2757 1329 2766 .
1347 2757 1355 2766 .
1374 2730 1394 2765 .’
1413 2732 1484 2766 etc.
1620 2741 1664 2767 22
1689 2732 1848 2767 calidum

386 2780 477 2814 cta:
504 2776 602 2813 Pom.
618 2778 690 2811 Sue.
708 2775 730 2811 i.
747 2785 801 2822 53,
819 2785 872 2822 54.
968 2785 1010 2822 23
1036 2777 1172 2811 donare
1189 2778 1352 2812 taceo-na:
1379 2776 1540 2824 glossam
1558 2777 1674 2815 habet
1690 2778 1729 2824 C,
1743 2779 1782 2815 id
1797 2783 1847 2815 ost

386 2836 516 2861 ornan
534 2826 749 2860 uestimento.
894 2831 936 2870 25
964 2823 1078 2860 Phebo
1094 2825 1188 2860 cta:
1214 2824 1365 2862 Patron.
1383 2827 1460 2863 Sat.
1481 2824 1499 2872 ξ·
1535 2835 1612 2871 109.

501 2896 563 2930 188
