1994 3190
169 204 270 239 οΑΡ.
284 191 396 252 xm]
688 190 1089 236 POLICRATIOV
1091 191 1124 236 S
1652 199 1737 240 504
1756 199 1786 229 a

169 316 304 363 retur,
331 312 447 370 quod
477 325 720 368 numquam
747 326 848 354 eum
875 314 1109 354 monuerat
1139 312 1272 356 huius
1295 313 1398 356 uitii
1427 326 1638 370 quaerere

169 383 456 426 medicinam:
492 381 721 433 Fecissem,
752 380 911 436 inquit,
944 380 1031 423 nisi
1067 383 1292 437 putassem
1328 397 1405 425 ora
1439 383 1638 426 uirorum

169 451 365 502 omnium
393 450 454 493 sic
479 449 606 494 olere.
665 449 867 491 Laudare
896 449 1063 506 poteris
1086 450 1180 492 eius
1210 452 1482 494 matrimonii
1510 452 1637 508 pudi-

142 521 319 565 'citiam
351 522 396 563 et
426 518 650 576 praeferre
681 518 945 575 patientiam
975 518 1176 562 mulieris
1209 534 1322 576 quae
1357 521 1445 563 uiri
1475 521 1638 563 uitium

132 606 152 641 5
169 593 297 634 tanta
335 589 554 647 patientia
592 589 701 632 tulit
740 591 793 631 ut
839 588 914 630 ille
959 587 1268 631 infelicitatem
1308 591 1503 646 corporis
1549 605 1639 633 non

169 659 320 703 uxoris
350 659 532 702 fastidio
561 658 638 702 sed
667 657 902 701 maledicto
932 658 1119 700 senserit
1148 658 1329 701 inimici.
1390 659 1454 702 At
1483 661 1528 702 et
1558 674 1639 716 ego

169 729 224 772 de
243 728 548 772 adulatoribus
568 727 736 784 aliquid
757 726 846 770 tale
872 726 1125 784 respondeo,
1145 727 1250 783 quia
1276 742 1427 770 omnes
1447 728 1640 770 arbitror

169 798 232 842 sic
251 798 379 841 olere.
429 797 594 841 Omnes
609 796 830 840 fallaciam
847 799 892 839 et
912 796 1063 839 dolum
1080 796 1280 840 redolent
1295 799 1351 847 et,
1365 811 1640 854 quocumque

170 881 217 911 se
250 869 442 917 uertant,
477 866 648 924 pudicis
679 866 863 908 naribus
898 866 1016 908 hunc
1052 865 1298 923 important
1337 880 1426 908 non
1461 866 1639 908 odorem

112 951 156 977 10
172 936 248 980 sed
269 935 467 980 fetorem.
526 935 746 992 Quicquid
777 950 881 992 ergo
909 950 965 978 ex
993 949 1044 978 ea
1066 950 1200 978 causa
1219 935 1483 992 adquiritur,
1504 935 1638 978 etiam

171 1005 229 1048 ab
248 1006 407 1048 herede
427 1006 542 1048 iuste
562 1007 708 1062 potest
733 1005 878 1047 auelli.
940 1004 1034 1047 Nec
1060 1004 1189 1048 credo
1219 1004 1337 1061 quod
1364 1004 1504 1061 possit
1527 1004 1638 1061 peti·
1655 1008 1685 1046 b

92 1074 99 1080 '
170 1075 343 1119 toribus
382 1074 565 1125 obuiari,
600 1074 637 1117 si
678 1074 912 1117 uendicare
952 1074 1147 1118 audeant
1182 1074 1298 1131 quod
1334 1074 1641 1117 adulatoribus

170 1145 465 1189 contulerunt.
546 1144 634 1188 Sed
684 1144 783 1201 quis
832 1144 1008 1202 sapiens
1057 1147 1103 1187 et
1153 1144 1374 1202 intelliget
1420 1144 1508 1186 ista
1554 1146 1635 1186 aut

171 1213 229 1258 ad
264 1214 345 1257 hoc
385 1214 484 1271 quis
517 1213 712 1264 idoneus,
742 1228 841 1257 cum
877 1228 966 1256 non
1001 1214 1131 1257 modo
1161 1214 1208 1256 in
1243 1213 1364 1257 omni
1398 1212 1529 1256 domo
1560 1216 1641 1255 aut

114 1297 154 1334 ιε
171 1283 502 1328 conuiuentium
531 1286 632 1327 cetu
661 1283 941 1326 adulantium
971 1286 1100 1326 tanta
1129 1284 1189 1326 sit
1218 1283 1344 1341 copia
1373 1286 1437 1333 ut,
1471 1282 1509 1325 si
1540 1282 1640 1339 quis

172 1353 396 1397 modestus
415 1352 629 1396 aduersus
649 1367 722 1396 eos
742 1353 905 1396 mutire
926 1352 1100 1404 audeat,
1120 1352 1220 1396 illos

269 1442 481 1486 defendat
509 1457 720 1486 numerus
749 1442 1012 1499 iunctaeque
1043 1443 1233 1486 umbone
1263 1442 1539 1500 phalanges?

175 1534 318 1587 Certe,
337 1535 443 1578 dum
470 1535 542 1578 uir
567 1535 779 1578 honestus
802 1534 998 1577 innitens
1018 1534 1309 1578 conscientiae
1330 1534 1640 1591 uirtutumque

173 1603 380 1648 insistens
409 1603 561 1647 officiis
591 1603 730 1647 esurit
768 1603 867 1646 sitit
904 1604 1024 1662 alget
1060 1607 1105 1648 et
1134 1604 1401 1661 multiplices
1431 1603 1638 1647 fortunae

113 1689 158 1716 20
175 1673 449 1732 indignantis
478 1673 664 1716 iniurias
684 1673 862 1730 excipit,

288 1759 392 1803 uilis
420 1743 626 1804 adulator
654 1760 774 1817 picto
803 1760 918 1803 iacet
947 1760 1095 1803 ebrius
1119 1763 1251 1810 ostro,

177 1851 342 1896 delitiis
367 1852 672 1910 ingurgitatur
697 1852 755 1895 ad
782 1852 1020 1910 crapulam,
1050 1852 1156 1895 uino
1186 1854 1345 1902 estuat,
1374 1851 1640 1895 lautioribus
1665 1884 1672 1890 .

173 1921 283 1966 cibis
309 1921 588 1973 distenditur,
609 1925 654 1965 et
680 1936 761 1979 pro
787 1922 972 1964 arbitrio
999 1922 1136 1964 uariis
1163 1922 1363 1965 artificiis
1389 1922 1531 1964 celum
1555 1922 1640 1965 sibi

175 1992 486 2048 contemperat.
546 1991 715 2034 Primos
739 1991 874 2034 habet
898 1991 1122 2034 recubitus
1149 1991 1196 2033 in
1223 1991 1354 2041 cenis,
1377 1991 1424 2032 in
1451 2005 1639 2034 conuen-
1658 1999 1685 2029 c

117 2070 159 2108 ²5
175 2059 295 2103 tibus
314 2060 478 2117 primos
501 2075 738 2111 consessus,
759 2060 1003 2118 praeelecto
1023 2060 1307 2117 praenomine
1329 2060 1641 2110 conclamatur,

175 2130 462 2174 salutationes
498 2130 663 2188 excipit
696 2131 873 2188 primas,
908 2131 1074 2187 primas
1108 2130 1351 2173 sententias
1386 2130 1433 2172 in
1467 2130 1643 2174 iudiciis

175 2199 358 2256 profert,
397 2200 444 2243 in
483 2199 933 2244 demonstrationibus
979 2200 1298 2250 honestissime,
1337 2199 1385 2242 in
1427 2199 1641 2243 delibera-

176 2268 372 2313 tionibus
390 2269 624 2313 utilissime
645 2269 806 2321 sentit3
831 2269 1040 2326 quicquid
1065 2269 1273 2326 loquitur,
1285 2269 1351 2312 sal
1370 2283 1541 2312 merum
1562 2272 1642 2319 est,

177 2337 386 2394 quicquid
417 2338 521 2396 agit,
549 2338 722 2382 iustitia
751 2341 830 2381 aut
865 2339 1120 2382 liberalitas.
1179 2338 1275 2396 Age
1310 2353 1414 2395 ergo
1444 2342 1490 2381 et
1524 2338 1643 2381 inter

118 2398 163 2434 3⁰
178 2405 286 2449 istos
316 2421 466 2464 sapere
496 2407 618 2450 aude.
679 2407 786 2451 Ilico
816 2408 959 2451 multa
988 2408 1270 2451 adulatorum
1298 2408 1449 2450 ueniet
1472 2422 1642 2458 manus,

179 2477 225 2518 et
269 2475 409 2518 ueluti
455 2479 499 2519 te
538 2476 664 2520 Iudei
707 2480 866 2534 cogent
905 2477 953 2520 in
993 2492 1119 2521 suam
1166 2477 1401 2522 concedere
1450 2477 1641 2520 turbam.

182 2571 197 2597 1
227 2572 312 2598 eum
329 2573 523 2607 nunquam
538 2562 572 2597 A
744 2574 790 2608 24
815 2563 1008 2600 recubitus
1024 2563 1140 2601 habet
1155 2563 1190 2599 A
1364 2564 1411 2600 26
1435 2562 1477 2599 in
1494 2562 1642 2599 iuditiis

178 2607 393 2645 sententias
408 2608 440 2644 A
581 2619 628 2656 29
651 2609 733 2656 aut]
750 2610 814 2648 uel
831 2611 870 2646 M

181 2688 277 2782 ποῖ-ἶ
297 2680 662 2770 q?{‡.⁸‘313{?”1⁸1.⁶}31²
687 2692 734 2781 ‘fj-
747 2679 1259 2765 ⁰31232f205t{.?⁰}÷‡{1·335
1280 2729 1356 2764 Sat.
1385 2690 1447 2773 ἐξ
1474 2683 1644 2782 dfflssj

180 2773 442 2864 Zrffffsstfflt
467 2784 499 2808 v.
518 2771 629 2809 Matt.
645 2784 748 2809 xxm.
766 2775 801 2811 6.
958 2785 1005 2820 30
1028 2776 1142 2811 multa
1165 2778 1262 2812 etc.:
1295 2787 1328 2812 v.
1356 2775 1446 2811 Hor.
1471 2776 1547 2811 Sat.
1566 2788 1590 2812 1.
1607 2787 1640 2820 4.

238 2898 318 2917 wsus
879 2889 904 2915 F
932 2877 954 2916 f
1469 2892 1530 2928 2¹7
