1994 3190
235 159 325 209 466
342 157 372 199 d
717 156 982 201 IOANNIS
1022 155 1540 200 SARESBERIENSIS
1693 152 1803 214 [mn.
1820 165 1860 197 11

343 281 372 321 d
389 279 632 336 prophetae
659 278 793 329 Acab,
818 278 894 335 qui
919 293 1020 321 eum
1048 277 1239 320 Domino
1265 276 1552 334 permittente
1579 274 1862 333 exigentibus

389 348 562 391 meritis
589 348 728 391 uariis
756 347 1132 391 ludificationibus
1162 347 1440 391 seducebant.
1499 346 1702 403 Denique
1732 345 1863 387 iuxta

387 417 576 460 uerbum
617 417 797 460 Domini
837 432 1038 475 egressus
1077 420 1144 460 est
1183 418 1367 474 spiritus
1406 417 1599 460 mendax
1635 419 1680 459 et
1714 415 1862 458 factus

389 489 458 529 est
477 487 524 529 in
545 502 619 531 ore
639 488 838 530 omnium
864 487 1182 544 prophetarum
1203 487 1326 530 Acab
1345 501 1578 530 ascensuro
1598 487 1646 528 in
1667 484 1862 528 Ramoth

390 556 561 599 Galaad
591 557 649 599 ad
677 571 888 614 prospera
916 557 1278 617 promittendum,
1305 556 1397 600 solo
1427 556 1600 599 Michea
1629 554 1862 598 Morastite
1881 565 1901 600 5

390 626 668 677 reclamante,
703 626 780 683 qui
812 626 1010 669 conscius
1046 626 1189 669 diuini
1224 626 1395 669 consilii
1428 625 1578 676 Israel,
1611 639 1742 681 quem
1774 623 1861 666 dis-

391 709 571 752 persum
591 696 638 738 in
658 696 884 738 montibus
904 695 1091 746 uiderat,
1104 695 1417 752 praemuniuit,
1437 709 1589 738 caesus
1609 694 1666 737 ob
1686 707 1863 736 amarae

392 765 599 808 ueritatis
638 765 851 808 indicium
891 765 948 807 ab
978 779 1030 807 eo
1064 765 1140 821 qui
1181 765 1420 821 assumptis
1459 763 1666 807 cornibus
1706 761 1864 805 ferreis

389 834 592 877 dixerat:
642 834 728 877 His
762 849 842 876 rex
872 834 1077 877 cornibus
1108 833 1271 877 Siriam
1302 833 1553 876 uentilabis.
1632 832 1865 874 Praeterea

390 903 611 947 diuinatio
654 903 748 946 fere
788 904 882 946 sine
921 918 1103 946 munere
1143 917 1233 945 non
1279 903 1426 954 fiebat,
1466 905 1622 959 utpote
1662 916 1775 959 quae
1813 901 1863 943 in
1882 913 1925 939 ιο
1986 914 1990 918 ·

390 973 608 1015 auaritiae
643 975 689 1016 et
723 973 947 1029 nequitiae
979 973 1142 1029 spiritu
1179 975 1420 1015 exercetur.
1487 972 1606 1014 Hine
1641 974 1709 1014 est
1744 970 1864 1028 quod

390 1042 633 1084 Ierusalem
680 1042 880 1084 ruiturae
916 1041 1111 1098 Spiritus
1157 1044 1337 1084 sanctus
1382 1042 1676 1098 improperat:
1719 1040 1865 1084 Duces

391 1111 459 1154 tui
499 1111 547 1153 in
586 1111 844 1153 muneribus
883 1110 1152 1162 iudicabant,
1185 1111 1433 1154 sacerdotes
1472 1110 1520 1153 in
1559 1110 1757 1153 mercede
1797 1123 1863 1152 re-

239 1186 324 1235 467
345 1195 375 1223 a
391 1180 680 1237 spondebant,
710 1183 756 1222 et
785 1180 1027 1236 prophetae
1056 1180 1104 1222 in
1134 1180 1321 1236 pecunia
1351 1180 1627 1230 diuinabant,
1657 1182 1703 1222 et
1732 1193 1866 1236 super

392 1249 634 1292 Dominum
677 1249 1011 1305 requiescebant
1049 1248 1270 1292 dicentes:
1326 1249 1486 1292 Nonne
1530 1249 1748 1292 Dominus
1797 1250 1866 1291 est
1885 1257 1925 1292 15

390 1319 439 1362 in
474 1319 634 1362 nobis'l
674 1333 763 1361 non
793 1318 976 1361 uenient
1005 1333 1138 1375 super
1166 1333 1247 1361 nos
1282 1318 1410 1362 mala.
1482 1318 1721 1376 Propterea
1756 1317 1866 1361 dicit

391 1388 635 1431 Dominus:
696 1387 820 1444 Syon
860 1388 987 1444 quasi
1026 1403 1132 1445 ager
1171 1388 1386 1441 arabitur,
1426 1392 1472 1431 et
1520 1388 1763 1432 Ierusalem
1812 1390 1866 1431 ut

390 1458 592 1501 custodia
626 1457 811 1514 pomerii
847 1458 941 1500 erit.
1004 1458 1091 1510 Qui
1131 1472 1237 1515 ergo
1275 1458 1323 1500 in
1362 1458 1549 1515 pecunia
1588 1457 1865 1507 diuinabant‚

391 1527 475 1570 etsi
497 1527 815 1583 prophetarum
842 1526 1063 1570 insultant
1082 1527 1272 1579 nomine,
1293 1542 1422 1584 saepe
1442 1527 1673 1570 mendaces
1693 1540 1866 1584 semper

393 1596 603 1646 mendosi,
623 1595 757 1638 alieni
787 1598 894 1638 sunt
923 1611 951 1638 a
980 1596 1150 1639 uirtute
1180 1598 1225 1640 et
1255 1597 1445 1639 ueritate
1475 1596 1746 1653 prophetiae.
1808 1595 1863 1638 In
1884 1610 1927 1637 πο

393 1665 588 1722 phitone,
633 1665 806 1721 inquit;
856 1666 1006 1722 quasi:
1058 1666 1174 1719 Quia
1217 1666 1397 1709 recessit
1436 1666 1631 1723 Spiritus
1672 1665 1866 1716 Domini,

393 1734 465 1777 uel
492 1734 746 1791 phitonicus
773 1735 1076 1791 patrocinetur
1104 1735 1252 1779 michi.
1314 1735 1372 1778 Et
1391 1735 1556 1778 suscita
1576 1735 1710 1778 michi
1735 1749 1866 1792 quem

393 1803 549 1846 dixero
579 1803 688 1856 tibi;
731 1804 886 1860 utique
917 1804 1094 1847 fallacia
1128 1804 1350 1848 fallaciam
1382 1805 1539 1848 trudit.
1610 1804 1755 1847 Datus
1787 1818 1868 1846 rex

394 1873 441 1915 in
462 1887 637 1915 sensum
655 1873 901 1929 reprobum,
915 1874 990 1930 qui
1011 1874 1094 1916 sibi
1116 1877 1395 1931 persuaserat
1414 1874 1642 1931 phitonem
1657 1873 1867 1916 scientiae

393 1942 653 2000 praesulem,
674 1942 918 1999 praescium
946 1943 1213 1996 futurorum,
1234 1943 1414 1987 archani
1434 1943 1605 1986 consilii
1632 1942 1865 1993 conscium,
1884 1955 1927 1992 ²5

346 2016 377 2055 b
395 2012 601 2055 ueritatis
631 2012 930 2068 interpretem,
951 2013 1035 2055 sibi
1065 2028 1239 2070 quoque
1269 2013 1489 2070 persuasit
1518 2012 1706 2055 eundem
1737 2015 1866 2056 tanta

395 2081 647 2138 praeditum
678 2083 897 2137 potestate
928 2085 980 2125 ut
1009 2086 1157 2139 posset
1186 2083 1322 2126 etiam
1349 2085 1548 2125 mortuos
1574 2082 1799 2133 suscitare,
1820 2085 1866 2126 et

394 2153 548 2194 tantae
587 2150 877 2207 benignitatis
917 2155 968 2194 ut
1001 2152 1134 2194 etiam
1171 2152 1218 2194 in
1254 2166 1305 2195 eo
1337 2151 1453 2208 quod
1489 2151 1763 2193 rarissimum
1799 2154 1867 2195 est

395 2222 442 2263 et
481 2219 788 2262 difficillimum
831 2219 1126 2263 familiaribus
1160 2221 1252 2264 suis
1292 2235 1458 2263 morem
1497 2223 1682 2277 gereret.
1761 2220 1865 2264 Pro·

394 2289 603 2334 culdubio
632 2288 829 2345 elapsum
858 2293 954 2332 erat
981 2305 1008 2333 a
1034 2290 1245 2333 memoria
1269 2290 1363 2333 eius
1390 2292 1470 2332 aut
1497 2289 1718 2332 inutiliter
1744 2291 1865 2333 tene·
1883 2300 1928 2335 30

395 2358 530 2401 batur
577 2357 798 2401 canticum
850 2358 992 2402 fidelis
1041 2359 1210 2409 Annae,
1250 2358 1355 2415 quia
1404 2358 1622 2402 Dominus
1671 2361 1739 2401 est
1789 2358 1866 2416 qui

395 2427 635 2471 mortificat
684 2429 729 2469 et
779 2426 991 2479 uiuificat,
1041 2428 1220 2470 deducit
1270 2427 1326 2470 ad
1373 2427 1538 2469 inferos
1588 2431 1634 2470 et
1683 2427 1867 2479 reducit,

395 2536 442 2571 29
467 2500 719 2561 diflXinimum
739 2499 832 2559 s*
915 2533 955 2570 31
985 2534 1107 2561 annae
1126 2523 1178 2559 B:
1206 2522 1358 2560 animae
1378 2520 1509 2559 cAsM

448 2622 462 2649 ι
491 2613 683 2658 pmphaetae
703 2612 821 2647 Acab:
848 2622 883 2646 v.
903 2620 922 2655 3
942 2609 1034 2656 Reg.
1053 2608 1145 2645 xxii.
1313 2618 1330 2656 5
1351 2609 1494 2645 Michea
1512 2610 1720 2645 Mor-astae:
1746 2607 1867 2646 Mich.

397 2660 422 2696 i.
444 2670 471 2697 ι.
492 2671 560 2707 pro
581 2659 729 2695 Miehca
748 2657 825 2694 mio
846 2657 962 2694 Icmla
981 2660 1016 2699 (ς
1036 2657 1124 2701 ch.
1145 2655 1233 2692 xxii.
1255 2656 1304 2697 8).
1421 2667 1461 2692 12
1489 2657 1604 2692 Duces
1622 2658 1721 2693 etc.:
1750 2655 1867 2693 Mieh.

397 2706 451 2744 iii.
475 2718 509 2744 ιι
529 2721 537 2749 ;
577 2707 635 2742 Ρη.
654 2706 794 2742 lxxviii.
816 2715 828 2742 1
849 2719 857 2747 ;
896 2704 978 2741 vide
999 2704 1172 2740 Sabatier
1194 2705 1287 2739 Bu'bl.
1313 2705 1411 2740 Sacr.
1436 2705 1530 2740 Vers.
1555 2705 1636 2739 Lat.
1656 2705 1806 2752 Antiqu.
1825 2702 1865 2739 ii.

397 2767 464 2802 pp.
487 2756 561 2793 162.
580 2764 660 2799 947.
838 2763 881 2808 ²3
899 2754 1058 2798 fallacia
1076 2756 1169 2789 ute:
1198 2763 1228 2788 v.
1247 2750 1329 2788 Ter.
1347 2753 1465 2788 Andr.
1478 2750 1525 2788 iv.
1542 2762 1576 2797 4.
1595 2762 1651 2796 40.
1820 2760 1864 2798 31

399 2804 579 2842 Dominae
594 2804 687 2839 eta:
719 2810 734 2839 1
756 2800 848 2848 Reg.
866 2799 907 2837 ii.
924 2800 1005 2838 6-8.

511 2882 573 2917 ¹⁶²
