1994 3190
170 177 268 213 οΑΡ.
283 165 398 228 xxv]
677 165 1116 211 POLICRATICVS
1654 170 1736 220 456
1757 180 1782 210 c

171 302 276 345 ergo
296 294 449 344 aptare
468 288 671 343 tempora
691 288 736 329 et
755 300 903 328 rerum
923 290 1148 330 momenta
1167 288 1342 331 uariare
1362 287 1636 346 temporibus

169 355 289 399 solus
308 355 382 397 ille
403 354 480 411 qui
505 354 734 411 disposuit,
754 357 902 411 potest
918 369 928 407 ;
958 358 1003 398 et
1023 370 1122 398 cum
1144 357 1386 399 multorum
1415 358 1634 409 notitiam,
1651 356 1682 398 d

169 423 409 468 secundum
439 422 703 480 beneplaciti
728 423 797 465 sui
825 437 1077 466 mensuram
1107 426 1370 468 concesserit
1396 430 1636 478 creaturae,

168 493 250 536 hoc
279 493 364 535 sibi
395 492 591 535 Trinitas
620 492 909 549 singulariter
942 493 1201 536 reseruauit.
1264 494 1451 547 Quando
1486 496 1638 553 itaque

128 581 148 617 5
168 564 215 605 et
243 575 375 618 quam
406 561 484 603 diu
514 560 622 618 quid
652 559 857 603 futurum
886 561 946 604 sit
976 562 1115 612 nouit,
1143 565 1189 605 et
1218 565 1359 606 etates
1389 567 1638 621 temporum

167 630 243 674 ille
274 630 512 688 dispensat,
544 645 624 688 per
658 644 789 687 quem
824 630 921 688 ipsa
954 633 1156 688 tempora
1188 631 1309 675 facta
1343 636 1462 677 sunt.
1533 634 1638 691 Ipsa

167 713 340 756 quoque
355 702 556 757 tempora
575 702 700 742 motu
721 702 766 742 et
786 699 1033 743 uariatione
1054 715 1202 742 rerum
1223 701 1349 757 quasi
1371 702 1636 757 quibusdam

165 768 384 812 coloribus
404 768 561 826 pingit,
574 771 620 812 et
639 768 880 812 uolubilem
896 769 1107 826 temporis
1122 772 1266 813 rotam
1288 770 1425 827 iugali
1447 771 1636 827 quodam

166 851 286 880 nexu
318 852 466 880 rerum
496 852 583 895 quo
613 840 820 881 teneatur
853 838 1076 895 illaqueat,
1107 842 1152 882 et
1186 842 1239 883 ut
1268 854 1362 882 rem
1395 839 1637 896 incompre-

106 924 150 951 ιο
166 907 427 951 hensibilem
461 907 638 965 ingerat
676 907 933 958 intellectui,
969 908 1154 952 eandem
1188 909 1454 952 mirabiliter
1488 924 1636 952 rerum

165 976 511 1034 proprietatibus
541 976 667 1033 quasi
698 976 790 1020 suis
820 977 1045 1020 informat.
1106 977 1211 1021 Non
1241 981 1319 1028 est,
1352 978 1500 1035 inquit
1529 978 1636 1020 Ver-

165 1045 272 1089 bum
311 1045 542 1096 Altissimi,
576 1049 775 1089 uestrum
817 1061 943 1090 nosse
978 1050 1191 1105 tempora,
1226 1051 1280 1091 ut
1318 1048 1446 1106 plene
1486 1048 1638 1091 sciatis

165 1115 342 1172 quando
371 1119 417 1158 et
447 1130 580 1172 quam
610 1116 688 1159 diu
718 1117 826 1173 quid
857 1116 1061 1160 futurum
1092 1117 1174 1170 sit3
1215 1117 1287 1161 uel
1318 1123 1554 1169 momenta,
1584 1121 1637 1161 ut

164 1184 342 1242 possitis
381 1185 534 1229 modos
573 1188 618 1229 et
663 1186 905 1230 uarietates
945 1201 1109 1238 eorum,
1150 1201 1262 1244 quae
1313 1187 1470 1231 futura
1519 1191 1637 1239 sunt,

105 1267 146 1302 15
165 1254 542 1311 comprehendere.
613 1255 723 1299 Ecce
758 1270 894 1312 quare
924 1257 1210 1300 temerarium
1239 1258 1300 1300 sit
1330 1257 1486 1300 futura
1516 1260 1637 1300 certo

165 1323 401 1382 subiugare
422 1324 608 1378 iudicio3
638 1325 685 1368 in
706 1325 852 1368 Patris
872 1326 1089 1383 siquidem
1111 1329 1332 1383 potestate
1352 1331 1458 1370 sunt
1479 1327 1636 1384 posita,
1654 1336 1729 1378 457
1750 1339 1779 1368 a

165 1407 254 1436 non
293 1393 341 1436 in
379 1394 640 1438 necessitate
685 1395 928 1438 eueniendi.
1004 1395 1140 1438 Porro
1175 1410 1288 1452 quae
1329 1396 1376 1438 in
1416 1399 1637 1454 potestate

165 1462 310 1520 posita
345 1466 462 1514 sunt,
493 1463 555 1507 sic
592 1467 638 1507 et
671 1478 761 1507 non
795 1464 857 1507 sic
893 1479 985 1508 esse
1020 1468 1218 1522 possunt.
1289 1465 1408 1508 Nam
1441 1480 1554 1524 quae
1589 1466 1637 1508 in

167 1532 439 1584 necessitate,
472 1533 534 1577 sic
565 1547 658 1577 esse
688 1548 862 1578 necesse
892 1536 971 1579 est.

79 1666 152 1705 ‘20
169 1656 274 1717 Cap.
297 1669 361 1716 25.
393 1659 521 1713 Quod
551 1664 876 1716 aryumentu‘m
910 1675 941 1703 α
980 1661 1113 1717 siyno
1152 1675 1233 1704 suo
1271 1675 1368 1704 ‘non
1402 1664 1460 1704 est
1495 1675 1635 1704 ‘neces-

281 1727 462 1772 sarium
472 1747 492 1779 ;
527 1732 566 1772 et
599 1729 654 1772 de
682 1729 885 1781 Ezechia,
916 1729 1050 1780 Acab,
1077 1734 1117 1773 et
1147 1730 1407 1781 Ninivitis;
1448 1735 1486 1774 et
1516 1731 1638 1788 quod

281 1811 332 1840 ea
359 1811 473 1854 quae
495 1797 831 1855 siymfica'ntur,
850 1798 1032 1843 ‘mutam'
1060 1803 1257 1856 possunt.

225 1889 312 1933 Sed
336 1889 452 1934 forte
473 1890 769 1934 familiaribus
796 1891 973 1934 Veritas
994 1892 1188 1949 loquens,
1210 1892 1314 1935 Non
1335 1895 1402 1936 est
1422 1896 1635 1944 uestrum,

166 1959 242 2010 ait,
276 1962 328 2003 ut
361 1963 534 2003 tantam
565 1961 923 2018 praerogatiuam
955 1961 1124 2013 alienis,
1155 1965 1267 2019 puta
1298 1963 1636 2014 mathematicis,

75 2047 78 2050 ⁴
107 2040 148 2076 ²5
167 2032 421 2072 reseruaret.
481 2029 599 2082 Esto,
619 2030 657 2072 si
684 2032 835 2073 tamen
858 2030 1001 2073 fidelis
1028 2031 1203 2074 animus
1230 2032 1486 2088 adquiescit.
1546 2033 1636 2075 Sed

167 2101 344 2154 quanta,
375 2100 428 2141 ut
461 2099 737 2156 praedictum
770 2103 848 2151 est,
876 2103 943 2143 est
978 2101 1086 2144 haec
1120 2101 1341 2144 certitudo
1372 2102 1636 2160 signorum?

166 2165 336 2225 Nempe
364 2182 465 2212 cum

1020 2228 1149 2286 signa
1171 2232 1345 2273 meatus

453 2284 684 2328 deseruere
707 2299 821 2338 suOS,
1651 2294 1681 2333 b

106 2383 150 2418 30
166 2381 331 2412 nouum
371 2370 539 2427 aliquid
587 2371 784 2414 creditur
820 2371 1061 2416 imminere.
1141 2373 1245 2417 Non
1285 2374 1402 2418 enim
1443 2389 1634 2432 eousque

166 2438 394 2490 contendo,
425 2442 477 2482 ut
511 2454 580 2484 res
614 2455 799 2498 magnas
830 2442 965 2485 nullis
999 2457 1211 2499 umquam
1246 2444 1422 2487 credam
1458 2444 1634 2489 indiciis

170 2570 227 2605 12,
248 2571 291 2606 13
315 2562 360 2597 ut
376 2561 487 2607 plene
505 2562 634 2600 sciatis
651 2565 802 2610 quando
824 2567 863 2602 et
888 2578 1002 2612 quam
1027 2566 1092 2603 diu
1117 2566 1209 2613 quid
1235 2567 1406 2603 futurum
1432 2567 1482 2605 sit
1506 2581 1573 2605 om.
1593 2569 1634 2606 M

167 2617 216 2644 20
238 2618 304 2643 suo
332 2620 397 2645 om.
426 2608 470 2646 8²
495 2612 535 2646 in
563 2613 679 2647 indice
707 2612 753 2648 de
780 2612 941 2649 Ezechia
965 2615 1023 2650 hic
1048 2617 1175 2660 incipit
1198 2617 1252 2650 tie.
1279 2617 1321 2650 in
1350 2616 1448 2652 rubr.
1474 2619 1633 2663 capitulo

164 2657 283 2700 praef.
304 2657 345 2691 in
360 2657 390 2691 S
549 2668 591 2694 21
619 2658 739 2696 achab
758 2659 880 2696 CBAS
896 2674 904 2698 :
929 2661 1039 2698 iacob
1058 2661 1082 2698 S
1099 2666 1139 2697 in
1156 2663 1254 2699 rubr.
1272 2675 1349 2708 cap.
1360 2675 1423 2709 pr.

171 2808 180 2816 ·
219 2773 259 2800 11
285 2765 368 2800 Non
385 2769 435 2800 est
451 2767 521 2801 etc.
537 2777 545 2802 :
571 2765 654 2803 Act.
673 2766 770 2814 App.
786 2767 810 2805 i.
826 2777 858 2813 7.
1033 2770 1076 2806 16
1100 2771 1147 2806 In
1166 2772 1291 2807 Patris
1307 2773 1378 2809 etc.
1397 2785 1407 2811 ε
1433 2771 1516 2808 Act.
1535 2771 1632 2819 App.

168 2821 193 2847 1.
211 2819 244 2855 7.
388 2812 432 2848 28
455 2814 560 2859 &iqua
576 2816 647 2852 etc.
663 2827 671 2851 :
697 2815 784 2852 Luc.
802 2817 931 2852 Phars-
950 2816 974 2853 i.
993 2817 1073 2863 663,
1091 2818 1172 2864 664.

1461 2892 1523 2926 135
