1994 3190
236 672 316 722 565
335 682 366 712 a

337 1643 366 1682 b

707 206 970 253 IOANNIS
1009 206 1522 255 SARESBERIENSIS
1687 208 1803 271 [ΜΒ.
1817 216 1850 255 V

380 330 560 385 rogaret
584 328 766 386 accepit.
826 328 904 372 Bis
929 329 1047 372 enim
1068 329 1177 372 emit
1196 329 1273 386 qui
1293 332 1448 388 rogat3
1487 330 1546 374 ad
1571 331 1635 374 rei
1660 345 1854 388 namque

379 397 453 440 uel
473 397 566 454 spei
586 397 782 454 pretium
801 398 1113 442 uerecundiam
1133 399 1348 442 uendidit.
1398 399 1563 443 Munus
1582 414 1689 444 uero
1707 400 1852 444 iustae

381 466 735 523 reprehensionis
760 481 850 510 non
877 467 1013 510 habet
1039 471 1192 511 notam
1219 468 1338 525 quod
1364 468 1543 512 deuotio
1569 469 1852 512 liberalitatis

381 535 558 587 obtulit,
589 550 679 578 non
718 536 979 593 improbitas
1013 537 1289 594 deprecantis
1327 537 1548 591 extorsit3
1597 538 1663 581 ita
1700 541 1852 582 tamen

380 607 434 647 ut
462 604 716 661 iniquorum
745 619 930 648 munera
958 620 1048 648 non
1085 609 1295 663 acceptet,
1324 621 1425 650 cum
1459 607 1625 664 ingrati
1659 607 1852 651 hominis
1871 623 1891 658 5

381 673 442 716 sit
467 674 586 717 uotis
616 688 706 717 non
732 673 883 717 fouere
910 674 1170 718 beneficium
1198 678 1244 718 et
1274 676 1461 733 impium
1488 691 1569 733 pro
1594 677 1853 720 muneribus

381 742 621 786 iustificare
640 743 814 787 dicente
834 743 1025 787 Domino
1045 744 1106 787 sit
1132 744 1346 801 iniquum.
1406 745 1572 803 Vtique
1592 746 1854 789 beneficium

381 812 577 869 accipere
597 816 665 856 est
684 813 875 856 uendere
895 813 1170 866 libertatem;
1197 816 1243 857 et
1263 813 1475 858 dedecens
1495 817 1562 858 est
1587 829 1739 858 seruos
1760 829 1854 858 esse
1926 809 1929 811 ⁵

382 881 459 938 qui
494 881 658 924 debent
691 882 791 925 aliis
826 882 1054 939 imperare.
1126 882 1447 926 Verumtamen
1478 886 1523 926 et
1551 898 1709 927 causae
1737 883 1854 926 ratio

382 950 586 993 habenda
616 953 684 994 est
713 954 759 994 et
797 965 1020 1008 personae,
1049 954 1103 994 ut
1131 965 1212 995 nec
1242 966 1270 994 a
1298 952 1422 1008 turpi
1451 966 1532 996 nec
1561 952 1755 1010 turpiter
1782 966 1852 996 ac-
1872 965 1916 990 10

381 1019 574 1076 cipiatur
603 1019 721 1076 quod
752 1034 809 1063 ex
838 1020 932 1063 loco
962 1023 1008 1062 et
1037 1022 1235 1078 tempore
1266 1022 1312 1064 et
1340 1020 1471 1064 modo
1509 1021 1645 1064 latius
1678 1023 1855 1078 oportet

381 1088 559 1145 inquiri.
634 1088 753 1131 Nam
792 1089 1052 1146 plerumque
1090 1103 1119 1131 a
1156 1104 1303 1140 manu,
1342 1089 1602 1147 plerumque
1641 1105 1670 1133 a
1710 1104 1854 1141 causa,

381 1171 410 1200 a
439 1160 636 1214 tempore
666 1157 903 1208 interdum,
923 1157 1149 1200 interdum
1178 1173 1206 1201 a
1235 1158 1329 1202 loco
1357 1158 1431 1202 uel
1460 1159 1591 1202 modo
1619 1159 1854 1217 splendent

381 1240 567 1269 munera
586 1226 659 1269 uel
682 1226 950 1270 sordescunt.
1010 1228 1074 1270 At
1099 1227 1360 1285 improbitas
1379 1228 1613 1272 curialium
1639 1243 1691 1272 eo
1713 1242 1854 1291 usque

382 1295 582 1338 innotuit
600 1298 653 1338 ut
674 1295 728 1338 de
748 1295 1003 1338 testimonio
1022 1296 1325 1348 conscientiae,
1338 1297 1393 1340 de
1416 1300 1652 1341 uenustate
1667 1311 1853 1349 morum,
1873 1310 1914 1350 15·

382 1364 438 1407 de
468 1364 600 1407 odore
633 1364 865 1421 opinionis,
885 1364 939 1407 de
975 1364 1229 1409 sinceritate
1259 1380 1429 1419 causae,
1449 1366 1504 1409 de
1535 1369 1732 1410 torrente
1765 1366 1854 1410 elo-

384 1433 603 1490 quentiae,
623 1433 709 1476 nisi
730 1433 873 1490 pretio
893 1433 1217 1478 interueniente
1237 1435 1337 1492 quis
1356 1434 1526 1478 frustra
1544 1435 1748 1480 confidat.

559 1507 662 1565 Ipse
692 1507 796 1551 licet
824 1508 978 1551 uenias
1010 1508 1150 1552 Musis
1179 1509 1427 1560 comitatus,
1451 1510 1622 1562 Omere,

616 1566 653 1609 si
684 1565 821 1609 nichil
851 1566 1067 1617 attuleris,
1095 1567 1182 1611 ibis
1212 1567 1371 1611 Omere
1400 1567 1531 1611 foras.

387 1641 490 1683 Non
519 1640 648 1684 modo
678 1640 826 1684 leones
855 1644 901 1685 et
934 1640 1120 1699 tigrides
1150 1642 1425 1700 eloquentiae
1455 1643 1666 1688 beneficio
1693 1643 1853 1688 lenisse
1871 1654 1915 1680 20

384 1710 530 1753 dictus
562 1712 630 1752 est
665 1709 869 1767 Orpheus
903 1711 980 1753 sed
1019 1711 1139 1768 apud
1179 1711 1325 1769 ipsum
1364 1712 1516 1755 Ditem
1554 1727 1645 1756 uox
1683 1713 1854 1757 dulcior

384 1779 611 1836 perorauit
639 1793 879 1835 canemque
909 1780 1150 1837 tricipitem
1177 1781 1382 1825 exorauit
1407 1796 1540 1826 causa
1566 1781 1856 1826 fauorabilior

384 1851 438 1891 ut
476 1847 713 1891 admissam
757 1847 890 1891 semel
935 1848 1171 1892 Euridicen
1210 1853 1364 1894 contra
1402 1865 1568 1895 morem
1607 1851 1853 1896 inferorum

385 1916 536 1960 liceret
575 1916 769 1960 educere.
844 1917 913 1959 Tu
952 1931 1070 1968 uero,
1109 1918 1213 1962 licet
1253 1919 1457 1977 Orpheus
1495 1921 1556 1965 sis
1594 1925 1675 1965 aut
1712 1921 1853 1964 Arion

385 1985 456 2027 uel
487 1984 560 2028 ille
591 1985 667 2041 qui
697 1985 789 2028 solo
816 1985 1053 2029 testudinis
1078 2001 1184 2030 sono
1208 2002 1328 2039 saxa,
1351 1991 1404 2032 ut
1431 1989 1605 2042 dicitur,
1626 1990 1854 2042 emolliuit,
1873 2005 1916 2041 ²5

385 2053 521 2097 nichil
538 2053 656 2111 apud
677 2053 863 2096 curiales
884 2053 1054 2105 efficies,
1070 2056 1155 2098 nisi
1177 2056 1384 2113 plumbea
1403 2072 1554 2101 eorum
1574 2059 1706 2103 corda
1720 2073 1855 2103 aureo

385 2122 455 2165 uel
477 2126 687 2180 argenteo
708 2122 865 2165 malleo
880 2123 1095 2166 uanitatis
1110 2124 1181 2167 uel
1196 2125 1454 2182 cupiditatis
1474 2127 1632 2171 incude
1647 2128 1855 2174 emollias.

385 2191 718 2235 Inclementiam
760 2190 938 2235 Cerberi
980 2206 1130 2236 omnes
1169 2193 1439 2248 abhorrent3
1490 2210 1571 2254 ego
1616 2211 1687 2239 me
1725 2198 1856 2242 credo

386 2259 549 2303 uidisse
585 2259 819 2302 hostiarios
855 2258 1045 2303 Cerbero
1077 2261 1288 2307 duriores.
1346 2262 1480 2320 Apud
1509 2263 1675 2308 inferos
1704 2269 1855 2310 tamen

386 2327 604 2373 Cerberus
636 2342 751 2371 unus
782 2331 850 2371 est
866 2342 875 2380 ;
917 2331 1027 2386 quot
1060 2333 1166 2373 sunt
1204 2330 1468 2375 diuerticula
1506 2333 1751 2386 curialium,
1786 2338 1856 2380 tot
1872 2349 1914 2384 30

385 2437 407 2470 4
433 2425 576 2472 optulit
591 2425 623 2460 A
779 2434 796 2472 5
824 2426 868 2461 ut
886 2436 952 2461 om.
974 2425 1013 2461 M
1179 2427 1204 2464 6
1228 2427 1440 2465 beneficum
1464 2428 1489 2466 S
1655 2441 1678 2478 9
1701 2431 1855 2471 Verum·

385 2475 542 2520 ptamen
561 2472 593 2508 A
738 2483 783 2519 ²9
807 2472 979 2510 ostiarios
996 2471 1083 2508 A'M

437 2568 450 2596 1
480 2560 546 2595 Bia
572 2561 656 2594 emit
686 2562 779 2596 etc.:
817 2558 878 2596 Sic
908 2559 1075 2596 converti
1131 2562 1232 2598 otest
1262 2561 1329 2598 Bis
1350 2568 1497 2608 yratum
1521 2576 1590 2611 quo
1613 2576 1705 2612 opus
1732 2571 1791 2611 eet,
1820 2568 1855 2604 σι’

383 2607 514 2652 offeras
530 2607 624 2642 ulem
640 2608 766 2643 datum
783 2606 890 2643 Publ.
909 2606 988 2656 Syr.
1009 2607 1081 2651 (ed.
1140 2607 1302 2645 riedrich
1327 2621 1363 2655 p.
1387 2616 1459 2655 31).
1649 2614 1673 2650 6
1698 2615 1853 2660 impium

385 2657 459 2691 etc.
476 2666 484 2690 ι
512 2665 543 2689 v.
565 2653 633 2691 lna.
653 2666 682 2690 v.
705 2663 725 2690 2
752 2680 760 2690 .
911 2657 951 2691 18
978 2655 1060 2708 Ipse
1076 2656 1155 2691 licet
1171 2658 1264 2692 etc.:
1290 2655 1355 2693 Ov.
1375 2660 1456 2694 Art.
1474 2660 1594 2696 Amat.
1613 2658 1653 2696 ii.
1672 2669 1752 2707 279,
1771 2662 1853 2699 280.

386 2711 427 2738 αι
459 2701 640 2747 Orpheum:
667 2713 698 2738 v.
717 2664 791 2738 θοι·
819 2702 972 2756 ..Geor-y.
992 2714 1038 2737 ιν.
1055 2711 1231 2757 454—593,
1248 2702 1315 2740 Ov.
1333 2706 1477 2742 Metam.
1495 2718 1529 2744 x.
1546 2708 1651 2753 4—63.
1805 2719 1851 2746 22

383 2760 507 2785 canem
539 2750 751 2795 tricipitem:
824 2760 869 2786 ιο.
907 2750 1007 2785 Tunc.
1043 2751 1147 2796 Βίῳ.
1181 2761 1221 2786 u.
1259 2761 1301 2787 ιο
1334 2751 1352 2799 ξ
1390 2762 1444 2789 22.
1601 2763 1643 2801 25
1679 2756 1764 2792 ille:
1801 2767 1851 2793 eo.

383 2795 599 2842 Amphion3
631 2808 661 2832 v.
692 2795 778 2834 Hor.
807 2798 852 2833 A.
883 2797 921 2850 ξ’.
948 2806 1026 2842 394,
1049 2806 1152 2850 ‚3955
1214 2796 1251 2833 ui
1280 2798 1396 2836 etiam
1424 2812 1456 2839 v.
1482 2811 1550 2849 393
1577 2801 1719 2850 Orphei
1743 2804 1853 2850 tique

384 2842 594 2890 rabidosque
610 2842 725 2881 leones
742 2843 920 2881 lenientis
938 2846 1170 2882 mentionem
1205 2844 1294 2884 acit.

494 2912 560 2957 326
