1994 3190
113 183 212 216 off.
232 169 304 232 xl]
625 169 1064 215 PomossAmovs
1593 178 1680 220 497
1699 169 1730 208 b

112 291 283 334 inuidia
295 305 381 347 quo
394 289 577 340 feratur,
590 289 787 332 subiecta
802 288 1093 344 interrogatio
1106 288 1331 345 patefacit.
1368 289 1581 346 Sequitur

111 361 255 404 enim:
301 359 424 402 Licet
453 372 631 402 censum
659 357 765 400 dare
795 356 946 400 Cesari
977 371 1035 398 an
1064 358 1186 400 non?
1213 404 1215 406 ,
1258 348 1368 401 Ecce
1397 358 1581 414 laqueus

110 431 295 486 paratur
306 427 491 485 pedibus
503 426 760 475 innocentis,
776 429 822 468 et
833 425 890 467 ad
906 426 1236 468 subuersionem
1250 427 1344 470 eius
1356 427 1580 484 decipulas

6 542 14 551 ,⁸
109 512 212 541 suas
242 497 411 540 frustra
440 495 632 539 tetendit
661 494 886 551 iniquitas.
947 493 995 536 Si
1027 495 1144 536 enim
1176 509 1355 537 censum
1382 496 1578 539 dandum

73 587 93 621 5
110 581 202 610 esse
222 566 452 616 censuerit,
472 565 737 622 peculiarem
757 563 969 623 populum
991 563 1183 613 Domini,
1204 578 1351 606 semen
1376 565 1576 618 liberum,
1598 583 1622 611 c

0 626 9 640 ’Ἰ
109 635 379 693 praeclaram
419 634 711 678 hereditatem
752 633 932 676 Domini
978 632 1158 675 decimis
1204 636 1249 675 et
1289 634 1498 689 primitiis
1534 638 1579 677 et

108 705 325 763 legalibus
359 704 608 748 cerimoniis
645 705 823 746 tantum
858 702 1096 744 obnoxiam
1138 702 1325 745 subiciet
1359 703 1578 746 seruituti.

110 774 159 818 Si
195 789 301 818 uero
336 774 508 817 tributa
539 772 744 830 neganda
785 771 1062 829 responderit
1100 771 1170 814 his
1205 772 1282 828 qui
1322 786 1403 828 pro
1437 772 1579 815 salute

109 847 156 888 et
190 844 338 900 quiete
377 843 574 886 omnium
610 841 876 891 militabant,
907 841 1034 897 quasi
1073 840 1303 883 seditionis
1341 844 1496 884 auctor
1535 845 1581 884 et

0 913 8 974 ᾗ
53 935 94 960 ιο
111 927 212 956 reus
251 913 560 970 imperatoriae
602 910 848 954 maiestatis
894 925 921 953 a
960 910 1208 967 publicanis
1253 910 1368 952 iuste
1415 911 1580 967 poterit

109 982 431 1040 comprehendi.
491 982 657 1025 Verum
677 981 782 1038 quia
803 979 973 1023 frustra
999 979 1162 1024 iacitur
1185 982 1278 1022 rete
1302 983 1407 1022 ante
1431 980 1579 1022 oculos

109 1055 415 1110 pennatorum,
450 1051 590 1095 totius
623 1050 899 1107 calumpniae
934 1049 1079 1106 laquei
1119 1049 1435 1100 dissoluuntur,
1471 1050 1577 1092 dum

109 1122 282 1179 prolato
306 1121 618 1164 nummismate
644 1134 800 1164 census
827 1134 953 1162 suam
973 1119 1130 1176 cuique
1150 1119 1323 1162 censuit
1343 1119 1578 1162 restituen-

0 1246 2 1252 .
109 1191 212 1234 dam
257 1205 350 1234 esse
390 1191 656 1248 imaginem;
698 1194 743 1233 et
782 1190 848 1232 ita
894 1204 1006 1246 quae
1046 1188 1222 1232 Cesaris
1269 1192 1385 1238 sunt,
1426 1188 1578 1232 Cesari

0 1259 6 1309 ,3
51 1283 92 1318 15
110 1260 396 1312 restituenda,
415 1262 468 1302 ut
497 1274 577 1302 suo
603 1260 700 1302 iure
730 1259 852 1302 Deus
882 1273 970 1301 non
1000 1258 1302 1301 defraudetur.
1362 1258 1578 1315 Equidem

0 1327 1 1334 ’
110 1344 199 1372 non
223 1330 427 1372 omnibus
456 1329 611 1372 datum
638 1332 716 1379 est,
744 1331 796 1371 ut
826 1328 1145 1372 blanditiarum
1176 1328 1354 1384 laqueos
1383 1329 1445 1371 sic
1475 1343 1577 1371 eua-

109 1398 230 1450 dant‚
256 1413 356 1442 cum
387 1413 460 1442 eos
488 1388 602 1442 alius
631 1413 720 1442 non
750 1398 1020 1455 praeuideat,
1044 1397 1158 1440 alius
1188 1398 1323 1440 etiam
1353 1398 1579 1454 praeuisos

109 1470 300 1525 nequeat
319 1468 549 1511 declinare.
609 1468 758 1510 Vnum
786 1471 936 1510 tamen
963 1471 1132 1511 certum
1159 1470 1237 1517 est,
1258 1467 1346 1510 illis
1371 1467 1447 1524 qui
1476 1468 1578 1511 huic

0 1582 5 1593 ‚¹
108 1537 223 1580 uitio
252 1537 391 1580 dediti
422 1540 528 1580 sunt
567 1552 657 1581 non
687 1538 829 1594 magis
857 1537 1029 1594 placere
1059 1537 1287 1587 uirtutem,
1316 1551 1449 1594 quam
1480 1537 1579 1580 illos
1597 1535 1626 1576 d

50 1627 94 1652 ιο
110 1607 221 1650 bene
241 1607 357 1650 olere
378 1607 454 1664 qui
478 1607 526 1649 in
546 1607 694 1651 culina
714 1607 931 1650 habitant.

0 715 9 751 l

0 759 3 773 ι

0 815 13 872 ᾖ

0 874 12 912 ξι

0 967 6 998 l

0 1007 9 1028 'l

0 1039 3 1058 Ι

110 1742 217 1800 Cap.
241 1756 306 1786 11.
336 1742 400 1787 De
429 1743 802 1788 ‘munusculariis
831 1747 870 1787 et
894 1743 1226 1800 promissariis,
1256 1747 1293 1787 et
1324 1743 1444 1801 quod
1470 1759 1579 1802 pro-

0 1794 14 1850 ti
401 1812 579 1856 mittere
609 1828 704 1856 ‘non
734 1813 938 1870 expediat
968 1814 1029 1857 ad
1060 1814 1288 1857 virtutem.

168 1903 224 1947 In
250 1918 300 1947 eo
331 1906 480 1947 autem
511 1903 785 1948 adulatoriae
811 1905 881 1948 uis
911 1920 1075 1962 magna
1104 1906 1318 1956 consistit,
1339 1906 1377 1948 si
1408 1907 1581 1949 omissis

0 2017 10 2035 ‹„
109 1973 300 2031 propriis
319 1973 464 2016 aliena
490 1974 717 2017 commoda
743 1989 897 2017 curare
924 1975 1129 2025 uidearis,
1149 1975 1204 2018 de
1232 1979 1311 2018 tuo
1337 1990 1581 2032 numquam

2 2045 9 2092 ἶ
53 2054 94 2089 ²5
111 2045 192 2086 aut
211 2057 323 2094 raro,
335 2057 508 2100 semper
527 2046 606 2086 aut
626 2058 755 2101 saepe
776 2044 959 2101 loquens
980 2044 1034 2088 de
1055 2045 1175 2087 illius
1196 2059 1327 2101 quem
1347 2046 1583 2102 aucuparis

111 2111 416 2156 emolumento.
478 2112 710 2155 Praeterea
735 2127 917 2156 manum
944 2114 1132 2164 contine,
1152 2129 1220 2166 ne,
1241 2114 1279 2157 si
1310 2115 1418 2171 quid
1445 2115 1581 2158 etiam

110 2181 254 2224 inuito
283 2182 526 2239 ingeratur,
551 2182 752 2239 accipias,
780 2183 887 2226 dum
917 2184 1078 2227 influat
1105 2184 1309 2227 Iordanis
1337 2184 1384 2226 in
1411 2199 1460 2227 os
1487 2185 1582 2227 eius

4 2304 5 2307 Ἴ
110 2250 200 2307 qui,
234 2250 341 2293 dum
375 2250 525 2294 omnia
554 2251 690 2309 cupit,
722 2252 807 2295 sibi
842 2267 1015 2310 quoque
1050 2253 1199 2296 omnia
1233 2253 1288 2296 de
1324 2254 1419 2296 iure
1451 2257 1585 2311 putat

2 2317 4 2342 ³
75 2343 79 2348 ⁴
110 2323 368 2377 competere.
417 2320 626 2364 Esuriens
641 2321 1083 2379 gulainsatiabilium
1101 2323 1394 2379 quorumdam
1415 2320 1582 2367 'anima-

8 2383 9 2386 '
51 2388 233 2439 solium,
253 2389 390 2432 donec
431 2390 631 2442 satietur,
665 2405 942 2434 communem
972 2391 1072 2434 aliis
1111 2392 1286 2436 inuidet
1320 2393 1495 2446 cibum;
1538 2396 1583 2436 et

111 2457 159 2500 in
199 2472 285 2514 quo
323 2458 510 2502 aliorum
550 2459 814 2503 subuenitur
853 2461 1038 2517 inopiae,
1079 2476 1125 2504 se
1165 2461 1369 2504 fraudem
1410 2463 1581 2519 perpeti

112 2526 370 2582 suspicatur.
430 2527 504 2571 Sic
538 2527 795 2573 fortunatus
829 2530 914 2572 sibi
949 2530 1175 2574 interdum
1205 2531 1409 2574 subtrahi
1439 2535 1583 2589 putat,
1600 2532 1685 2582 498
1705 2543 1735 2571 a

116 2677 132 2704 1
161 2665 344 2713 patefecit
359 2665 393 2703 A
533 2679 580 2715 30
602 2680 800 2708 comunem
817 2669 841 2706 S

166 2801 204 2829 11
224 2793 373 2837 frustra
390 2793 486 2828 etc.:
511 2792 615 2830 Prov.
631 2792 657 2830 i.
677 2803 732 2839 17.
828 2804 872 2841 27
897 2797 1031 2841 influat
1049 2798 1143 2834 etc.:
1170 2796 1238 2834 Iob
1255 2796 1307 2835 xl.
1328 2799 1381 2835 18.

1406 2896 1470 2930 ²05
