1994 3190
212 172 295 211 442
313 160 343 201 d
687 159 948 204 IOANNIS
988 158 1501 203 SARESBERIENSIS
1659 157 1768 219 [ΜΒ.
1784 170 1825 203 11

356 280 429 323 Ad
467 283 642 324 tantam
683 280 873 338 denique
911 280 1094 338 quidam
1133 294 1373 338 peruenere
1408 280 1648 331 uesaniam,
1679 283 1734 324 ut
1767 295 1824 324 ex

355 351 544 393 diuersis
563 350 793 393 stellarum
812 349 1105 407 positionibus
1125 350 1277 393 dicant
1301 350 1540 408 imaginem
1562 350 1619 393 ab
1645 350 1825 394 homine

354 435 480 477 posse
501 419 697 471 formari,
717 434 830 476 quae
854 419 891 462 si
911 434 992 476 per
1017 419 1255 463 interualla
1281 422 1531 476 temporum
1559 422 1605 462 et
1631 421 1824 477 quadam

354 490 527 533 ratione
560 489 896 547 proportionum
934 489 982 531 in
1015 489 1347 532 constellatione
1379 493 1559 533 seruata
1594 489 1823 541 formetur,

353 559 583 602 stellarum
621 562 738 602 nutu
777 558 959 615 recipiet
998 558 1205 615 spiritum
1244 559 1377 610 uitae,
1409 562 1455 602 et
1493 559 1824 602 consulentibus
1842 566 1862 601 5

353 628 550 672 occultae
578 627 784 671 ueritatis
813 626 1122 670 manifestabit
1151 627 1356 671 archana.
1418 627 1477 671 Et
1503 628 1608 671 licet
1627 629 1823 685 quando-

354 711 451 754 que,
472 711 584 754 quae
603 697 790 740 honesta
808 696 881 739 uel
901 699 1022 739 recta
1041 699 1158 746 sunt,
1179 699 1231 740 ut
1250 711 1297 739 se
1321 697 1369 739 in
1398 697 1492 740 loco
1516 697 1683 740 mundo
1709 697 1824 740 uelle

354 767 534 818 seruari,
561 765 633 809 uel
663 766 806 809 solum
835 765 993 818 Deum,
1020 766 1196 822 quando
1221 766 1391 823 aliquid
1418 767 1659 823 quaeritur,
1685 766 1823 823 preci-

205 844 288 883 443
307 844 337 874 a
354 835 438 878 bus
471 838 518 878 et
547 835 805 878 muneribus
835 834 1133 878 inuocandum
1167 835 1423 892 praecipiat,
1452 836 1638 893 maligni
1672 838 1824 879 tamen

353 905 537 962 spiritus
556 905 670 948 hanc
694 919 787 947 esse
814 903 1036 948 fallaciam
1066 904 1359 948 certissimum
1387 908 1466 958 est,
1487 905 1565 962 qui
1594 908 1648 948 ut
1675 905 1824 949 minus
1842 916 1886 941 10

352 977 564 1017 caueatur
606 973 884 1017 innocentiae
928 972 1001 1016 uel
1044 973 1243 1016 iustitiae
1285 977 1521 1031 praecepta
1564 974 1824 1031 plerumque

352 1044 533 1087 uidetur
571 1043 740 1086 afferre.
802 1042 932 1085 Hanc
971 1042 1150 1098 quidem
1188 1042 1464 1086 idololatriae
1503 1043 1691 1100 speciem
1731 1057 1825 1086 esse

353 1113 551 1157 fidelium
580 1112 730 1155 nullus
761 1111 948 1169 ignorat.
1023 1111 1173 1170 Longe
1193 1126 1300 1156 uero
1319 1113 1590 1156 commodius
1613 1113 1662 1155 in
1681 1112 1825 1156 celum

352 1183 599 1227 ascendunt
626 1181 849 1239 astrologi,
873 1182 949 1238 qui
978 1182 1342 1226 Academicorum
1372 1197 1493 1226 more
1520 1182 1730 1240 quicquid
1760 1182 1824 1227 eis

354 1251 594 1296 occurrerit
621 1250 849 1308 probabile
878 1265 958 1294 suo
990 1251 1086 1294 iure
1121 1250 1380 1295 defendunt.
1450 1251 1610 1309 Itaque
1642 1251 1823 1309 quidam
1843 1265 1883 1300 15

354 1335 505 1364 eorum
526 1323 651 1363 motu
671 1319 862 1376 quodam
886 1319 1134 1363 irrationali
1160 1320 1362 1378 planetas
1382 1320 1595 1364 aduersus
1618 1321 1824 1378 aplanem

355 1390 440 1433 niti
489 1389 791 1442 contendunt;
848 1388 937 1440 alii,
986 1392 1165 1433 auctore
1214 1389 1459 1441 Aristotile,
1498 1390 1673 1434 eosdem
1722 1404 1824 1434 cum

354 1461 634 1503 firmamento
654 1458 762 1502 ferri
782 1459 1060 1516 profitentur,
1081 1474 1268 1516 quorum
1294 1462 1504 1503 neutrum
1524 1462 1638 1503 teste
1658 1460 1824 1503 Mineio

353 1528 618 1586 astrologiae
657 1528 822 1586 regulis
860 1528 1090 1572 inuenitur
1127 1529 1375 1572 aduersum.
1453 1530 1517 1572 At
1555 1529 1823 1587 genethliaci

354 1598 461 1641 dum
496 1599 554 1641 ad
588 1598 910 1642 diuinationem
944 1599 1155 1642 scientiae
1186 1599 1413 1642 celestium
1443 1599 1576 1643 nimis
1607 1600 1823 1643 insistunt
1843 1611 1885 1636 20

356 1671 449 1710 tam
488 1668 685 1724 ipsorum
724 1667 952 1711 celestium
992 1682 1125 1725 quam
1160 1667 1244 1712 Dei
1279 1668 1486 1712 notitiam
1521 1668 1823 1726 perdiderunt.

356 1735 444 1790 Qui
474 1738 626 1780 tamen
657 1737 776 1780 inter
809 1751 883 1780 eos
916 1751 1046 1780 suum
1075 1737 1345 1781 commodius
1374 1752 1583 1781 excusare
1612 1738 1826 1781 uidentur

354 1821 558 1858 errorem,
582 1821 683 1851 cum
715 1807 890 1851 Plotino
918 1807 1229 1851 auctoritatem
1253 1822 1435 1865 operum
1462 1821 1552 1851 non
1579 1807 1824 1851 detrahunt
1845 1803 1851 1813 ⁰

307 1878 336 1916 b
354 1876 554 1929 creatori,
569 1876 646 1919 sed
661 1876 795 1920 semel
811 1879 858 1919 et
871 1875 1002 1919 simul
1018 1876 1076 1919 ab
1096 1891 1146 1920 eo
1166 1876 1307 1935 legem
1327 1879 1531 1920 asserunt
1549 1876 1823 1930 institutam3

354 1959 488 2002 quam
520 1946 670 1989 nullus
704 1961 915 2004 umquam
947 1950 1131 1990 conatus
1165 1948 1363 1997 euacuat,
1393 1960 1494 1990 cum
1524 1946 1673 1989 omnia
1707 1961 1820 2003 quae
1840 1955 1883 1991 ²5

353 2014 572 2072 disposuit
606 2014 762 2058 futura
796 2015 887 2059 sint
920 2018 974 2059 ut
1007 2015 1243 2073 praeuidit.
1303 2014 1431 2069 Quod
1462 2014 1578 2059 forte
1611 2015 1822 2073 Papinius

354 2084 577 2128 intellexit
605 2099 705 2129 cum
736 2085 923 2129 diceret:

467 2188 563 2232 Inci
598 2188 635 2232 it
665 2203 721 2232 ex
751 2189 854 2241 alto,
946 2203 1028 2233 aue
1059 2191 1105 2232 et
1134 2189 1410 2232 immutabile
1440 2189 1605 2233 sanctis

469 2260 556 2304 pon
589 2261 641 2290 us
670 2247 797 2291 adest
827 2204 986 2299 ueffis,
1016 2250 1062 2291 et
1091 2261 1242 2292 uocem
1274 2247 1371 2291 fata
1399 2251 1656 2305 sequuntur.

353 2395 374 2421 2
398 2383 616 2431 ymaginem
636 2384 675 2420 M
821 2394 862 2421 12
887 2383 1076 2431 ydolatrie
1093 2383 1154 2420 CB
1285 2385 1329 2421 16
1353 2383 1609 2421 irrationabili
1626 2385 1656 2421 P
1778 2395 1822 2434 19

352 2430 554 2479 genelliaci
572 2430 701 2468 CBSM
845 2432 892 2468 26
916 2431 1084 2479 prouidit
1100 2432 1134 2468 A
1275 2442 1322 2479 29
1346 2434 1527 2469 secuntur
1544 2432 1583 2468 Μ

402 2564 422 2590 2
449 2555 642 2600 imaqn'nem
659 2555 730 2591 etc.
746 2564 754 2590 ε
783 2553 830 2590 of.
848 2565 945 2600 quae
962 2554 1009 2591 de
1026 2555 1252 2591 homunculo]
1269 2554 1420 2602 scripsit
1437 2554 1657 2592 Paraceleus
1673 2557 1716 2592 de
1738 2557 1821 2594 Vita

353 2602 478 2646 Lonaa
496 2601 641 2656 prolog.
663 2602 735 2640 (ed.
755 2601 892 2638 Genev.
916 2601 955 2638 ii.
979 2603 1087 2685 3512).
1104 2603 1147 2638 de
1169 2604 1395 2645 Imam’nibtoe
1418 2614 1449 2639 c.
1479 2613 1519 2639 12
1543 2602 1598 2646 (ii.
1624 2612 1704 2651 501,
1744 2606 1822 2651 02),

353 2650 395 2684 de
409 2649 492 2685 Nat.
508 2650 587 2685 Ber.
609 2661 632 2686 ι.
649 2648 703 2690 (ii.
717 2650 812 2691 866).
913 2652 952 2686 18
1022 2651 1136 2686 ιἠεἰοε
1160 2649 1184 2686 i.
1196 2661 1228 2686 e.
1242 2649 1430 2686 Martiano
1444 2649 1620 2697 Capellae
1636 2663 1644 2694 ς
1662 2663 1694 2688 ν.
1747 2652 1820 2689 art.

352 2695 442 2742 cap.
462 2695 538 2733 viii.
596 2698 685 2743 8533
711 2697 758 2732 ef.
781 2695 894 2733 Meet.
908 2699 950 2732 de
963 2698 999 2733 S.
1011 2699 1044 2732 S.
1061 2696 1098 2733 ii.
1113 2707 1134 2741 4
1150 2696 1166 2737 δ
1181 2699 1211 2735 8.
1309 2708 1353 2743 23
1373 2699 1536 2735 Plotino:
1563 2710 1594 2734 v.
1609 2697 1705 2735 Plot.
1719 2699 1820 2736 Ena.

355 2742 393 2780 ii.
426 2754 469 2789 33
507 2755 524 2780 ι
601 2743 701 2781 unde
728 2744 775 2780 ad
806 2743 982 2781 Nostrum
1012 2743 1105 2781 haec
1136 2743 1275 2781 Plotini
1306 2745 1497 2782 sententia
1528 2745 1820 2794 permanaverit,

352 2790 491 2829 nescio.
634 2794 678 2829 28
703 2792 839 2839 Incipit
856 2794 952 2829 etc.:
979 2791 1073 2830 Stat.
1094 2793 1198 2830 Theb.
1215 2791 1239 2829 i.
1260 2802 1340 2838 212,
1357 2802 1397 2829 21
1404 2803 1437 2840 3.
