1994 3190
262 169 357 211 495
374 170 402 200 c
750 154 1013 201 IOANNIS
1040 153 1556 200 SARESBERIENSIS
1697 153 1808 210 [ΜΒ.
1823 160 1884 196 111

413 280 569 323 laurus
587 278 881 336 polliceretur,
901 277 1089 334 scriptor
1107 276 1212 320 belli
1233 276 1388 320 Punici
1407 276 1536 318 Titus
1557 274 1712 318 Liuius
1732 273 1884 317 refert.

416 349 627 393 Ceterum
647 348 695 390 in
724 346 842 390 tanti
868 346 1086 403 triumphi
1111 345 1253 403 gloria
1279 346 1386 402 quid
1410 345 1487 388 illo
1511 345 1607 388 ciue
1631 344 1886 394 modestius,

414 419 495 475 qui
525 433 571 461 se
597 418 646 460 in
675 420 803 460 tanto
832 431 1033 460 successu
1062 431 1142 459 nec
1169 416 1396 458 dominum
1423 430 1566 472 neque
1590 414 1805 458 uictorem
1829 413 1887 456 ab

417 487 579 544 aliquo,
599 487 686 530 nisi
706 487 764 529 ab
783 486 1036 529 Hannibale
1055 485 1294 543 paucisque
1313 484 1610 541 complicibus,
1626 483 1703 540 qui
1724 496 1887 539 aequas

417 556 692 600 conditiones
738 555 859 613 pacis
908 559 1040 612 rupto
1081 554 1230 598 federe
1275 554 1584 596 fraudulenter
1623 553 1887 602 abiecerant,
1907 565 1928 601 5

418 640 574 683 passus
613 628 681 668 est
719 625 938 669 salutari'ss
998 625 1085 667 Eos
1117 639 1301 681 quoque,
1336 623 1412 680 qui
1447 622 1653 679 castigati
1688 636 1778 664 non
1811 621 1888 664 ob-

419 695 729 752 temperabant
762 694 1039 751 prohibentis
1079 693 1276 750 imperio,
1317 692 1443 750 quasi
1483 691 1752 734 adulationis
1791 684 1889 733 reos

371 766 405 806 <1
422 768 467 808 et
496 764 698 822 publicae
728 763 885 806 salutis
914 764 1073 813 hostes,
1103 763 1160 805 ab
1190 762 1388 806 exercitu
1419 761 1574 813 iussit3
1607 775 1707 804 cum
1737 762 1890 803 tamen

419 848 560 892 genus
590 833 819 876 Eneadum
852 833 965 876 hanc
1000 833 1231 875 mollitiem
1266 832 1441 874 aurium
1472 830 1671 873 nondum
1703 828 1890 879 exuerit,

419 903 529 960 quin
558 902 889 945 adulationibus
917 902 1203 944 delectentur.
1264 900 1379 944 Cum
1408 914 1515 943 uero
1545 899 1602 942 ab
1631 899 1762 941 initio
1788 912 1887 956 gra-
1909 915 1953 943 ιο

418 971 591 1015 uissimi
612 971 794 1022 fuerint,
806 972 853 1013 in
874 986 961 1028 quo
981 971 1196 1014 Troianae
1211 970 1409 1012 leuitatis
1424 969 1639 1027 originem
1655 968 1890 1026 praecipue

419 1040 679 1091 diffitentur,
719 1055 792 1084 eos
831 1041 913 1084 hoc
952 1041 1065 1083 uitio
1104 1040 1311 1083 continue
1346 1039 1566 1082 laborasse
1601 1038 1890 1081 historiarum

419 1111 588 1154 celebre
618 1110 922 1153 testimonium
953 1113 1031 1154 est.
1090 1109 1201 1152 Inde
1230 1112 1298 1152 est
1327 1109 1461 1151 illud:
1492 1108 1718 1151 Romanus
1747 1107 1891 1150 omnis

420 1179 677 1223 adulatione
692 1179 991 1236 corrumpitur
1005 1181 1085 1222 aut
1104 1179 1360 1235 corrumpit.
1409 1178 1553 1231 Certe,
1565 1178 1603 1220 si
1623 1191 1713 1220 non
1727 1176 1889 1229 uerbis,

421 1251 608 1306 possunt
626 1263 776 1291 omnes
802 1249 1099 1291 fraudulentis
1123 1248 1379 1291 muneribus
1407 1247 1678 1305 expugnari3
1707 1249 1753 1290 et
1780 1260 1890 1303 quos
1910 1259 1953 1296 15

421 1318 684 1361 munuscula
696 1332 785 1360 non
798 1317 1005 1367 deiciunt,
1018 1318 1258 1361 honoribus
1270 1317 1520 1375 capiuntur.
1550 1317 1683 1360 Vrbis
1694 1316 1892 1373 auspicia

423 1387 652 1444 sacrilegio
672 1386 898 1443 parricidii
922 1390 968 1430 et
992 1386 1180 1430 fraterni
1208 1385 1437 1444 sanguinis
1457 1401 1610 1430 cruore
1633 1385 1892 1428 numinibus

424 1458 516 1500 suis
566 1456 780 1500 Romulus
827 1457 1112 1508 consecrauit,
1151 1456 1309 1499 deinde
1358 1456 1600 1499 lemuribus
1653 1454 1894 1498 infestatus

425 1527 590 1569 honore
635 1540 752 1569 uano
797 1526 1006 1569 simulata
1051 1526 1446 1569 communicatione
1488 1525 1662 1582 imperii
1706 1524 1893 1567 fratrem

265 1596 360 1646 496
378 1605 410 1635 a
426 1596 622 1654 placauit
640 1596 840 1639 occisum.
901 1595 1014 1638 Suos
1041 1610 1214 1652 quoque
1241 1595 1538 1652 imperatores,
1559 1610 1668 1652 quos
1692 1595 1746 1638 de
1773 1607 1893 1638 more
1913 1608 1959 1634 ao

427 1667 652 1709 Romanus
698 1665 887 1723 populus
933 1665 1123 1708 fideliter
1161 1665 1404 1723 iugulabat‚
1444 1665 1669 1708 deificauit
1707 1664 1894 1717 fidelius,

426 1735 547 1778 inani
579 1735 737 1778 solatio
766 1734 997 1792 perfidiam
1026 1737 1289 1791 praetexens
1319 1734 1614 1787 manifestam,
1633 1734 1816 1791 perinde
1842 1746 1894 1776 ac

424 1805 463 1849 si
495 1804 837 1847 sorbitiunculas
871 1804 923 1854 ei,
955 1819 1085 1861 quem
1119 1807 1377 1861 peremerat,
1412 1804 1698 1854 ministraret,
1733 1817 1893 1861 eosque

425 1874 757 1917 mentiebantur
783 1874 830 1915 in
860 1876 1022 1916 sortem
1051 1873 1260 1916 transisse
1284 1873 1529 1923 numinum,
1549 1888 1599 1917 ac
1627 1873 1664 1916 si
1693 1873 1786 1916 celo
1812 1886 1893 1916 suo

425 1943 676 2000 mundoque
707 1943 897 2000 regendo
928 1943 1013 1985 nisi
1045 1942 1235 1985 tirannis
1263 1943 1413 1986 ascitis
1444 1943 1773 2000 Omnipotentis
1804 1956 1893 1986 non
1913 1957 1956 1994 ²6

425 2013 615 2056 sufficiat
647 2027 814 2054 manus.
876 2012 999 2055 Facti
1039 2015 1146 2054 sunt
1185 2026 1289 2069 ergo
1329 2012 1423 2055 diui
1456 2012 1673 2070 indigetes
1708 2015 1788 2055 aut
1823 2011 1892 2068 (ut

426 2082 526 2125 aliis
561 2082 722 2139 placet)
756 2082 919 2131 heroes,
950 2096 1059 2139 quos
1088 2095 1167 2124 1100
1198 2081 1331 2124 etiam
1363 2082 1558 2125 humana
1587 2085 1704 2125 sorte
1734 2083 1892 2140 dignos

427 2151 726 2194 Romanorum
754 2151 939 2207 perfidia
966 2150 1205 2208 reputauit.
1266 2150 1475 2194 Tractum
1502 2154 1569 2194 est
1596 2151 1699 2195 hinc
1722 2165 1895 2203 nomen,

429 2300 451 2334 3
475 2300 595 2335 neque
631 2300 702 2326 1100
720 2288 792 2324 ΑΜ
900 2289 921 2324 8
941 2294 1022 2335 pose
1040 2289 1207 2326 exercitu
1225 2291 1307 2325 aad.
1328 2289 1514 2327 remoueri
1535 2289 1573 2325 M
1674 2300 1715 2327 12
1732 2289 1897 2337 hystori-

427 2349 535 2373 arum
555 2335 579 2372 S
765 2344 807 2382 25
834 2336 1006 2381 tyrannis
1025 2337 1061 2372 M
1158 2337 1305 2374 nsscitis
1321 2336 1419 2373 ASM
1565 2337 1611 2374 26
1635 2337 1792 2375 suffitiet
1808 2337 1841 2374 A

481 2474 494 2501 1
517 2465 673 2500 Liuius:
698 2463 743 2499 de
762 2461 866 2499 cuius
882 2462 1042 2499 historia
1059 2462 1252 2510 epitomen
1272 2463 1439 2500 confecit
1452 2463 1608 2507 Florus:
1634 2476 1666 2501 ν.
1685 2464 1762 2502 Liv.
1781 2464 1896 2503 xxxii.

433 2521 446 2548 1
471 2510 488 2557 ξ
513 2521 564 2547 12.
726 2520 746 2546 2
777 2512 938 2546 Ceterum
957 2513 1047 2547 etc.:
1074 2510 1167 2547 haec
1185 2511 1232 2547 de
1251 2510 1428 2558 Scipione
1449 2512 1626 2549 Africano
1644 2515 1801 2550 narrata
1816 2525 1899 2550 nu·-

428 2571 543 2605 qumn
571 2557 662 2594 alibi
694 2557 859 2594 invenire
881 2557 1017 2612 potui:
1054 2570 1168 2604 quem
1201 2561 1332 2595 tamen
1361 2571 1489 2603 regem
1516 2560 1701 2606 appellari
1729 2560 1896 2599 noluisse

432 2606 601 2642 novimus
619 2617 663 2641 ex
684 2605 786 2641 Livio
806 2616 916 2640 xxvn.
944 2615 984 2651 19
1004 2604 1044 2651 δξ
1067 2616 1096 2650 3.
1117 2616 1149 2650 4.
1338 2617 1377 2651 13
1405 2610 1668 2644 testimonium:
1694 2620 1772 2654 e.g.
1791 2608 1896 2645 Oroe-

427 2655 508 2690 adv.
529 2655 694 2698 pagano:
712 2652 756 2689 iv.
779 2663 819 2698 13
838 2651 856 2695 ξ
881 2662 946 2697 17;
973 2645 1020 2689 cf.
1040 2653 1133 2697 Aug.
1151 2654 1194 2688 (10
1219 2655 1293 2691 ccv,
1320 2655 1388 2689 Dm·
1413 2654 1452 2690 ii.
1476 2665 1526 2700 13.
1723 2657 1764 2692 16
1795 2657 1899 2693 Vrbis

428 2703 595 2746 aunpe'ct'a
624 2704 716 2736 etc:
742 2700 788 2737 cs.
820 2692 971 2736 Hieron.
999 2701 1068 2746 Ep.
1095 2711 1200 2736 cxxv.
1229 2701 1246 2747 ξ
1281 2711 1317 2748 ¹5
1347 2701 1492 2747 (Migne
1520 2704 1559 2738 P.
1586 2704 1630 2740 L.
1658 2702 1747 2739 xxii.
1778 2703 1896 2748 1080).

435 2750 476 2785 18
504 2749 639 2783 [nimin-
666 2748 864 2783 lemur-’bus
889 2750 980 2783 etc:
1006 2759 1036 2783 v.
1054 2748 1119 2784 Ov.
1139 2749 1237 2784 Fun.
1255 2760 1286 2784 v.
1308 2758 1371 2795 451
1388 2761 1491 2796 seqq.
1681 2759 1725 2796 27
1751 2751 1896 2788 herou:

426 2807 462 2832 v.
482 2795 647 2832 macrob.
664 2797 707 2832 de
723 2797 843 2832 Somn.
861 2797 956 2843 Scip.
975 2794 999 2832 i.
1017 2805 1039 2842 9
1059 2794 1099 2843 §§
1121 2804 1154 2842 7,
1172 2798 1205 2833 8.

539 2874 603 2900 20³
