1994 3190
193 217 196 220 .
214 176 296 226 584
315 185 343 215 c
684 173 944 218 IOANNIS
984 171 1500 217 SARESBERIENSIS
1666 168 1777 230 [Lm.
1791 180 1824 212 v

316 304 341 333 c
357 294 447 336 iam
478 296 602 337 metu
635 293 879 336 exanimati
912 293 1067 351 lingua
1103 292 1264 336 leniter
1302 291 1522 342 demulsit,
1553 305 1654 334 cum
1692 290 1824 332 homo

357 364 477 406 inter
510 363 637 406 illata
675 363 836 406 atrocis
874 362 995 405 ferae
1034 362 1339 405 blandimenta
1375 361 1587 404 amissum
1625 359 1824 402 animum

357 447 615 490 recuperare
645 435 793 489 posset
826 435 872 475 et
906 432 988 474 uix
1016 432 1232 489 paulatim
1262 431 1409 475 oculos
1439 430 1497 473 ad
1525 429 1825 474 contuendum

357 502 528 545 leonem
572 501 752 559 aperire.
834 501 931 544 Hoc
971 516 1017 544 se
1060 501 1208 558 Apion
1256 501 1304 543 in
1343 500 1526 543 urbanis
1565 498 1826 557 spectaculis

357 571 523 614 Romae
555 571 720 614 uidisse
754 570 903 622 refert,
937 571 1132 614 adiciens
1168 570 1273 627 quia
1304 572 1412 613 tunc
1443 569 1565 613 facta
1596 568 1723 626 quasi
1757 582 1825 611 re·
1843 585 1863 618 5

356 640 608 697 cognitione
646 643 804 683 mutua
842 640 964 692 letos,
994 640 1155 696 inquit,
1186 639 1360 682 uideres
1391 641 1437 682 et
1474 637 1826 696 gratulabundos

357 709 528 752 leonem
557 712 603 752 et
629 709 864 752 hominem.
926 709 984 752 Et
1010 709 1067 752 ob
1096 710 1210 752 hanc
1237 723 1330 751 rem
1358 711 1404 751 et
1432 707 1644 750 clamores
1667 706 1826 764 populi

357 776 576 822 maximos
607 778 844 822 accersitus
875 782 943 821 est
973 779 1104 821 homo
1138 793 1166 820 a
1201 777 1373 828 Cesare,
1399 780 1445 820 et
1480 791 1616 834 quare
1650 776 1716 818 illi
1745 776 1825 818 uni

357 848 657 891 atrocissimus
683 848 752 890 leo
779 848 1033 905 pepercerit,
1053 848 1291 905 diligenter
1317 846 1567 904 quaesitum
1593 849 1672 889 est.
1742 845 1825 889 Ille

357 918 513 974 utique
528 932 621 960 rem
636 917 866 961 mirificam
881 932 1068 960 narrans
1084 917 1170 960 ait:
1195 916 1309 960 Cum
1325 915 1599 973 prouinciam
1614 915 1826 958 Affricam
1846 930 1887 954 10

357 987 658 1044 proconsulari
679 987 863 1044 imperio
878 1001 1002 1029 meus
1018 987 1223 1029 dominus
1237 986 1470 1043 optineret,
1483 1000 1564 1044 ego
1579 985 1642 1028 ibi
1661 984 1827 1042 iniquis

359 1058 454 1100 eius
474 1060 520 1099 et
538 1056 772 1100 cotidianis
790 1056 1049 1099 uerberibus
1069 1056 1125 1098 ad
1153 1055 1308 1113 fugam
1334 1058 1511 1099 coactus
1537 1069 1648 1106 sum,
1667 1057 1713 1098 et
1739 1069 1827 1111 quo

310 1130 341 1170 d
360 1126 493 1169 michi
510 1126 705 1168 latebrae
721 1129 865 1168 terrae
885 1125 1005 1168 illius
1025 1125 1174 1168 forent
1192 1140 1220 1167 a
1240 1125 1418 1168 domino
1432 1125 1632 1175 tutiores,
1644 1125 1691 1167 in
1711 1139 1825 1167 cam-

360 1211 517 1253 porum
550 1199 596 1239 et
627 1210 862 1238 arenarum
894 1195 1156 1238 solitudines
1190 1195 1393 1239 concessi.
1453 1195 1512 1238 Et
1544 1195 1669 1252 quasi
1705 1195 1826 1238 aliud

359 1264 586 1315 defuisset,
611 1265 842 1308 consilium
874 1263 963 1307 fuit
991 1279 1265 1321 quocumque
1292 1264 1422 1307 modo
1446 1268 1636 1308 mortem
1667 1268 1825 1322 petere.
1847 1280 1886 1314 15

359 1335 474 1380 Cum
504 1335 654 1391 itaque
685 1334 774 1377 sole
803 1334 948 1376 medio
986 1333 1142 1390 rapido
1172 1337 1218 1376 et
1255 1334 1464 1391 flagranti
1495 1334 1718 1391 quandam
1747 1349 1828 1392 pro

357 1408 555 1461 tempore
582 1418 761 1447 caueam
789 1407 946 1446 nactus
973 1417 1111 1446 essem
1144 1403 1422 1454 latebrosam,
1448 1403 1495 1446 in
1520 1418 1617 1447 eam
1643 1408 1828 1461 penetro

359 1488 516 1530 meque
536 1473 734 1516 recondo.
794 1473 887 1516 Nec
907 1472 1049 1515 multo
1075 1475 1176 1529 post
1199 1472 1256 1515 ad
1284 1472 1471 1516 eundem
1498 1487 1675 1530 specum
1702 1474 1829 1517 uenit

359 1543 432 1586 hic
452 1543 531 1593 leo,
551 1542 686 1585 debili
717 1545 761 1585 et
788 1545 971 1585 cruento
991 1542 1113 1599 pede,
1132 1541 1325 1599 gemitus
1351 1542 1485 1586 edens
1512 1545 1558 1585 et
1586 1557 1827 1594 murmura,

358 1612 553 1655 dolorem
568 1612 899 1668 cruciatumque
914 1611 1112 1654 uulneris
1131 1611 1432 1669 ingemiscens,
1446 1626 1546 1655 cum
1569 1612 1828 1657 miserantia
1847 1628 1890 1654 πο

358 1682 587 1732 auditoris,
608 1682 644 1724 si
676 1682 775 1738 quis
805 1681 988 1724 adesset.
1048 1680 1196 1737 Atque
1226 1680 1316 1724 illic
1345 1681 1489 1738 primo
1518 1682 1696 1738 quidem
1726 1697 1827 1726 con-

359 1753 512 1807 spectu
537 1750 816 1793 aduenientis
844 1749 982 1792 leonis
1010 1749 1193 1792 territus
1213 1763 1311 1792 sum
1339 1753 1385 1793 et
1411 1750 1537 1807 quasi
1558 1753 1653 1794 toto
1680 1751 1828 1795 animo

359 1823 678 1863 consternatus.
739 1819 826 1862 Sed
857 1822 1091 1876 postquam
1119 1819 1414 1876 introgressus
1441 1819 1520 1870 leo,
1540 1820 1609 1863 uti
1636 1835 1705 1864 res
1731 1821 1830 1878 ipsa

360 1888 580 1946 apparuit,
609 1888 655 1930 in
688 1888 990 1931 habitaculum
1026 1887 1136 1930 illud
1168 1902 1296 1931 suum
1327 1903 1397 1931 me
1427 1888 1552 1932 uidet
1580 1889 1830 1947 ingressum

360 1957 512 2015 procul
553 1960 598 2000 et
637 1956 976 2008 delitescentem,
1011 1957 1133 2000 mitis
1172 1960 1218 2000 et
1255 1961 1513 2001 mansuetus
1552 1959 1745 2012 accessit,
1784 1963 1830 2004 et
1849 1972 1889 2006 ²⁵

216 2033 296 2083 585
314 2043 343 2072 a
361 2026 587 2070 sublatum
617 2026 771 2084 pedem
802 2026 1032 2069 ostendere
1062 2026 1195 2069 michi
1226 2029 1272 2069 et
1301 2027 1524 2084 porrigere
1553 2028 1649 2085 opis
1682 2028 1831 2087 gratia

362 2096 485 2139 uisus
525 2098 603 2138 est.
683 2095 765 2146 Ibi,
805 2095 963 2152 inquit,
1003 2110 1084 2152 ego
1127 2095 1325 2152 stipitem
1375 2096 1599 2154 ingentem
1639 2098 1830 2156 uestigio

362 2164 487 2222 pedis
515 2163 609 2206 eius
636 2163 862 2206 herentem
892 2164 1056 2206 reuulsi
1084 2167 1425 2222 conceptamque
1452 2166 1619 2208 saniem
1646 2167 1830 2211 uulnere

361 2234 520 2276 intimo
550 2233 744 2290 expressi
777 2233 1111 2290 accuratiusque
1141 2233 1230 2276 iam
1265 2234 1359 2277 sine
1390 2249 1554 2292 magna
1593 2235 1830 2280 formidine

361 2302 522 2346 siccaui
544 2302 721 2359 penitus
741 2316 1001 2358 omnemque
1026 2302 1188 2345 detersi
1217 2317 1429 2348 cruorem.
1487 2303 1570 2347 Ille
1598 2307 1704 2349 tunc
1732 2320 1831 2349 mea
1848 2321 1891 2356 30

361 2386 496 2429 opera
535 2374 580 2414 et
620 2370 790 2413 medela
830 2370 1015 2422 leuatus,
1056 2371 1166 2428 pede
1206 2371 1253 2414 in
1293 2372 1498 2416 manibus
1538 2373 1647 2417 meis
1686 2374 1830 2432 posito

359 2441 562 2485 recubuit
598 2443 643 2483 et
678 2440 850 2497 quieuit
876 2444 1009 2497 atque
1046 2456 1101 2483 ex
1127 2455 1177 2484 eo
1208 2441 1279 2485 die
1307 2446 1452 2486 totum
1479 2443 1721 2486 triennium
1749 2458 1830 2502 ego

365 2571 409 2607 19
430 2565 511 2607 poet
529 2562 686 2597 cruento
702 2562 785 2596 add.
803 2562 842 2597 ct
856 2560 1002 2597 crudeli
1021 2560 1059 2596 M

413 2678 468 2715 14,
491 2680 502 2707 1
580 2670 660 2704 uast'
676 2669 778 2704 aliud
794 2670 985 2714 desudent:
1012 2671 1045 2705 εἰ
1061 2671 1231 2715 defuisset
1250 2671 1348 2706 cibus
1365 2669 1461 2708 Gall.
1609 2672 1653 2709 16
1677 2674 1830 2718 rapido:

362 2719 490 2754 rabido
525 2718 560 2753 'e
579 2715 602 2753 l.
750 2726 795 2752 20
819 2718 974 2752 dolorem
991 2720 1060 2754 cic.
1078 2728 1086 2752 :
1112 2719 1266 2753 dolorem
1283 2720 1549 2765 cruciatumque
1564 2721 1730 2756 uulneris
1745 2725 1831 2757 oom-

363 2766 575 2801 mian-antia
610 2762 706 2801 Gell.
766 2762 924 2801 Videtur
952 2764 992 2800 in
1019 2764 1227 2811 exemplari
1258 2777 1324 2802 auo
1349 2778 1430 2801 cum
1459 2767 1671 2803 miserantia
1697 2766 1830 2815 legisse

365 2813 528 2849 Ioanne·
546 2814 585 2848 ct
604 2810 720 2847 uerba
736 2822 832 2857 quse
849 2814 1058 2858 sequuntur
1073 2812 1179 2858 quani
1196 2812 1492 2859 explicationem
1510 2813 1710 2852 addidisse.

471 2882 539 2928 ⁸⁶2
