1994 3236
892 218 1344 263 PROLEGOMENA

441 335 628 380 GALENI
657 335 830 380 dictum
854 336 903 379 in
931 335 1095 380 Polior.
1116 336 1208 380 viii.
1231 338 1258 379 6
1286 336 1442 380 laudat
1470 336 1589 393 quod
1617 336 1666 379 in
1694 336 1845 394 spurio

384 419 514 462 opere
553 405 608 457 de
643 404 942 462 Dymmidiis
979 405 1189 450 inuenies.
1270 405 1326 448 In
1365 405 1518 449 eodem
1557 405 1751 463 capitulo
1789 421 1845 449 ex

384 474 660 531 Hieronymo
693 474 826 517 aliam
860 474 981 517 illius
1015 475 1282 518 sententiam
1313 474 1462 518 refert.
1522 474 1590 517 De
1619 474 1845 518 doctrinae

384 543 541 586 Galeni
562 543 680 600 apud
703 544 903 587 homines
921 558 1028 588 saec.
1053 544 1118 586 xii
1144 544 1434 588 occidentales
1459 544 1644 588 scientia
1662 544 1846 587 uideant

383 613 471 655 uiri
491 613 610 656 docti
630 613 707 669 qui
726 613 993 656 medicorum
1013 613 1298 670 antiquorum
1317 613 1503 656 studiosi
1524 616 1644 660 sunt.

443 679 699 722 DIOGENEM
715 679 966 723 LAERTIVM
987 679 1306 736 interpretatus
1325 683 1405 730 est,
1419 680 1457 723 si
1478 680 1716 723 Valentino
1731 679 1846 723 Rose

383 748 517 791 fidem
544 748 846 801 adhibeamus,
869 749 942 791 uir
970 749 1128 792 Ioanni
1158 751 1310 792 nostro
1336 752 1610 801 coaetaneus,
1635 749 1846 793 Euericus

384 818 550 861 scilicet
570 818 838 875 Aristippus,
861 818 1195 862 archidiaconus
1216 817 1496 862 Cataniensis
1508 833 1519 871 ;
1549 818 1624 862 sed
1650 833 1763 875 quae
1790 833 1846 862 ex

384 886 581 944 Diogene
620 887 668 929 in
711 886 1041 930 Poliaraticum
1083 890 1470 944 permansuerunt,
1508 902 1588 945 per
1627 887 1846 931 dictorum

383 956 735 999 memorabilium
773 956 1049 1000 collectiones
1098 957 1361 1000 recentiores
1410 957 1600 1000 deducta
1647 971 1741 1000 esse
1779 957 1846 999 ui-

384 1025 572 1078 dentur;
625 1025 728 1068 uide
777 1025 897 1069 infra
945 1026 999 1069 de
1043 1026 1299 1076 FLAvmno,
1348 1025 1600 1070 ‘CAECILIO
1650 1026 1808 1070 BALBO
1825 1027 1846 1077 ',

385 1093 575 1138 CATVLO
600 1086 858 1139 PAnumsn

443 1163 677 1207 Omsnms
701 1164 936 1208 Homilias
959 1165 1016 1207 in
1041 1164 1148 1215 Lea,
1169 1165 1324 1216 Num„
1343 1164 1442 1215 Ios„
1462 1164 1612 1208 Iudic.
1635 1179 1691 1207 ex
1711 1165 1847 1208 inter-

385 1233 632 1289 pretatione
645 1247 758 1289 quae
770 1248 874 1276 uere
887 1233 1064 1290 quidem
1078 1237 1146 1276 est
1158 1233 1322 1285 Rufini,
1329 1234 1413 1276 sub
1422 1233 1685 1290 Hieronymi
1697 1236 1848 1277 autem

385 1302 562 1345 nomine
582 1302 629 1344 in
650 1302 794 1344 medio
809 1317 919 1345 aeuo
933 1302 1337 1353 circumferebatur,
1354 1302 1406 1345 H
1403 1303 1583 1346 omiliae
1601 1302 1655 1345 in
1675 1303 1848 1346 Lucam

385 1385 440 1413 ex
454 1371 592 1427 ipsius
606 1371 870 1427 Hieronymi
883 1371 1083 1414 uersione
1094 1371 1282 1415 Ioannes
1294 1371 1416 1415 citat.
1463 1371 1702 1428 Oriyenem
1713 1386 1848 1428 saper

385 1439 517 1483 Iosue
538 1439 742 1483 ecclesiae
759 1439 1021 1483 Carnotensi
1042 1443 1308 1483 testamento
1327 1440 1506 1498 legauit.
1547 1440 1774 1493 Quaedam
1793 1441 1848 1484 de

386 1508 578 1565 Origene
604 1523 660 1551 ex
688 1508 865 1551 Eusebii
893 1508 1011 1552 Hiet.
1031 1509 1187 1553 Eccles.
1213 1512 1259 1552 et
1285 1523 1341 1553 ex
1369 1509 1550 1553 Hieron.
1575 1510 1707 1566 Apol.
1737 1510 1848 1554 adu.

375 1576 619 1633 ‘Rufinum
640 1576 790 1621 refert.

445 1646 777 1690 PflYsmLoovu
803 1646 880 1703 qui
905 1649 1088 1690 uocatur
1114 1647 1290 1698 librum,
1311 1647 1481 1705 origine
1508 1648 1686 1704 quidem
1713 1648 1849 1692 Grae-

385 1730 498 1766 cum,
544 1716 702 1759 Latine
747 1719 897 1759 tamen
940 1730 1051 1759 saec.
1093 1716 1177 1759 xii0
1216 1717 1439 1760 exstitisse
1478 1720 1664 1761 constat.
1736 1718 1849 1762 Vide

386 1785 429 1829 J.
452 1785 497 1828 P.
521 1785 577 1830 N.
601 1785 725 1828 Laud
745 1785 792 1827 in
812 1786 992 1842 Encycl.
1013 1786 1232 1830 Britann.
1254 1786 1320 1830 ed.
1341 1793 1397 1842 9⁸,
1419 1790 1452 1829 t.
1473 1786 1565 1838 xix,
1585 1801 1659 1844 pp.
1682 1789 1708 1830 6
1729 1802 1848 1845 seqq.

388 1855 483 1897 Aut
514 1854 659 1911 ipsum
690 1854 852 1897 librum
882 1858 963 1898 aut
992 1854 1128 1898 alium
1161 1855 1348 1898 materia
1379 1855 1481 1899 inde
1512 1859 1691 1913 sumpta
1720 1870 1850 1899 usum

387 1938 475 1967 non
497 1923 629 1967 semel
652 1927 875 1967 auctorem
898 1924 1056 1967 habuit
1076 1924 1275 1969 Ioannes.

447 1993 694 2037 PLOTINVM
719 1999 836 2037 certe
859 2007 948 2036 non
972 1993 1142 2038 habuit.
1202 1994 1272 2037 Ex
1298 1994 1550 2052 Augustino
1573 1994 1627 2037 de
1654 1994 1851 2039 Ciuitate

387 2062 471 2106 Dei
510 2066 555 2105 et
595 2062 818 2106 Macrobio
856 2062 910 2105 cle
949 2063 1135 2106 Somnio
1174 2063 1400 2119 Scipionis
1434 2063 1648 2121 quaedam
1681 2064 1735 2107 de
1774 2063 1852 2107 illo

387 2131 538 2175 refert.
599 2131 666 2175 De
694 2131 932 2189 astrologia
957 2132 1119 2175 Plotini
1150 2132 1415 2176 sententiam
1446 2133 1493 2175 in
1523 2132 1687 2177 Polior.
1718 2133 1762 2177 ii.
1798 2148 1850 2190 19

386 2201 582 2250 citatam.
603 2201 680 2244 ubi
701 2200 844 2258 legere
864 2201 1070 2258 potuerit,
1091 2201 1292 2259 equidem
1314 2202 1470 2246 nescio.

447 2269 708 2313 Pom‘nvmt
750 2269 1142 2314 Introductionem
1190 2271 1247 2314 in
1298 2270 1550 2328 Cateyortas
1590 2271 1852 2328 Aristotelis,

387 2353 500 2396 quae
524 2339 666 2382 locum
695 2339 741 2382 in
763 2338 946 2395 Orycmo
972 2340 1088 2397 quod
1110 2343 1271 2385 uocant
1300 2340 1491 2398 primum
1516 2346 1850 2399 occupauerant,

389 2409 434 2451 in
451 2409 651 2453 uersione
669 2410 842 2453 Boethii
861 2410 1029 2454 habuit.
1077 2410 1225 2454 Huius
1246 2410 1511 2454 mentionem
1528 2410 1586 2454 ab
1598 2411 1852 2468 Augustino

388 2477 442 2521 de
463 2478 662 2522 Ciuitate
682 2479 766 2523 Dei
786 2478 949 2523 factam
971 2479 1154 2534 inuenit,
1176 2484 1221 2523 et
1241 2479 1428 2523 eundem
1451 2479 1550 2523 fidei
1570 2478 1850 2525 Christianae

388 2548 647 2591 acerrimum
671 2548 807 2591 fuisse
829 2549 1180 2606 impugnatorem
1201 2548 1367 2592 didicit.

448 2616 637 2660 Evstcnn
661 2617 889 2661 Historiae
910 2617 1235 2662 Ecclesiasticae
1259 2618 1622 2676 interpretatione
1643 2633 1670 2662 a
1690 2618 1851 2663 Rufino

391 2684 509 2729 facta
530 2699 635 2729 usus
655 2690 734 2729 est.

447 2753 678 2798 (insomni
707 2754 1001 2798 NAzmnzsm
1030 2756 1254 2812 Epistolas
1281 2760 1326 2800 et
1353 2756 1585 2800 Orationes
1612 2757 1657 2799 in
1685 2756 1851 2802 Polior.

391 2823 467 2876 vii,
495 2824 660 2882 prolog.
685 2839 743 2869 ce.
775 2826 838 2877 18,
871 2837 921 2882 19
956 2825 1067 2869 citat
1106 2839 1161 2869 ex
1202 2826 1401 2869 uersione
1442 2840 1553 2883 quae
1594 2826 1722 2870 hodie
1762 2841 1850 2871 non

389 2895 548 2937 exstat.
623 2893 814 2938 Videant
852 2894 1013 2952 quibus
1052 2898 1120 2939 est
1150 2908 1280 2939 curae
1315 2894 1681 2940 bibliothecarum
1716 2895 1850 2940 medii

506 2976 649 3006 xxviii
