1994 3190
150 203 250 237 σΑΡ.
265 189 336 252 XI]
664 192 1099 238 POLICRATIOVS
1624 202 1704 244 534
1723 193 1752 233 b

0 342 3 366 ‚
150 316 195 356 et
217 327 326 356 auro
354 311 457 354 uilis
487 313 532 355 et
560 326 662 354 rara
689 311 838 355 uestis.
898 311 1106 355 Feminae
1135 316 1284 356 autem
1314 317 1490 358 nostrae
1519 327 1608 357 non
1624 316 1654 356 b

149 383 365 425 ornantur
384 383 436 423 ut
455 380 680 437 placeant3
713 395 843 436 quem
864 381 1042 437 quidem
1062 386 1420 426 ornamentorum
1441 383 1610 427 cultum

149 450 297 508 potius
326 449 447 492 oneri
477 449 696 506 deputant
730 463 861 505 quam
898 449 1055 494 decori.
1115 450 1291 493 Etenim
1326 452 1529 495 nesciunt
1562 452 1611 495 in

149 518 352 576 augenda
389 517 719 575 pulchritudine
758 517 859 574 plus
898 518 1102 561 affectare
1151 534 1283 575 quam
1324 521 1441 577 quod
1479 524 1612 564 natae

0 568 35 629 l
111 604 130 638 5
149 590 266 631 sunt.
325 588 471 630 Antra
490 586 616 630 nobis
643 586 862 644 duplicem
891 601 1020 630 usum
1045 590 1284 644 praestant,
1304 591 1612 646 tegumentum

0 653 21 722 3
149 657 198 700 in
225 657 334 709 uita,
364 656 411 698 in
446 658 587 699 morte
621 656 905 713 sepulturam.
965 656 1130 714 Regem
1162 657 1375 700 habemus
1409 673 1498 700 non
1532 673 1613 715 pro

0 724 43 783 ἒέέτῇ
150 726 323 770 iustitia
346 725 423 768 sed
443 739 523 783 pro
543 725 776 769 nobilitate
796 725 1109 769 conseruanda.
1169 725 1311 779 Quem
1332 726 1449 769 enim
1469 727 1613 770 locum

0 786 37 851 {J
150 795 333 839 haberet
380 795 590 846 uindicta,
628 795 705 838 ubi
750 795 875 838 nulla
919 795 973 838 fit
1011 795 1263 838 iniustitia?
1337 796 1422 838 His
1466 796 1614 839 uerbis

0 846 46 922 ³³3
150 866 298 907 motus
324 863 577 906 Alexander
601 863 771 907 nullam
801 867 926 907 ratus
951 864 1196 917 uictoriam,
1219 864 1258 908 si
1285 856 1436 908 eorum
1462 879 1614 922 pacem

0 931 39 992 5,)-
90 949 136 976 10
152 935 411 991 perpetuam
452 932 665 984 turbaret,
700 933 748 975 in
783 933 931 990 quiete
966 947 1048 976 sua
1082 933 1262 976 dimisit.
1329 933 1387 977 Et
1422 933 1550 984 forte,
1576 934 1614 976 si

7 989 25 1009 '⁵'
153 1017 226 1046 eos
251 1002 366 1044 bello
396 1001 554 1045 fuisset
578 1017 822 1060 aggressus,
844 1002 1026 1046 minime
1054 1003 1375 1060 praeualuisset
1403 1003 1616 1046 aduersus

159 1071 425 1122 innocentes,
461 1085 511 1114 eo
550 1071 667 1128 quod
706 1071 958 1115 innocentia
996 1086 1085 1114 non
1124 1071 1254 1115 facile
1299 1075 1535 1129 superatur
1571 1076 1617 1116 et

154 1140 321 1184 ueritas
341 1141 432 1184 suis
452 1140 623 1184 uiribus
643 1143 848 1184 constans
868 1141 922 1184 de
943 1141 1115 1184 malitia
1135 1142 1423 1198 quantumuis
1443 1145 1617 1185 armata

155 1209 414 1267 triumphat.
487 1209 587 1260 Sed,
617 1210 722 1267 quia
753 1209 890 1253 nichil
926 1213 993 1253 est
1031 1210 1150 1267 quod
1188 1211 1331 1268 magis
1365 1210 1616 1254 desiderent
1634 1224 1660 1254 c

98 1295 136 1330 15
155 1279 355 1322 homines
387 1294 519 1336 quam
549 1282 601 1322 ut
630 1279 677 1322 in
707 1279 834 1322 bonis
863 1279 954 1322 suis
981 1279 1175 1323 habeant
1197 1280 1311 1324 filios
1338 1295 1618 1332 successore8‚

155 1351 208 1392 ut
251 1348 326 1405 qui
369 1349 593 1406 propriam
637 1363 693 1392 ex
731 1349 981 1393 conditione
1020 1350 1283 1407 praeuident
1328 1354 1527 1400 mortem,
1569 1351 1617 1393 in

155 1418 396 1476 propagine
428 1418 572 1462 carnis
607 1433 711 1462 suae
745 1422 1010 1476 perpetuent
1043 1419 1197 1470 uitam,
1227 1420 1308 1463 hoc
1343 1420 1617 1478 principibus

155 1490 223 1532 est
251 1487 526 1545 promissum,
553 1488 670 1531 unde
699 1488 891 1532 maxime
920 1492 1106 1546 possunt
1135 1489 1191 1531 ad
1221 1489 1390 1533 cultum
1420 1490 1618 1533 iustitiae

155 1556 350 1600 inuitari,
410 1556 643 1616 Contingit
671 1558 789 1600 enim
819 1572 903 1608 eos,
930 1558 1006 1614 qui
1036 1558 1091 1601 de
1120 1573 1166 1601 se
1196 1558 1304 1615 ipsis
1333 1559 1474 1602 securi
1501 1562 1618 1609 sunt,

99 1644 141 1672 no
158 1625 212 1670 de
232 1628 354 1669 statu
374 1626 564 1670 filiorum
585 1626 750 1684 iugiter
770 1642 861 1670 esse
881 1627 1102 1671 sollicitos.
1154 1628 1208 1671 In
1229 1643 1365 1685 eoque
1385 1628 1619 1671 minimum

157 1694 356 1739 caritatis
383 1695 490 1739 ordo
518 1699 734 1747 seruatur,
755 1696 872 1754 quod
899 1711 1105 1749 amorem,
1125 1697 1202 1754 qui
1229 1698 1400 1754 patriae
1425 1698 1619 1755 parenti-

95 1790 105 1800 ·
157 1763 240 1807 bus
269 1765 501 1822 praecipue
531 1765 786 1818 debebatur,
814 1769 943 1824 pater
971 1765 1249 1810 transfundit
1278 1767 1325 1809 in
1357 1767 1483 1819 filios,
1512 1768 1620 1810 dum

157 1833 305 1876 filialis
351 1835 533 1878 affectus
581 1836 755 1892 paterni
802 1836 991 1893 pectoris
1037 1835 1191 1879 cellam
1235 1836 1354 1879 solus
1401 1837 1620 1897 exhaurit.

161 1901 392 1960 Condigna
421 1918 594 1962 quoque
620 1904 716 1948 uice
746 1905 1013 1962 respondent
1039 1905 1298 1963 parentibus
1319 1906 1412 1958 filii,
1433 1907 1622 1950 eundem

101 1989 142 2024 ²⁵
160 1972 252 2015 suis
282 1972 583 2030 impertientes
610 1974 826 2026 affectum,
847 1990 934 2032 quo
963 1990 990 2018 a
1020 1975 1279 2032 parentibus
1304 1977 1470 2034 accepti
1498 1980 1622 2030 sunt;

160 2040 263 2085 licet
282 2041 418 2085 alium
438 2043 636 2086 ordinem
657 2044 809 2103 exigat
828 2044 990 2088 caritas
1010 2045 1228 2096 ordinata,
1244 2060 1374 2102 quem
1390 2050 1621 2103 poetarum

159 2109 436 2154 doctissimus
455 2112 696 2169 prudenter
715 2114 944 2171 expressit.
993 2113 1152 2156 Senem
1173 2129 1363 2171 namque
1383 2114 1621 2158 Anchisem
1638 2116 1668 2156 d

160 2193 314 2223 euersa
339 2180 470 2223 Troia
497 2181 544 2223 in
574 2182 769 2226 humeris
796 2183 859 2240 pii
887 2183 968 2225 filii
995 2183 1238 2234 collocauit‚
1258 2184 1455 2240 parentis
1477 2185 1623 2228 Eneae

160 2247 388 2292 dexteram
409 2250 531 2293 dedit
545 2250 778 2302 Aschanio‚
798 2255 842 2295 et
862 2252 1023 2295 marito
1043 2252 1237 2295 coniunx
1258 2251 1425 2296 Creusa
1444 2254 1624 2306 cohesit,

101 2333 144 2368 30
161 2318 512 2362 antecedentium
550 2334 631 2377 pro
669 2321 874 2364 muliebri
919 2321 1180 2364 infirmitate
1226 2322 1376 2379 legens
1420 2323 1623 2380 uestigia.

162 2385 475 2444 Compatriotis
494 2390 698 2434 omnibus
725 2391 879 2435 ducem
906 2391 1041 2443 dedit,
1061 2392 1210 2435 uirum
1231 2392 1367 2435 armis
1392 2395 1437 2436 et
1456 2393 1623 2450 pietate

161 2504 185 2539 4
206 2541 214 2548 ¹
238 2494 468 2533 ulcritudine
486 2496 544 2533 As
688 2507 706 2554 5
733 2498 949 2546 dupplicem
968 2498 992 2536 S
1144 2510 1183 2537 11
1212 2512 1382 2547 agressus
1400 2500 1425 2537 S
1580 2512 1622 2548 13

163 2553 217 2577 m
234 2541 304 2578 itia
319 2541 360 2577 M
454 2553 511 2588 21,
529 2554 574 2581 22
598 2556 776 2599 precipue
792 2559 959 2584 amorem
977 2547 1044 2594 qui
1060 2548 1184 2595 patrie
1200 2547 1422 2595 parentibus
1438 2548 1473 2584 A
1577 2560 1623 2596 29

163 2589 336 2626 dextram
353 2588 392 2624 M
487 2602 638 2629 ascanio
654 2592 694 2629 M

215 2696 230 2722 1
258 2691 422 2723 nostrae:
448 2687 500 2725 sic
516 2690 613 2726 Hist.
631 2693 673 2726 de
684 2694 859 2739 praelii&
886 2699 1062 2731 nostrates
1077 2694 1197 2731 Anon.
1214 2696 1258 2730 de
1274 2695 1423 2740 Braqm.
1602 2706 1622 2731 2

165 2746 287 2780 quem:
312 2745 400 2780 quae
415 2736 538 2773 Anon.
555 2739 598 2773 de
613 2739 760 2784 Braym.
923 2752 943 2788 3
968 2744 1086 2778 decori
1100 2752 1109 2777 :
1134 2744 1263 2778 honori
1277 2743 1398 2779 Anon.
1416 2744 1459 2778 de
1475 2744 1621 2788 Braqm.

167 2792 190 2824 4
213 2783 326 2827 quod:
352 2793 420 2817 om.
438 2781 557 2819 Anon.
574 2786 616 2820 de
631 2787 777 2832 Braym.
969 2790 1024 2832 26,
1044 2798 1088 2834 27
1107 2794 1299 2836 poetarum
1319 2791 1565 2826 doctissimus:
1591 2803 1623 2825 v.

166 2828 279 2875 Verg.
297 2830 388 2865 Aen.
406 2828 447 2865 ii.
465 2838 639 2878 721—725.

1451 2913 1514 2951 271
