1994 3190
243 205 323 245 542
340 206 372 235 a
717 194 981 239 IOANNIS
1020 194 1536 240 SARESBERIENSIS
1700 194 1811 256 [ΜΒ.
1827 208 1858 240 v

324 312 329 316 ”
391 317 437 358 et
456 315 800 358 sacerdotiorum
815 315 931 358 uarii
951 315 1077 368 ritus,
1089 315 1251 372 quibus
1265 315 1331 359 ita
1349 315 1598 359 barbariem
1614 316 1858 373 occupauit,

391 387 444 427 ut
472 384 530 426 ab
557 384 733 428 iniuriis
760 387 1069 442 temperarent,
1091 384 1362 428 feriarentur
1386 386 1444 428 ab
1471 385 1618 438 armis,
1638 385 1858 429 iustitiam

390 453 595 504 colerent,
635 457 681 496 et
720 454 895 497 ciuilem
934 454 1019 497 sibi
1069 453 1259 496 inuicem
1299 453 1579 511 impertirent
1627 455 1858 507 affectum

342 524 372 561 b
392 537 528 579 eoque
559 522 747 566 ferocem
774 523 946 581 redegit
972 523 1197 580 populum,
1224 526 1278 565 ut
1303 523 1550 580 imperium,
1570 523 1688 580 quod
1715 524 1762 567 ui
1789 525 1859 578 (ut

390 592 573 649 dicitur)
593 595 639 635 et
665 593 830 635 iniuria
855 595 1160 649 occupauerat,
1180 592 1378 635 iustitiae
1406 595 1451 635 et
1477 593 1659 650 pietatis
1686 593 1858 651 legibus
1876 610 1896 644 5

391 661 583 705 feliciter
619 662 900 719 gubernaret.
974 661 1063 704 Sed
1098 661 1206 717 quid
1242 661 1420 718 profero
1451 662 1661 714 Numam,
1682 677 1783 705 cum
1813 665 1860 706 et

390 734 540 788 patres
560 731 663 774 fidei
683 736 860 774 nostrae
875 730 1040 773 ueteris
1059 730 1170 787 legis
1189 731 1403 774 sacrificia
1419 734 1618 774 asserant
1637 731 1860 782 instituta,

391 814 448 842 ne
467 799 515 842 in
535 800 838 843 demoniorum
859 799 983 843 cultu
1003 799 1192 855 populus
1214 802 1454 856 occupatus
1473 813 1606 843 uerae
1632 800 1860 857 religionis

391 868 635 912 dedisceret
673 869 854 920 cultum,
894 867 986 910 ritu
1024 867 1227 924 gentium
1266 867 1481 911 sacrificia
1519 883 1601 911 sua
1644 868 1860 913 demoniis

390 938 623 982 immolans
662 941 707 981 et
746 952 835 980 non
875 937 999 980 Deo?
1059 935 1235 979 Colitur
1273 951 1379 994 ergo
1418 937 1539 980 Deus
1577 941 1659 981 aut
1698 939 1859 982 affectu
1878 953 1919 978 ιο

390 1008 553 1051 mentis
591 1011 671 1050 aut
710 1006 984 1050 exhibitione
1023 1005 1178 1062 operis
1254 1005 1343 1049 Sed
1387 1007 1571 1050 affectus
1610 1007 1860 1052 dilectionis

390 1077 536 1134 ipsum
560 1091 669 1134 pure
690 1075 887 1132 attingit,
908 1075 1012 1117 licet
1031 1075 1180 1131 aliquo
1201 1089 1332 1117 sensu
1359 1076 1553 1133 corporis
1573 1077 1646 1119 uel
1673 1076 1859 1128 animae,

388 1146 496 1189 dum
527 1146 837 1203 peregrinatur
865 1159 892 1187 a
922 1143 1114 1186 Domino
1144 1147 1188 1186 et
1218 1158 1342 1187 mens
1371 1145 1485 1188 mole
1515 1146 1710 1202 corporis
1733 1160 1857 1203 prae·

386 1220 616 1273 grauatur,
635 1215 763 1272 plene
793 1216 985 1270 nequeat
1014 1213 1348 1271 eomprehendi3
1379 1217 1424 1257 et
1453 1217 1571 1258 certe
1601 1230 1652 1258 eo
1681 1218 1860 1258 amatur

386 1285 617 1327 ardentius
638 1287 683 1327 et
702 1283 943 1327 studiosius
959 1283 1200 1339 quaeritur,
1213 1297 1300 1339 quo
1315 1283 1507 1327 altitudo
1522 1287 1568 1327 et
1582 1285 1858 1329 immensitas
1877 1301 1918 1336 15

388 1353 649 1396 diuitiarum
679 1353 904 1410 potentiae
934 1355 980 1395 et
1009 1352 1252 1409 sapientiae
1282 1367 1388 1396 suae
1417 1367 1591 1396 omnem
1621 1357 1860 1411 exsuperat

347 1433 372 1463 c
390 1423 688 1475 intellectum3
718 1423 888 1465 uirtute
908 1425 1058 1464 tamen
1084 1425 1213 1464 tanta
1239 1436 1414 1466 omnem
1434 1426 1682 1466 creaturam
1702 1424 1860 1468 circuit

387 1495 594 1549 penetrat
629 1492 785 1548 implet
817 1494 863 1534 et
897 1491 1103 1548 protegit,
1136 1494 1188 1534 ut
1223 1506 1503 1549 nequaquam
1538 1492 1676 1536 latere
1710 1493 1860 1537 ualeat

387 1562 632 1618 quamlibet
653 1561 963 1604 rationabilem
984 1563 1244 1604 creaturam.
1304 1561 1410 1619 Ipsa
1429 1577 1603 1619 quoque
1623 1563 1858 1615 irrationa-

387 1631 496 1673 bilia
522 1631 667 1688 ipsum
695 1645 788 1674 esse
816 1633 862 1673 et
888 1630 1023 1673 talem
1054 1644 1147 1673 esse
1174 1633 1220 1673 et
1248 1633 1425 1674 tantum
1453 1631 1656 1688 plurimis
1684 1631 1859 1676 indiciis
1878 1649 1922 1674 20

386 1703 701 1757 protestantur.
783 1699 898 1742 Miro
937 1699 1088 1755 itaque
1128 1699 1259 1742 modo
1297 1699 1358 1743 sic
1407 1700 1749 1758 intelligentiam
1789 1701 1859 1745 sui

387 1769 588 1812 infundit
640 1773 692 1812 ut
741 1768 1003 1821 subtrabat;
1063 1768 1125 1811 sic
1165 1769 1392 1812 subtrahit
1430 1772 1483 1813 ut
1522 1770 1756 1824 infundat3
1814 1774 1860 1815 et

387 1839 628 1882 secundum
649 1852 901 1881 mensuram
922 1837 1186 1894 beneplaciti
1210 1839 1278 1881 sui
1299 1839 1361 1882 sic
1384 1842 1594 1896 operatur
1609 1840 1656 1882 in
1672 1840 1860 1898 singulis

387 1911 451 1959 ut,
471 1922 571 1951 cum
604 1907 866 1950 intensionis
899 1910 945 1950 et
979 1907 1249 1950 remissionis
1285 1908 1404 1952 uices
1439 1909 1626 1966 ignoret,
1655 1910 1738 1953 etsi
1768 1924 1858 1953 non

386 1991 466 2034 per
495 1977 744 2028 essentiam,
775 1990 864 2033 qua
893 1991 1068 2019 omnem
1104 1977 1246 2033 replet
1280 1977 1566 2021 uniformiter
1596 1981 1857 2033 creaturam,
1877 1994 1919 2029 25

386 2046 488 2104 plus
522 2046 593 2089 uel
626 2046 773 2088 minus
813 2045 1021 2088 uideatur
1061 2045 1203 2089 inesse
1239 2061 1320 2104 per
1349 2048 1552 2104 gratiam.
1627 2048 1746 2091 Nam
1780 2063 1860 2106 per

387 2115 594 2159 unionem
636 2116 682 2158 in
722 2115 815 2158 solo
855 2115 1087 2172 unigenito
1134 2115 1334 2172 Virginis
1384 2117 1497 2159 Filio
1538 2132 1630 2161 esse
1669 2117 1861 2162 fideliter

388 2185 673 2243 approbatur.
747 2184 828 2228 Est
867 2185 1018 2242 itaque
1054 2198 1171 2228 nunc
1204 2185 1329 2242 quasi
1370 2185 1546 2243 singula
1585 2186 1632 2229 in
1671 2187 1860 2245 singulis

387 2325 408 2360 8
434 2322 582 2359 cultum
599 2321 631 2358 A

435 2462 456 2499 7
477 2459 603 2501 patres
618 2454 714 2498 fidet·
735 2458 899 2508 spur-qe:
926 2464 956 2489 v.
982 2453 1135 2508 Hieron.
1166 2455 1298 2490 Comm.
1324 2456 1365 2490 in
1390 2455 1462 2490 Ina.
1490 2453 1513 2491 i.
1537 2465 1550 2491 1
1575 2454 1630 2510 (in
1657 2455 1726 2510 Isa.
1750 2454 1773 2492 i.
1797 2455 1857 2504 12)

392 2502 524 2538 Comm.
542 2502 581 2536 in
600 2502 724 2536 Ierem.
740 2511 777 2537 n.
792 2509 812 2546 7
829 2503 883 2546 (ιη
900 2500 1029 2536 lex-em.
1046 2512 1108 2555 νιι.ο
1120 2502 1181 2545 21)
1197 2502 1328 2555 Οᾳηιηι.
1344 2504 1383 2537 in
1398 2503 1460 2538 Ευ.
1478 2503 1581 2539 Mate.
1597 2515 1620 2540 1.
1636 2504 1659 2540 6
1672 2506 1728 2549 (ιιι
1747 2503 1858 2541 Matt.

388 2549 436 2585 vi.
458 2554 518 2594 34)
538 2549 633 2595 Aug.
656 2549 771 2584 Trace.
790 2550 829 2584 in
848 2549 977 2584 Ioann.
997 2559 1031 2583 x.
1051 2559 1070 2584 2
1093 2550 1110 2591 Q
1131 2560 1152 2593 4
1169 2549 1313 2603 (Migne
1331 2550 1370 2585 P.
1392 2551 1433 2586 L.
1454 2550 1553 2604 xxiv.
1574 2561 1629 2596 34,
1648 2559 1738 2597 7333
1758 2549 1858 2588 xxvi.

389 2607 458 2651 ⁴93
479 2607 587 2632 xxxv.
610 2597 737 2642 1468„
763 2595 812 2632 cf.
834 2595 932 2631 Ircn.
947 2587 1197 2653 conntraJIaetz
1216 2608 1260 2650 iv:
1286 2605 1324 2643 15
1353 2595 1371 2644 ξ
1392 2607 1412 2633 2
1439 2597 1585 2651 (Nol-igne
1610 2599 1709 2635 Patr.
1731 2599 1855 2636 Graec.

388 2656 451 2680 vu.
476 2642 851 2701 ιοι4)’1“οήι111.αᾴο.
869 2645 1046 2679 Marcum.
1067 2655 1105 2679 ιι.
1131 2646 1170 2680 18
1192 2643 1334 2690 (ngno
1354 2646 1455 2701 1’311.
1474 2656 1512 2681 n.
1535 2646 1630 2692 306).
1815 2655 1858 2701 13

385 2691 875 2785 ξξῗῧῖῑῗῗὲζῗεῖῖζῗωω·
901 2700 972 2774 ’ζέ
985 2691 1577 2792 3352.12.‘1⁵·‚„.-„.2⁵0?th“‡‘.¹‘2⁰.}35
1592 2704 1662 2776 ’avt
1681 2692 1857 2777 3325?

390 2788 448 2826 (cle
469 2788 679 2832 praesentia
708 2787 793 2833 Dei)
819 2787 1041 2833 pmeaertxm
1068 2797 1149 2831 cap.
1174 2795 1191 2833 5
1222 2785 1263 2834 ξς
1297 2788 1349 2831 ι6,
1374 2796 1414 2832 17
1442 2786 1588 2835 (Migne
1637 2790 1654 2824 ’.
1666 2789 1709 2825 L.
1727 2786 1856 2826 xxxiii.

390 2835 471 2879 837,
489 2835 586 2878 838).

500 2904 564 2938 286
