1994 3190
241 167 320 207 410
338 155 369 195 b
715 157 976 201 IOANNIS
1017 157 1531 203 SARESBERIENSIS
1709 159 1821 220 [mn.
1835 172 1855 204 1

389 278 606 331 Quamuis
635 280 683 322 in
713 294 765 323 eo
788 280 997 323 uideatur
1026 279 1073 322 in
1103 283 1244 322 artem
1274 280 1519 333 offendisse,
1545 280 1663 338 quod
1687 281 1855 333 corniX,

387 363 521 426 quam
542 349 664 392 uitae
684 349 969 392 seruatricem
995 349 1196 397 asseruit,
1218 363 1366 392 rerum
1395 364 1659 407 magnarum
1679 350 1858 408 ignorat

387 418 606 474 auspicia;
645 418 732 461 nisi
762 418 878 461 forte
908 419 955 460 in
986 433 1038 461 ea
1066 421 1243 475 praeter
1271 422 1478 462 naturam
1508 420 1588 462 fiat
1617 422 1856 472 ostentum,

388 487 518 544 quale
538 491 606 530 est
626 487 743 544 quod
764 488 1023 531 imminente
1042 488 1158 531 bono
1173 491 1219 530 et
1238 491 1392 545 optato
1412 489 1559 548 perosi
1576 489 1857 546 imperatoris

388 557 526 600 exitio
562 557 616 600 de
651 572 761 614 rupe
790 558 979 615 Tarpeia
1007 573 1087 615 per
1114 558 1270 600 urbem
1299 557 1454 600 cornix
1485 558 1651 601 Graeco
1682 558 1856 615 eloquio
1875 574 1894 609 5

387 627 587 683 protulit,
603 627 723 670 Bene
743 627 839 670 erit.
896 627 1025 680 Quod
1045 641 1189 684 augur
1208 627 1527 683 interpretatus
1547 627 1613 682 ita
1632 627 1858 684 exposuit3

562 711 719 768 Nuper
748 726 861 769 quae
891 712 1006 754 sedit
1035 711 1193 768 Tarpei
1224 711 1414 754 culmine
1444 712 1611 762 cornix,

618 771 696 813 Est
728 771 832 827 quia
862 785 952 813 non
981 770 1130 827 potuit
1158 769 1313 820 dicere,
1344 770 1461 812 dixit
1490 770 1608 813 Em't.

387 850 475 893 Sed
495 850 693 907 ignosces
719 850 818 892 uiro
848 849 1101 892 doctissimo
1125 849 1395 892 rusticanam
1425 849 1755 906 simplieitatem
1782 865 1857 894 ex-

386 919 609 976 primenti,
641 923 720 962 aut
760 919 864 975 quia
903 933 1148 976 pauperum
1178 918 1275 961 uita
1304 918 1521 961 diuitibus
1551 933 1620 962 res
1650 919 1859 962 uideatur
1877 937 1919 962 10

387 989 562 1046 exigua,
592 989 668 1045 qui
709 989 953 1031 humanum
993 1003 1133 1045 genus
1172 991 1224 1030 ut
1259 988 1411 1044 paucis
1445 988 1613 1031 seruiat
1653 993 1859 1032 asserunt

387 1058 657 1101 institutum.
736 1057 909 1101 Coruus
948 1072 1066 1108 uero,
1106 1071 1236 1114 quem
1285 1071 1375 1100 non
1414 1057 1575 1100 minori
1625 1057 1858 1116 diligentia

347 1140 372 1169 c
388 1127 656 1179 obseruabis,
696 1127 827 1170 rebus
865 1127 1106 1170 maioribus
1145 1127 1412 1184 auspicatur,
1452 1130 1498 1170 et
1543 1141 1858 1185 usquequaque

388 1197 550 1240 cornici
571 1197 855 1254 praeiudicat.
917 1197 1051 1239 Porro
1080 1197 1248 1254 cignus,
1277 1196 1325 1239 in
1355 1197 1554 1254 auguriis
1577 1197 1668 1240 ales
1697 1197 1856 1255 gratis-

387 1266 500 1308 sima
519 1267 680 1317 nautis,
696 1269 851 1323 utpote
872 1281 984 1323 quae
1004 1281 1220 1323 aquarum
1241 1266 1480 1309 domestica
1500 1266 1691 1323 quadam
1711 1267 1858 1324 gratia
1877 1281 1916 1316 15

387 1335 709 1379 familiaritatis
748 1336 1002 1379 earumdem
1041 1339 1209 1379 secreta
1247 1336 1541 1393 praenouerit.
1601 1335 1673 1378 An
1718 1336 1858 1380 nescis

387 1405 506 1462 apud
531 1406 757 1449 Maronem

738 1481 805 1524 bis
837 1495 964 1524 senos
994 1481 1183 1524 letantes
1214 1495 1314 1524 aere
1343 1495 1511 1538 cygnos

389 1554 592 1598 reducem
646 1555 828 1599 classem
886 1556 1032 1599 Eneae
1087 1556 1272 1599 Veneris
1326 1556 1539 1599 uaticinio
1595 1555 1858 1599 nuntiasse?

390 1624 554 1668 Eorum
570 1640 760 1683 namque
782 1626 985 1669 hilaritas
1005 1641 1095 1669 non
1115 1626 1245 1669 modo
1265 1626 1426 1677 nautis,
1446 1625 1522 1668 sed
1543 1627 1589 1668 et
1608 1625 1855 1682 quibusque
1875 1641 1918 1666 ao

388 1695 775 1752 peregrinantibus
807 1695 1003 1738 felicium
1036 1698 1276 1738 euentuum
1311 1695 1503 1753 gratiam
1535 1694 1733 1751 spondet,
1767 1694 1856 1737 nisi

389 1763 588 1807 fortioris
627 1767 861 1821 superetur
903 1764 1111 1807 aduentu.
1191 1763 1355 1820 Aquila
1393 1778 1583 1820 namque
1622 1764 1737 1807 sicut
1777 1777 1857 1806 rex

390 1833 542 1875 auium
563 1836 641 1883 est,
662 1833 699 1876 si
724 1848 813 1876 non
841 1833 1082 1876 alarionem
1109 1833 1314 1890 excipias,
1336 1848 1447 1890 quae
1468 1833 1584 1876 forte
1607 1833 1857 1889 aquilarum

389 1902 554 1958 species
574 1902 882 1958 potentissima
902 1905 980 1952 est,
997 1902 1121 1959 regni
1143 1902 1211 1944 sui
1233 1902 1464 1945 maiestate
1480 1902 1676 1945 omnium
1693 1902 1857 1953 auium,

390 1971 426 2013 si
448 1974 603 2014 contra
626 1971 844 2027 loquatur,
865 1972 996 2014 fidem
1024 1974 1224 2015 euacuat.
1288 1972 1498 2014 Potuerat
1519 1971 1637 2028 apud
1659 1971 1856 2014 Statium
1877 1988 1918 2022 25

390 2040 620 2097 praesagio
649 2040 877 2083 uolucrum
909 2040 1176 2083 Graecorum
1207 2041 1426 2084 exercitus
1456 2040 1708 2084 confortari.
1769 2040 1857 2084 Sed

344 2112 373 2152 d
392 2108 550 2151 fortior
574 2123 669 2152 ecce
700 2109 947 2152 aduentans
975 2125 1053 2167 per
1076 2110 1207 2152 inane
1235 2110 1402 2161 cohors,
1423 2110 1694 2167 Amphiorao
1721 2110 1856 2153 inter-

390 2182 526 2235 prete,
556 2178 822 2221 Graecorum
860 2193 1032 2235 quoque
1070 2179 1256 2222 exitium
1288 2179 1513 2237 patefecit.
1583 2179 1705 2222 Licet
1739 2179 1857 2222 enim

390 2247 540 2304 aquila
560 2248 852 2304 quarumdam
873 2248 1025 2291 auium
1047 2249 1218 2292 uiribus
1238 2252 1482 2306 superetur,
1505 2249 1551 2291 in
1572 2249 1856 2307 praenuntia-

391 2373 438 2399 20
456 2361 645 2433 hylaritas
663 2362 723 2398 CB

439 2469 456 2506 5
488 2461 585 2506 Tar-p
587 2462 642 2495 εἰσ
660 2459 1225 2506 ctcASnet.I)om.23.14
1250 2462 1325 2520 alep
1338 2462 1546 2506 ‚arctissima
1560 2462 1703 2497 nautis:
1724 2473 1754 2497 v.
1770 2459 1855 2497 Isid.

392 2509 487 2552 Θήρ
508 2507 570 2543 xii
591 2517 610 2552 7
631 2508 648 2552 ξ
676 2519 715 2552 ¹9
734 2510 793 2551 (cx
813 2507 964 2543 Aemilii
985 2508 1134 2543 Macri?
1128 2508 1297 2555 »ροννιθνγ
1281 2509 1330 2543 via
1335 2510 1377 2553 ς).
1428 2508 1630 2554 ‘cygnus
1621 2521 1659 2543 ln
1681 2508 1858 2563 auspiciis

390 2567 541 2601 semper
559 2554 783 2591 laetissimus
801 2555 860 2590 nl(¹
853 2569 889 2590 ιη.
944 2555 1050 2591 Hunc
1074 2557 1211 2601 optant
1235 2557 1382 2595 nautae.
1401 2555 1490 2602 quia
1507 2567 1545 2592 se
1566 2567 1642 2592 non
1660 2555 1799 2602 mergit
1817 2555 1858 2592 in

391 2602 530 2638 undum!
680 2605 719 2638 18
746 2604 899 2638 mmmm
916 2605 1012 2638 cta:
1041 2603 1150 2649 Vct-g.
1171 2605 1260 2639 Am.
1280 2603 1303 2638 i.
1326 2614 1402 2649 393.
1562 2613 1605 2647 23
1632 2605 1854 2639 alarionem.

390 2662 419 2686 v
442 2648 562 2685 Iittn‘·
579 2662 604 2685 ιι.
622 2662 651 2685 v.
671 2652 820 2685 alh-ion.
876 2650 981 2685 Haud
1005 2630 1101 2686 liene
1115 2616 1185 2686 &Du
1212 2651 1340 2694 Gange
1366 2652 1539 2686 valeriam
1565 2662 1609 2687 ex
1629 2650 1725 2686 Plin.
1745 2652 1794 2688 11.
1810 2652 1857 2688 N.

388 2708 422 2733 ι.
450 2707 467 2741 3
491 2697 669 2733 coniicit:
696 2697 821 2742 potina
845 2696 883 2732 in
905 2697 1017 2732 Plinii
1038 2697 1118 2734 loco
1136 2698 1204 2734 sub
1225 2700 1368 2744 eademq
1369 2710 1412 2734 αα
1437 2699 1578 2733 aalma
1604 2697 1701 2734 latet
1724 2700 1855 2735 alaruo.

387 2754 429 2798 25
457 2746 635 2780 Statium:
663 2745 757 2781 Stat.
782 2746 882 2781 ΊῚιεὺ.
903 2744 954 2780 iii.
977 2754 1042 2791 523
1057 2758 1157 2791 seqq.
1295 2754 1337 2789 27
1354 2747 1496 2792 sor‘taor
1515 2747 1608 2782 etc-t
1635 2745 1730 2783 Stat.
1754 2746 1855 2782 Theb.

387 2791 440 2828 ἰὶι.
461 2801 540 2839 530,
562 2801 641 2838 53¹·

500 2864 540 2908 56
