1994 3236
698 215 1106 260 PROLEGOMEN
1108 215 1150 260 A

191 334 392 385 Ioannes,
412 348 514 377 eum
537 335 618 377 aut
646 332 695 376 in
721 332 1044 390 Martyrologio
1067 335 1148 376 aut
1174 332 1223 375 in
1246 332 1476 377 Breuiario
1502 333 1659 391 legisse

190 403 400 455 credibile
419 405 497 446 est.

249 471 418 526 Quanti
445 470 526 514 Ivs
554 469 722 515 CIVILE
744 469 1050 514 aestimauerit
1079 483 1137 512 ex
1157 468 1325 514 Polior.
1346 470 1438 513 viii.
1463 484 1516 515 22
1537 471 1588 529 (t.
1610 471 1656 515 ii.

108 566 110 569 ·
187 552 234 599 p.
268 554 352 598 399
393 542 571 583 nostrae
610 538 838 598 editionis)
870 539 980 582 satis
1018 540 1218 596 apparet.
1296 538 1444 595 Ipsius
1480 540 1656 583 Vacarii

188 609 264 666 (de
293 624 381 667 quo
410 609 458 652 in
487 624 538 653 eo
567 609 662 652 loeo
691 608 859 666 agitur)
890 607 1066 651 libiam
1104 606 1182 664 qui
1217 606 1489 663 Pauperum
1521 609 1657 666 uulgo

188 681 377 722 uocatur
405 692 533 736 spero
558 692 663 721 mox
686 679 870 722 curante
897 677 995 720 uiro
1025 675 1267 719 reuerendo
1293 676 1348 719 A.
1369 676 1407 718 Ι.
1430 675 1609 734 Carlyle
1634 693 1658 721 e

190 746 300 792 Coll.
322 747 460 792 Univ.
480 747 600 806 apud
631 746 905 790 oxonienses
935 745 1116 789 tandem
1146 745 1270 803 typis
1299 745 1579 789 commissum
1611 746 1658 788 in

187 815 332 861 lucem
346 831 439 860 esse
452 816 759 874 proditurum3
783 830 871 873 quo
886 829 1016 859 usum
1037 829 1130 858 esse
1143 814 1355 858 Ioannem
1368 815 1660 872 probabiliter

188 885 328 930 conici
367 888 527 944 potest.
600 885 928 936 Institutione-s,
970 884 1182 937 Oodv‘oe‘m,
1221 883 1416 940 Digesta,
1455 884 1660 927 Novellas

189 954 387 998 dubitari
408 969 498 998 non
517 956 666 1012 potest
685 954 794 1012 quin
820 954 868 997 in
894 953 1100 997 manibus
1123 953 1344 996 habuerit.
1402 953 1508 996 Iulii
1529 953 1658 996 Pauli

189 1022 358 1067 dietum
380 1024 591 1080 (Sentent.
613 1038 656 1067 v·
675 1035 726 1068 12
749 1024 772 1080 ξ
795 1022 837 1079 9)
861 1022 908 1065 in
929 1021 1189 1066 Potina-atie.
1209 1022 1270 1064 iii.
1298 1036 1343 1064 11
1371 1036 1458 1079 quo
1478 1025 1658 1066 auctore

188 1091 396 1136 citauerit
423 1092 567 1136 adhuc
592 1092 772 1135 omnino
791 1092 949 1136 nescio,
1011 1091 1225 1135 Definitio
1252 1091 1498 1148 aequitatis
1524 1106 1659 1148 quam

187 1160 300 1205 citat
347 1161 397 1204 in
444 1160 612 1205 Polior.
653 1161 712 1204 iv.
758 1174 782 1204 2
822 1163 971 1204 exstat
1020 1160 1067 1203 in
1107 1160 1380 1216 Fraymento
1429 1159 1659 1216 Prayensi

188 1230 395 1288 (Fitting,
428 1230 701 1274 Jumtisclze
734 1229 962 1286 Schriften
1000 1229 1076 1273 des
1101 1229 1327 1287 fritheren
1365 1228 1659 1280 Mittelalters,

186 1313 231 1357 p.
251 1301 364 1356 216),
385 1300 433 1342 in
451 1300 669 1344 Swmmae
687 1299 934 1344 cuiusdam
949 1298 1315 1343 Institutionum
1333 1300 1518 1343 exordio
1537 1298 1660 1353 (ibid.

187 1383 229 1427 p.
264 1371 377 1427 146),
407 1369 456 1412 in
487 1369 684 1413 Summa
716 1368 903 1421 Codicis,
934 1369 1138 1412 Trecensi
1177 1369 1283 1411 olim
1315 1372 1487 1420 uocata,
1522 1382 1657 1425 quam

187 1437 315 1482 uelut
343 1438 517 1490 huetii,
545 1438 719 1482 scholae
755 1438 1046 1482 Bononiensis
1076 1437 1340 1488 fundatoris,
1370 1452 1481 1495 opus
1517 1437 1659 1481 edidit

188 1506 247 1552 H.
275 1507 453 1565 Fitting
483 1507 644 1564 (Berol.
673 1508 814 1564 1894),
844 1508 892 1550 in
922 1507 1169 1552 Placentini
1201 1521 1312 1550 saec.
1339 1508 1405 1550 xii
1435 1506 1493 1549 ad
1522 1507 1657 1550 finem

187 1576 299 1620 iuris
337 1577 471 1635 periti
511 1577 889 1635 Montepessulani
927 1578 1125 1621 Summa
1165 1576 1529 1620 Institutionum
1572 1576 1657 1633 (ed.

91 1645 96 1653 '
187 1645 388 1704 Mogunt.
413 1645 557 1704 1535).
616 1647 791 1690 Horum
820 1646 1017 1691 locorum
1047 1646 1344 1704 cognitionem
1374 1646 1517 1689 eidem
1545 1646 1598 1690 A.
1621 1646 1655 1690 Ι.

187 1715 367 1773 Oarlyle
387 1716 535 1768 debeo,
555 1717 633 1774 qui
653 1731 783 1760 suum
806 1731 918 1775 opus
945 1717 1000 1760 de
1024 1716 1095 1760 his
1120 1716 1252 1760 rebus
1271 1716 1469 1759 nondum
1490 1715 1657 1773 publici

186 1784 298 1828 iuris
338 1784 508 1829 factum
549 1786 782 1841 (Political
826 1785 993 1843 Theory
1026 1786 1083 1829 in
1117 1785 1185 1829 the
1225 1785 1400 1829 Middle
1438 1784 1478 1828 A
1484 1799 1566 1842 9⁶⁸2
1611 1786 1657 1829 ii.

187 1867 259 1912 pp.
282 1867 324 1907 2,
343 1854 388 1913 3)
416 1869 587 1898 mecum
616 1855 1030 1899 beneuolentissime
1059 1854 1418 1899 communicauit.

245 1922 460 1975 CATONIS,
488 1938 619 1982 quem
651 1924 782 1968 modo
810 1925 981 1968 uirum
1010 1924 1271 1980 sapientem,
1300 1924 1431 1967 modo
1460 1923 1657 1968 ethicum

187 1994 331 2044 uocat,
372 1992 684 2038 Distichomm
729 1994 1030 2038 collectionem
1074 1993 1353 2037 notissimam
1400 1993 1656 2050 saepissime

186 2060 309 2106 citat.
367 2061 436 2105 De
463 2062 657 2107 auctoris
679 2063 857 2106 nomine
887 2066 1038 2107 tamen
1065 2062 1319 2115 dubitauit;
1358 2062 1463 2105 uide
1489 2062 1656 2105 Polior.

187 2129 264 2172 vii.
285 2144 335 2187 9:
364 2130 429 2174 In
452 2130 599 2175 libello
628 2145 801 2189 quoque
829 2147 920 2190 quo
944 2132 1150 2190 paruuli
1180 2131 1448 2176 initiantur
1476 2135 1529 2175 ut
1558 2132 1656 2174 uir-

187 2199 302 2243 tutis
343 2200 589 2244 instructio
632 2205 672 2244 et
711 2216 826 2246 usus
870 2201 1032 2245 teneris
1071 2200 1265 2246 ebibitus
1303 2200 1483 2244 animis
1511 2200 1656 2257 facile

186 2273 375 2322 ‘nequeat
403 2269 567 2314 aboleri
597 2304 607 2314 .
639 2303 649 2314 .
680 2303 690 2314 .
720 2270 791 2315 ait
830 2271 906 2315 uel
936 2271 1044 2315 Cato
1073 2271 1147 2315 uel
1177 2271 1316 2323 alius,
1348 2286 1464 2314 ‘na-m
1498 2274 1657 2314 auctor

186 2335 388 2382 incertus
409 2342 481 2382 est.
542 2339 599 2382 In
628 2339 780 2382 eodem
804 2339 1000 2398 capitulo
1024 2339 1213 2384 fortasse
1237 2339 1477 2397 distinguit
1502 2341 1656 2382 aucto-

186 2419 282 2449 tem
312 2406 626 2452 Distichomm
654 2409 713 2451 ab
746 2411 926 2452 auctore
959 2409 1327 2452 sententiolarum
1363 2409 1477 2452 libro
1511 2408 1656 2465 primo

189 2472 372 2519 Catonis
398 2476 535 2535 uulgo
563 2479 892 2535 praefixamm;
931 2478 1035 2522 uide
1064 2493 1219 2522 comm.
1241 2478 1299 2521 ad
1319 2481 1352 2521 t.
1374 2478 1418 2520 ii.
1442 2493 1484 2535 p.
1510 2487 1606 2532 125.
1628 2480 1654 2519 6

189 2546 366 2588 nostrae
409 2545 627 2598 editionis,
671 2547 749 2590 ubi
794 2549 945 2590 tamen
989 2548 1137 2591 neseio
1180 2562 1239 2590 an
1281 2547 1470 2590 nimium
1520 2547 1653 2590 confi·

190 2611 346 2656 denter
378 2615 638 2673 scripserim.
698 2616 861 2660 Fateor
893 2632 964 2660 me
993 2617 1138 2661 locum
1168 2617 1428 2660 Baehrensii
1462 2616 1510 2658 in
1539 2630 1654 2659 com-

189 2682 407 2726 mentario
432 2683 490 2726 ad
509 2683 680 2733 Polior.
700 2685 747 2731 ii.
770 2696 823 2741 27
848 2685 1046 2742 (huiusce
1066 2685 1274 2730 editionis
1293 2688 1326 2729 t.
1347 2685 1375 2730 i.
1396 2700 1438 2742 p
1463 2685 1558 2739 158.
1582 2687 1653 2739 21)

191 2748 453 2794 referentem
488 2752 517 2795 i.
560 2765 640 2797 222
679 2768 760 2810 pro
796 2754 860 2796 iii.
894 2767 975 2799 222
1015 2755 1224 2813 posuisse,
1258 2768 1400 2811 neque
1440 2753 1489 2796 in
1520 2753 1655 2797 corri-

191 2817 435 2875 gendorum
452 2820 653 2879 catalogo
673 2821 986 2869 emendauisse.

1458 2889 1538 2933 xlv
