1994 3190
272 166 364 214 463
383 175 414 205 a
759 159 1020 206 IOANNIS
1061 157 1577 204 SARESBERIENSIS
1733 159 1844 216 [ΜΒ.
1861 169 1902 203 11

428 280 683 331 Dominum,
718 283 765 323 et
797 294 887 323 non
922 279 1150 336 respondit
1184 279 1225 322 ei
1264 293 1407 336 neque
1440 292 1521 336 per
1553 278 1724 322 somnia
1757 293 1901 336 neque

427 365 508 407 per
537 349 785 393 sacerdotes
814 364 957 406 neque
987 364 1066 406 per
1094 349 1344 406 prophetas.
1405 348 1503 392 Hoc
1534 351 1685 391 tamen
1720 348 1761 391 ei
1795 352 1901 391 ante

428 419 774 462 denuntiauerat
822 419 1013 469 Samuel,
1060 419 1165 475 quia
1213 418 1456 460 Dominum
1504 418 1733 474 penitebat
1782 418 1901 474 quod

428 503 530 532 eum
560 489 852 532 constituerat
881 503 1040 546 regem,
1071 503 1122 531 eo
1152 487 1270 544 quod
1301 502 1391 530 non
1420 487 1684 544 impleuerat
1712 488 1900 531 uerbum

426 558 620 609 Domini,
647 558 861 601 suadente
890 557 1083 600 auaritia
1111 571 1296 613 parcens
1325 556 1457 614 Agag
1485 557 1579 615 regi
1609 557 1901 615 pinguissimo
1921 575 1940 610 5

427 632 474 671 et
508 627 667 684 opimis
701 627 911 685 gregibus
946 627 1097 670 ouium
1130 628 1176 669 et
1206 629 1509 669 armentorum
1542 629 1588 670 et
1621 626 1821 669 uestibus
1855 630 1902 670 et

426 698 642 740 arietibus
669 700 715 740 et
740 696 960 739 uniuersis
991 711 1103 752 quae
1129 695 1316 752 pulchra
1344 700 1472 739 erant
1495 696 1543 739 in
1569 697 1707 740 oculis
1733 696 1899 753 populi.

428 766 649 823 Quicquid
698 780 805 809 uero
853 766 942 808 uile
992 765 1084 807 fuit
1132 767 1178 807 et
1226 765 1474 821 reprobum,
1523 765 1605 808 hoc
1660 766 1901 809 mandante

340 833 343 836 ’
425 835 618 879 Domino
647 835 846 878 demoliti
877 837 993 885 sunt,
1024 836 1070 877 et
1098 848 1198 877 cum
1229 834 1341 876 nulli
1372 834 1534 878 ducum
1563 835 1650 878 nisi
1680 835 1735 877 de
1764 849 1901 878 manu

425 904 607 948 Domini
648 904 923 947 exercituum
965 903 1197 960 contingat
1236 903 1435 954 uictoria,
1474 904 1644 947 auctori
1683 904 1899 947 bonorum
1921 920 1962 944 10

425 989 516 1018 non
562 973 758 1017 referens
802 973 990 1031 gloriam
1039 973 1212 1016 uiribus
1258 973 1351 1016 suis
1396 973 1445 1015 in
1492 972 1606 1016 facie
1651 973 1803 1031 populi
1845 974 1900 1017 de

425 1044 586 1087 collato
634 1058 816 1085 munere
865 1042 1175 1099 applaudebat.
1251 1042 1324 1086 Sic
1374 1043 1492 1086 enim
1541 1043 1755 1100 scriptum
1806 1046 1900 1087 cst:

379 1117 408 1155 b
428 1113 614 1156 Factum
650 1116 718 1155 est
756 1112 943 1155 uerbum
983 1112 1163 1154 Domini
1203 1112 1261 1155 ad
1300 1112 1573 1156 Samuelem:
1619 1112 1796 1156 Penitet
1829 1127 1900 1156 me

426 1183 544 1239 quod
590 1182 896 1226 constituerim
944 1181 1052 1225 Saul
1099 1197 1259 1239 regem,
1307 1182 1412 1239 quia
1455 1182 1691 1239 dereliquit
1735 1197 1806 1226 me
1853 1185 1900 1226 et

423 1253 562 1295 uerba
593 1267 691 1294 mea
720 1266 851 1308 opere
881 1266 970 1294 non
1000 1251 1215 1308 impleuit.
1276 1250 1578 1295 Contristatus
1608 1255 1676 1295 est
1706 1251 1897 1303 Samuel,
1919 1266 1958 1300 15

424 1326 470 1365 et
504 1321 715 1365 clamauit
749 1321 806 1363 ad
841 1321 1083 1363 Dominum
1118 1324 1215 1364 tota
1248 1324 1386 1365 nocte.
1447 1320 1647 1378 Cumque
1681 1322 1737 1365 de
1770 1324 1898 1365 nocte

424 1391 690 1434 surrexisset
709 1394 762 1433 ut
781 1391 868 1433 iret
888 1390 944 1433 ad
966 1390 1158 1441 Saulem,
1177 1405 1307 1434 mane
1331 1391 1588 1433 nuntiatum
1614 1394 1682 1434 est
1702 1391 1900 1434 Samueli

424 1461 542 1518 quod
563 1461 758 1504 uenisset
779 1460 886 1503 Saul
907 1460 955 1502 in
984 1459 1236 1504 Carmelum
1262 1463 1307 1503 et
1337 1460 1549 1504 erexisset
1575 1461 1658 1504 sibi
1684 1446 1898 1504 fornicem

423 1530 741 1587 triumphalem
791 1533 837 1573 et
885 1544 1089 1573 reuersus
1138 1530 1370 1573 transisset
1418 1530 1799 1587 descendissetque
1847 1530 1896 1574 in

423 1599 622 1657 Galgala.
700 1599 871 1642 Deinde
910 1598 968 1641 ad
1007 1599 1328 1655 increpationes
1367 1599 1585 1642 Samuelis
1623 1599 1789 1642 crimen
1827 1599 1894 1642 in·
1916 1615 1960 1640 πο

424 1669 701 1713 obedientiae
760 1669 844 1711 sub
899 1671 1137 1725 praetextu
1196 1668 1422 1726 religionis
1477 1669 1638 1712 maluit
1686 1683 1896 1713 excusare

426 1752 560 1794 quam
595 1738 740 1781 delere
774 1752 854 1795 per
886 1737 1190 1794 penitentiam,
1226 1752 1338 1794 quae
1373 1738 1564 1781 secunda
1603 1738 1758 1781 tabula
1796 1741 1899 1796 post

424 1807 711 1864 naufragium
732 1807 886 1850 relicta
906 1809 973 1849 est
993 1807 1222 1863 peccatori.
1281 1808 1361 1851 Ait
1390 1808 1535 1850 enim:
1575 1808 1718 1851 Immo
1743 1807 1898 1851 audiui

424 1891 578 1920 uocem
613 1876 805 1927 Domini,
835 1879 881 1919 et
914 1876 1139 1918 ambulaui
1172 1876 1220 1918 in
1259 1877 1334 1919 uia
1373 1891 1453 1934 per
1491 1892 1622 1934 quam
1664 1877 1787 1921 misit
1825 1891 1896 1921 me

426 1946 654 1997 Dominus,
694 1949 740 1989 et
778 1946 945 1988 adduxi
978 1946 1108 2003 Agag
1147 1961 1294 2003 regem
1335 1947 1558 1998 Amalech,
1597 1950 1644 1991 et
1681 1947 1894 1991 Amalech
1915 1961 1956 1996 ²5

383 2033 407 2063 c
426 2015 639 2059 interfeci.
713 2015 837 2058 Tulit
865 2019 1014 2058 autem
1051 2016 1239 2072 populus
1269 2016 1323 2059 de
1358 2017 1522 2073 praeda
1551 2031 1656 2060 oues
1685 2020 1731 2060 et
1761 2017 1895 2061 boues
1938 2069 1943 2072 .

423 2085 644 2142 primitias
667 2099 818 2127 eorum
847 2099 959 2141 quae
986 2099 1112 2128 caesa
1139 2088 1255 2135 sunt,
1283 2088 1335 2128 ut
1362 2085 1560 2129 immolet
1583 2086 1774 2130 Domino
1800 2079 1915 2130 Deo

423 2169 503 2197 suo
524 2155 569 2196 in
592 2154 799 2210 Galgalis.
862 2155 970 2197 Ecce
996 2155 1214 2211 quomodo
1242 2170 1288 2197 se
1318 2155 1463 2212 ipsum
1489 2159 1682 2206 excusat,
1702 2158 1748 2198 et
1775 2155 1895 2212 quic-

423 2223 528 2280 quid
570 2223 723 2281 culpae
763 2226 841 2273 est,
877 2227 957 2267 aut
988 2228 1203 2267 extenuat
1236 2228 1316 2268 aut
1352 2224 1552 2268 refundit
1586 2225 1633 2267 in
1669 2225 1894 2282 populum.

423 2293 503 2336 Ait
533 2308 637 2350 crgo
667 2293 869 2337 Samuel:
920 2293 1150 2350 Numquid
1181 2294 1282 2337 uult
1312 2294 1529 2337 Dominus
1564 2294 1820 2337 holocausta
1849 2297 1895 2339 et
1913 2310 1955 2344 30

421 2362 638 2412 uictimas,
659 2366 704 2405 et
731 2377 818 2404 non
848 2363 995 2419 potius
1016 2367 1068 2405 ut
1088 2363 1322 2406 obediatur
1344 2363 1441 2407 uoci
1464 2363 1677 2407 Domini?
1736 2363 1895 2407 Melior

420 2435 489 2474 est
529 2432 644 2474 enim
686 2431 937 2475 obedientia
976 2447 1109 2489 quam
1150 2432 1368 2482 uictimae,
1410 2435 1455 2476 et
1493 2432 1712 2476 ascultare
1752 2433 1894 2491 magis

423 2562 468 2598 32
494 2550 706 2587 auscultare
726 2552 756 2586 A

472 2666 492 2692 2
520 2657 596 2691 Hoc
612 2658 708 2692 eta:
733 2668 763 2690 v.
785 2666 795 2692 ι
818 2655 906 2702 Reg.
923 2667 979 2691 xv.
1091 2666 1132 2701 ¹3
1160 2656 1309 2692 Factum
1327 2660 1376 2691 eat
1393 2658 1489 2693 etat
1520 2666 1532 2692 ι
1556 2655 1647 2703 Reg.
1665 2668 1720 2694 xv.
1738 2667 1781 2694 ιο
1791 2668 1894 2704 seqq.

422 2714 468 2740 22
494 2705 648 2738 secunda
665 2705 785 2739 tabula
801 2707 873 2739 etc.
891 2716 899 2740 :
931 2703 1080 2739 Hieron.
1099 2706 1168 2750 Ep.
1189 2715 1285 2740 cxxx
1301 2705 1364 2749 (ad
1383 2706 1645 2740 Demetriadem
1661 2707 1704 2741 de
1718 2707 1895 2742 servanda

422 2753 643 2797 rirqim'eate)
665 2750 683 2798 ξ
703 2762 726 2796 9
745 2751 891 2796 (Migne
911 2753 948 2786 1³.
968 2753 1010 2788 L.
1030 2750 1119 2788 xxii.
1144 2753 1260 2798 1115).
1363 2761 1408 2797 23
1433 2753 1548 2789 Immo
1565 2754 1659 2789 eta:
1689 2763 1701 2790 1
1725 2751 1816 2801 Reg.
1832 2764 1890 2790 xv.

422 2809 483 2844 2ο,
501 2809 557 2836 21.
704 2809 750 2846 30
774 2800 959 2847 Numquid
975 2802 1071 2837 etc-z
1101 2809 1115 2836 1
1139 2798 1227 2846 Reg.
1245 2810 1300 2836 xv.
1317 2808 1376 2845 22,
1394 2809 1453 2846 23.

536 2867 600 2913 146
