1994 3190
183 211 282 244 cAP.
297 197 420 259 ΠΗ]
710 196 1146 258 POLICRATICVS
1662 195 1743 247 582
1760 194 1790 236 d

182 322 465 363 uenerantur.
522 318 781 362 Antistenes
811 331 996 375 quoque,
1025 332 1126 361 cum
1160 317 1348 375 gloriose
1382 317 1647 362 rethoricam

185 377 404 432 docuisset
423 387 704 444 audissetque
724 387 962 437 Socratem,
982 386 1146 429 dixisse
1168 386 1314 430 fertur
1332 387 1388 430 ad
1410 387 1648 444 discipulos

184 472 316 501 suos:
359 457 506 508 Abite‚
534 456 796 514 magistrum
826 455 1036 512 quaerite,
1066 470 1148 513 ego
1182 456 1299 499 enim
1338 457 1428 499 iam
1463 457 1647 514 repperi.

186 526 438 583 Statimque
476 525 670 569 uenditis
709 539 821 582 quae
867 525 1060 568 habebat
1100 528 1146 568 et
1183 526 1357 582 publice
1396 526 1649 575 distributis

147 614 166 648 5
186 595 322 640 nichil
337 595 421 638 sibi
441 595 541 652 plus
561 609 694 652 quam
713 594 941 652 palliolum
961 595 1220 638 reseruauit.
1260 594 1408 638 Huius
1429 595 1649 653 Diogenes

184 664 259 708 ille
297 664 615 708 famosissimus
652 667 844 708 sectator
877 663 967 708 fuit
1000 664 1224 721 potentior
1253 679 1356 722 rege
1395 665 1650 709 Alexandro
1666 660 1745 711 583
1764 671 1795 700 a

185 737 232 778 et
269 736 455 778 naturae
500 734 719 777 humanae
758 733 912 777 uictor.
990 732 1104 777 Cum
1144 736 1294 777 autem
1333 733 1649 791 discipulorum

185 804 443 848 Antistenes
477 803 649 846 nullum
683 803 897 860 reciperet
930 804 976 845 et
1010 806 1366 859 perseuerantem
1406 803 1649 861 Diogenem

186 888 410 917 remouere
439 887 528 916 non
557 875 715 930 posset,
744 872 982 915 nouissime
1011 871 1052 915 ei
1081 872 1278 916 minatus
1307 875 1375 915 est
1403 873 1530 916 claua
1564 873 1650 915 nisi

130 957 170 981 10
190 943 343 987 abiret.
403 942 487 987 Cui
507 945 605 986 tum
626 941 704 985 -ille
730 941 964 985 subiecisse
983 944 1117 999 caput
1142 941 1288 985 fertur
1306 945 1441 999 atque
1462 943 1650 986 dixisse:

187 1012 352 1056 Nullus
369 1014 463 1056 tam
483 1012 621 1055 durus
641 1011 822 1055 baculus
841 1011 927 1055 erit
942 1011 1018 1069 qui
1038 1026 1109 1054 me
1128 1026 1155 1054 a
1175 1014 1255 1055 tuo
1274 1012 1414 1069 possit
1432 1012 1652 1056 consortio

187 1096 401 1140 separare.
459 1080 616 1125 Refert
649 1081 835 1132 Satirus,
865 1081 942 1138 qui
979 1081 1179 1124 uirorum
1218 1081 1460 1125 illustrium
1499 1082 1653 1126 scribit

187 1151 407 1202 historias,
446 1150 563 1209 quod
606 1150 690 1194 iste
729 1150 949 1208 Diogenes
998 1150 1176 1208 palliolo
1225 1150 1391 1208 duplici
1442 1166 1548 1196 usus
1594 1152 1654 1194 sit

187 1223 370 1278 propter
394 1220 549 1278 frigus,
569 1235 720 1278 peram
746 1235 827 1278 pro
853 1220 1030 1264 cellario
1056 1220 1263 1264 habuerit
1288 1235 1523 1278 secumque
1553 1236 1652 1279 por-

132 1304 169 1339 15
190 1290 366 1341 tauerit,
387 1293 432 1333 et
452 1289 568 1347 quod
595 1290 766 1333 clauam
793 1290 976 1347 gerebat
1002 1290 1059 1333 ob
1085 1290 1331 1348 corpusculi
1360 1290 1652 1348 fragilitatem

190 1373 279 1416 qua
292 1359 380 1402 iam
401 1373 535 1402 senex
549 1359 746 1402 membra
765 1362 1014 1402 sustentare
1029 1360 1186 1403 solitus
1201 1363 1309 1411 erat,
1326 1363 1371 1404 et
1386 1361 1654 1404 emorathios

190 1428 326 1487 uulgo
340 1429 399 1472 sit
414 1429 660 1486 appellatus
680 1428 727 1471 in
746 1432 1022 1486 praesentem
1043 1430 1197 1473 horam
1218 1444 1399 1487 poscens
1414 1445 1441 1472 a
1457 1430 1655 1486 quolibet

190 1501 237 1542 et
256 1498 471 1556 accipiens
484 1498 642 1542 cibum.
682 1498 922 1542 Habitauit
939 1502 1090 1543 autem
1109 1499 1157 1542 in
1176 1503 1406 1557 portarum
1422 1500 1655 1543 uestibulis

193 1570 239 1611 et
271 1568 318 1611 in
352 1568 593 1625 porticibus
623 1568 870 1619 ciuitatum,
902 1583 1215 1627 usquequaque
1254 1570 1466 1627 profitens
1497 1584 1653 1613 uerum
1671 1576 1701 1615 b

133 1650 177 1675 20
195 1640 240 1682 et
277 1637 602 1681 transeuntium
642 1638 824 1696 abigens
863 1641 943 1682 aut
988 1642 1149 1682 notans
1193 1639 1307 1682 uitia
1350 1654 1462 1696 quae
1512 1654 1655 1682 mores

193 1706 416 1751 sedabant.
474 1706 675 1764 Cumque
701 1723 747 1751 se
774 1711 1000 1765 torqueret
1026 1709 1073 1751 in
1099 1708 1228 1759 dolio,
1248 1724 1294 1752 se
1323 1709 1503 1752 domum
1531 1709 1655 1752 uolu-

193 1777 325 1820 bilem
346 1777 506 1821 habere
525 1777 754 1821 iocabatur
773 1780 818 1821 et
841 1792 887 1820 se
907 1792 1007 1821 cum
1034 1778 1307 1835 temporibus
1333 1778 1655 1821 immutantem.

194 1846 376 1904 Frigore
405 1846 522 1890 enim
549 1861 597 1890 os
626 1847 733 1890 dolii
763 1847 968 1890 uertebat
994 1847 1041 1889 in
1067 1847 1308 1898 meridiem,
1338 1850 1479 1890 estate
1505 1848 1562 1890 ad
1589 1863 1654 1891 se-

193 1915 516 1973 ptentrionem;
560 1918 605 1959 et
640 1917 905 1974 ubicumque
934 1931 980 1960 se
1011 1917 1075 1960 sol
1104 1917 1409 1969 inclinauerat‚
1441 1917 1654 1975 Diogenis

135 1997 176 2033 25
193 1985 326 2028 simul
351 1985 620 2042 praetorium
639 1986 909 2030 uertebatur.
969 1986 1170 2040 Quodam
1197 2000 1303 2030 uero
1327 1990 1536 2044 tempore,
1556 2001 1656 2030 cum

195 2121 212 2148 1
242 2111 442 2148 retoricam
459 2110 483 2148 S
674 2122 716 2159 13
740 2113 765 2148 h
792 2112 927 2149 storias
943 2112 1017 2148 ΒΜ
1133 2111 1305 2160 dupplici
1319 2111 1421 2149 ASM
1614 2122 1656 2158 17

195 2159 382 2206 apellatus
400 2159 424 2196 S
564 2170 610 2205 24
635 2159 691 2197 sol
707 2172 744 2198 se

191 2271 359 2316 pondere,
374 2270 488 2313 Abite,
501 2271 629 2317 inquit,
638 2282 781 2316 pessum
792 2271 910 2314 malae
924 2271 1162 2315 cupiditates,-
1187 2281 1247 2315 eyo
1263 2281 1328 2306 uos
1344 2282 1512 2315 meryam,
1524 2282 1569 2305 ne
1582 2272 1658 2315 ipse

196 2328 341 2362 mer-yar
361 2329 386 2352 a
413 2318 523 2353 uobis.
575 2319 675 2362 Quod
698 2319 731 2353 εἰ
753 2319 834 2365 quis
858 2319 1040 2353 existimat
1065 2322 1097 2352 et
1121 2319 1348 2353 abundantia
1372 2319 1528 2353 ciborum
1551 2320 1660 2363 potio·

196 2376 351 2411 numque
373 2376 410 2400 se
423 2365 567 2410 perfrui
582 2370 755 2400 etuacare
765 2377 871 2411 posse
886 2366 1094 2410 sapientiae,
1113 2365 1176 2400 hoc
1191 2370 1250 2407 est,
1263 2370 1295 2400 et
1311 2367 1454 2400 uersari
1465 2368 1505 2400 in
1522 2366 1660 2401 deliciis

195 2416 230 2448 et
248 2413 459 2448 deliciarum
481 2413 586 2448 uitiis
605 2424 679 2448 non
701 2414 824 2455 teneri,
844 2413 1000 2458 seipsum
1022 2413 1162 2457 decipit.
1309 2423 1323 2448 1
1351 2413 1558 2448 Antistenes
1578 2424 1659 2448 cum

194 2460 344 2504 ylor-iooe
357 2470 473 2504 usque
484 2459 532 2496 ad
538 2461 707 2506 poculum
721 2460 804 2506 (583
818 2460 860 2504 Β)
875 2472 884 2495 :
901 2459 1058 2496 Hieron.
1069 2461 1271 2496 adalovin.
1281 2458 1320 2494 ii.
1336 2470 1379 2504 14
1391 2459 1537 2505 (Migne
1554 2461 1594 2495 P.
1611 2461 1657 2496 L.

197 2504 303 2542 xxiii.
321 2516 400 2552 304,
418 2506 516 2552 305).
619 2515 637 2554 5
658 2509 767 2553 plus:
784 2509 945 2554 amplius
962 2506 1120 2543 Hieron.
1219 2517 1256 2543 11
1278 2509 1472 2543 consortio:
1495 2509 1658 2553 obsequio

197 2552 350 2590 Hieron.
382 2558 384 2566 ¹
448 2563 490 2590 12
513 2555 675 2590 Satin-uas:
698 2554 798 2591 male
811 2554 852 2590 in
864 2553 1035 2601 margine
1049 2553 1276 2600 exemplaris
1289 2554 1346 2589 sui
1360 2554 1524 2591 coniecit
1536 2554 1658 2590 Mark-

198 2599 334 2636 landus
351 2601 538 2646 Lamiam
564 2613 653 2638 nam
669 2601 762 2639 haec
780 2601 908 2638 omnia
923 2613 972 2638 ex
989 2600 1222 2648 Hieronymo
1234 2601 1434 2648 desumpta
1450 2604 1551 2638 sunt.
1600 2601 1657 2638 De

198 2647 271 2688 hoc
293 2647 426 2693 Satyro
448 2660 480 2684 v.
498 2647 671 2684 Vossium
693 2651 735 2685 de
757 2650 951 2686 Historicis
977 2649 1124 2685 Graecis
1145 2649 1204 2686 ed.
1221 2649 1498 2685 Westermann.
1519 2661 1555 2695 p.
1574 2658 1658 2695 495.

203 2695 246 2731 16
270 2696 500 2731 emorathios:
537 2695 561 2732 i.
572 2706 602 2732 e.
627 2695 820 2743 ἡμερόβιος.
994 2705 1038 2742 25
1079 2697 1239 2740 Quodam
1264 2708 1350 2732 uero
1378 2702 1531 2742 tempore
1565 2698 1658 2732 etc.:

200 2741 309 2778 Hanc
341 2742 387 2778 de
415 2741 584 2788 Diogene
609 2742 808 2779 historiam
834 2754 880 2780 ex
908 2742 1139 2789 Hieronymo
1163 2743 1260 2780 citat
1284 2743 1402 2780 etiam
1425 2742 1660 2779 Abaelardus

197 2788 241 2824 in
265 2790 431 2825 Sermone
452 2791 495 2825 de
513 2791 549 2826 S.
565 2791 702 2828 Ioanne
726 2792 895 2838 Baptista
919 2793 958 2828 et
979 2790 1020 2827 in
1039 2792 1158 2828 Ἠιοοῑ.
1186 2792 1396 2828 C'hristiana
1424 2791 1499 2837 (ed.
1522 2789 1661 2827 Gousin

200 2836 225 2873 i.
241 2837 308 2883 576
319 2848 328 2883 ;
355 2836 395 2873 ii.
414 2837 511 2884 424).

1484 2918 1551 2952 359
