1994 3190
272 171 362 223 2230
379 172 409 213 (1
752 171 1016 216 IOANNIS
1057 167 1572 216 SARESBERIENSIS
1726 171 1838 228 [mn.
1854 179 1893 214 11

424 292 510 336 sibi
534 291 724 336 inuicem
747 292 1093 350 congruentibus
1118 292 1350 343 uniuersis,
1369 307 1470 336 cum
1500 307 1590 335 non
1618 294 1712 335 tam
1741 288 1895 349 populi

425 362 799 405 examinationem
829 376 962 419 quam
989 362 1328 405 admirationem
1358 362 1490 419 plena
1516 361 1584 405 sui
1617 361 1895 405 commenda-

422 432 546 474 tione
577 431 842 488 deposceret,
873 431 1054 488 quidam
1087 431 1202 474 solas
1241 431 1375 474 tibias
1413 434 1567 474 tantae
1606 430 1712 474 moli
1751 426 1895 487 perfe-

424 500 588 543 rendae
608 500 826 543 inhabiles
846 515 938 543 esse
958 500 1127 543 causati
1148 503 1266 543 sunt.
1316 499 1488 553 Quibus
1509 499 1636 542 faber
1655 499 1895 556 respondit,

424 584 499 612 eas
543 584 857 627 usquequaque
902 570 1099 613 sufficere
1138 569 1275 613 donec
1316 570 1445 627 uirgo
1487 572 1676 626 pareret,
1715 569 1895 612 omnino
1913 586 1932 620 5

283 651 358 690 431
377 652 407 681 a
424 639 606 683 credens
635 638 950 696 impossibilem
980 639 1170 696 uirginis
1199 641 1390 695 partum.
1461 638 1590 691 Quod
1630 641 1676 681 et
1715 637 1895 682 Christo

422 711 531 752 nato
560 708 793 765 impletum
822 711 902 759 est,
922 723 974 751 ea
1002 711 1235 751 corruente
1264 711 1310 750 et
1339 707 1495 758 fracta,
1515 707 1620 764 quia
1649 708 1895 750 humanum

422 778 704 821 contrahitur
732 778 810 820 ubi
842 777 1046 820 diuinum
1075 777 1311 834 imperium
1346 777 1574 820 dilatatur.

484 847 597 890 Cum
633 862 741 890 uero
772 862 843 890 res
876 861 956 904 per
990 847 1184 903 quietem
1219 846 1307 889 alio
1338 846 1577 889 nuntiante
1611 846 1824 896 clarescit,
1855 845 1893 889 si

422 921 574 960 tamen
595 916 871 960 enuntiantis
886 917 1072 959 honesta
1092 916 1250 972 cuique
1270 930 1458 972 persona
1471 915 1532 958 sit
1551 917 1597 957 et
1614 914 1894 966 uenerabilis,
1913 932 1955 956 10

422 987 471 1028 in
501 987 779 1029 oraculorum
809 986 997 1043 speciem
1028 985 1157 1029 cadit.
1219 985 1301 1027 Est
1330 985 1448 1028 0111111
1478 984 1717 1035 018011111111,
1746 987 1800 1027 ut
1829 984 1894 1027 ait

421 1055 616 1112 quidam,
637 1055 792 1098 diuina
818 1055 1026 1098 uoluntas
1055 1069 1129 1097 ore
1159 1054 1351 1097 hominis
1381 1054 1627 1096 enuntiata.
1687 1053 1894 1096 Hominis

421 1139 529 1168 uero
541 1125 836 1182 appellatione
849 1126 1053 1167 censetur
1065 1123 1274 1180 quicquid
1286 1123 1334 1165 in
1347 1123 1490 1180 specie
1499 1123 1679 1166 uidetur
1690 1122 1894 1173 hominis,

422 1195 565 1244 homo,
579 1194 762 1251 angelus
778 1194 848 1244 sit,
861 1208 919 1236 an
935 1193 1056 1245 deus,
1069 1207 1128 1235 an
1143 1193 1327 1250 quaeuis
1343 1192 1432 1235 alia
1446 1195 1660 1236 creatura.
1701 1192 1894 1235 Persona

422 1267 571 1306 autem
602 1264 814 1320 cuiusque
843 1263 1030 1306 honesta
1059 1265 1127 1305 est
1157 1264 1202 1305 et
1231 1262 1509 1312 uenerabilis,
1536 1265 1616 1304 aut
1645 1264 1819 1314 natura,
1839 1264 1893 1305 ut
1911 1277 1951 1312 1⁵

421 1333 640 1390 parentis3
660 1335 740 1375 aut
753 1332 1015 1383 conditione,
1027 1334 1080 1374 ut
1095 1332 1263 1375 domini
1271 1345 1281 1384 ;
1301 1334 1382 1374 aut
1393 1331 1601 1382 moribus,
1612 1334 1666 1374 ut
1681 1330 1893 1388 religiosi3

421 1405 501 1445 aut
531 1402 725 1454 fortuna,
755 1405 808 1444 ut
837 1402 1149 1459 magistratus3
1184 1404 1264 1444 aut
1293 1401 1518 1459 religione,
1547 1404 1601 1444 ut
1630 1401 1713 1452 dei,
1734 1400 1892 1458 angeli,

421 1472 669 1515 hominisue
689 1471 824 1515 sacris
851 1474 896 1514 et
925 1471 1175 1514 cerimoniis
1201 1471 1367 1514 diuinis
1397 1470 1650 1514 consecrati.
1710 1470 1781 1512 Ex
1805 1485 1893 1527 quo

421 1544 617 1599 apparet,
648 1541 731 1585 etsi
767 1555 857 1584 non
889 1541 1149 1598 simpliciter
1183 1544 1335 1584 tamen
1371 1540 1613 1584 secundum
1644 1540 1765 1597 quid,
1793 1554 1891 1598 per·

374 1616 405 1655 b
422 1626 551 1655 sonas
581 1614 677 1654 arte
706 1611 971 1654 coniectoria
999 1625 1090 1654 non
1119 1611 1250 1654 modo
1279 1611 1487 1654 honestas
1516 1610 1594 1653 sed
1624 1613 1670 1653 et
1699 1610 1890 1653 detesta-
1910 1624 1953 1648 20

421 1681 531 1724 biles
565 1680 886 1723 uenerabilium
921 1680 1098 1723 nomine
1130 1680 1287 1724 claudi.
1347 1680 1474 1724 Sicut
1503 1680 1621 1723 enim
1650 1679 1891 1723 catholicae

419 1750 646 1807 religionis
665 1749 753 1792 uiri
777 1764 884 1792 uero
904 1749 998 1792 Deo
1019 1749 1169 1806 eisque
1189 1763 1302 1806 quae
1326 1764 1507 1793 munere
1527 1749 1622 1792 eius
1642 1763 1767 1792 sacra
1786 1753 1893 1793 sunt

418 1819 539 1876 piam
582 1818 914 1862 uenerationem
959 1819 1235 1876 impendunt,
1275 1819 1342 1862 ita
1383 1819 1603 1862 hereticae
1649 1822 1695 1862 et
1740 1834 1891 1876 super-

420 1888 618 1931 stitiosae
649 1887 875 1944 religionis
905 1887 1104 1931 homines
1133 1889 1248 1932 fictis
1278 1889 1547 1941 numinibus,
1576 1889 1712 1931 immo
1742 1889 1891 1946 potius

420 1957 539 2000 ueris
559 1956 818 1999 demonibus
838 1959 884 1999 et
904 1957 1224 2000 execrabilibus
1245 1958 1380 2001 sacris
1404 1973 1669 2015 eorumnon
1694 1958 1890 2002 debitam
1910 1976 1950 2012 ²⁵

420 2026 727 2077 reuerentiam,
771 2040 884 2082 quae
923 2026 1048 2068 nulla
1087 2030 1165 2077 est,
1205 2027 1282 2070 sed
1322 2027 1628 2084 turpissimum
1678 2028 1892 2072 exhibent

419 2095 698 2138 famulatum.
779 2094 907 2148 Quod
947 2095 1082 2138 latius
1122 2111 1178 2138 ex
1217 2097 1452 2153 gentilium
1492 2097 1617 2140 libris
1655 2097 1890 2155 colligitur.

422 2164 565 2207 Eneas
590 2164 865 2207 oraculorum
887 2164 1050 2207 indicio
1077 2166 1337 2221 promissam
1368 2169 1413 2209 et
1444 2166 1689 2223 quaesitam
1717 2166 1891 2211 inuenit

422 2234 613 2284 Italiam,
634 2237 679 2277 et
709 2234 754 2275 in
785 2248 837 2276 ea
864 2248 953 2276 non
975 2237 1067 2276 tam
1089 2234 1321 2277 numinum
1350 2249 1482 2292 quam
1511 2235 1747 2278 demonum
1775 2239 1890 2279 nutu

420 2303 565 2347 sedem
587 2303 748 2346 statuit
773 2306 819 2345 et
846 2306 1085 2345 sementem
1109 2303 1295 2346 Romani
1322 2304 1496 2361 generis
1523 2305 1570 2346 in
1597 2308 1695 2348 orto
1723 2306 1798 2362 qui
1827 2306 1890 2350 eis
1909 2322 1951 2355 ³0

418 2373 743 2431 complacuerat
769 2372 1017 2415 seminauit.
1086 2372 1203 2424 Quid
1232 2373 1348 2415 enim
1369 2372 1491 2415 aliud
1512 2373 1608 2430 agit
1628 2373 1674 2416 in
1695 2375 1890 2432 sompnis

419 2445 549 2499 pater
579 2442 803 2491 Anchises,
834 2441 940 2498 quid
978 2441 1161 2498 Iupiter,
1192 2442 1297 2498 quid
1330 2442 1500 2499 Apollo,
1531 2443 1638 2499 quid
1673 2443 1749 2486 alii
1780 2459 1889 2501 quos

380 2524 407 2554 c
424 2511 602 2568 longum
635 2514 702 2554 est
732 2513 967 2553 enarrare?
1027 2510 1153 2553 Vnde
1174 2510 1209 2553 si
1233 2510 1286 2553 de
1306 2511 1471 2554 semine
1492 2511 1568 2555 illo
1587 2527 1728 2570 genus
1747 2514 1890 2558 oritur

421 2623 462 2659 31
491 2613 630 2650 oomnis
648 2613 672 2649 S
816 2623 860 2659 33
886 2612 1079 2659 enarrare]
1101 2612 1258 2650 recitare
1279 2613 1317 2649 M

472 2721 507 2748 ιι
539 2712 604 2747 Eut
622 2713 716 2746 enim
734 2712 917 2747 oraculum
936 2712 1032 2747 ete.:
1062 2709 1149 2748 Seu.
1170 2713 1330 2747 Controv.
1351 2711 1468 2758 praef.
1491 2711 1507 2759 ξ
1528 2723 1561 2758 9.
1699 2715 1742 2751 28
1767 2715 1889 2752 Encas

417 2760 491 2812 etc.
511 2771 519 2794 ε
545 2771 575 2794 v.
597 2758 706 2805 Verg.
730 2760 819 2795 Aen.
841 2757 893 2794 iii.
1021 2769 1064 2804 3²
1092 2760 1266 2795 Anchises
1282 2761 1376 2796 ete:
1402 2773 1434 2796 v.
1454 2759 1564 2806 Vei-g.
1584 2761 1675 2797 Aen.
1695 2760 1740 2798 iv.
1759 2771 1889 2809 351—3,

419 2817 466 2841 iv.
487 2807 554 2843 268
569 2819 682 2853 seqq„
701 2807 774 2844 etc.

525 2886 569 2921 92
