1994 3190
239 138 320 179 4⁷3
339 127 368 167 d
713 126 976 170 IOANNIS
1017 126 1531 172 SARESBERIENSIS
1586 148 1588 150 ’
1682 126 1794 188 [ΠΒ.
1811 139 1853 174 11

385 247 563 298 alienos,
593 261 702 304 quos
731 247 922 305 ignoras,
953 249 998 290 et
1027 247 1272 292 seruiamus
1301 249 1375 300 eis,
1409 263 1500 291 non
1531 248 1686 291 audias
1715 248 1854 292 uerba

384 317 626 374 prophetae
672 319 752 360 aut
794 317 1086 370 somniatoris,
1126 318 1232 374 quia
1276 320 1469 376 temptat
1515 333 1595 361 uos
1635 318 1855 362 Dominus

385 385 507 428 Deus
541 389 700 437 uester,
730 389 782 429 ut
816 386 963 444 palam
996 387 1077 430 fiat
1107 390 1259 430 utrum
1290 387 1488 444 diligatis
1523 402 1623 430 eum
1658 402 1716 430 an
1750 402 1854 431 non.

386 455 513 497 Vnde
542 455 673 512 plane
702 455 969 513 intelligitur
998 456 1114 512 quia,
1135 456 1218 499 etsi
1248 457 1510 513 contingant
1539 471 1652 513 quae
1680 471 1708 499 a
1737 456 1853 498 diui-

384 525 597 568 nantibus
615 540 706 568 non
731 525 972 568 secundum
993 525 1137 568 Deum
1157 526 1379 577 dicuntur,
1398 541 1487 569 non
1513 526 1575 570 sic
1599 527 1853 584 accipienda
1871 546 1892 580 5

385 597 502 646 sunt,
522 598 576 638 ut
597 595 710 638 fiant
736 609 848 651 quae
874 595 1209 651 praecipiuntur
1234 596 1291 638 ab
1320 595 1383 638 eis
1407 598 1488 638 aut
1514 596 1717 639 colantur
1739 610 1854 652 quae

236 681 318 721 474
338 682 367 711 a
385 663 592 707 coluntur
617 664 674 706 ab
701 663 774 707 eis.
835 663 923 707 Sed
947 678 1026 707 nec
1056 654 1281 721 apostolus
1309 665 1357 706 in
1383 664 1510 708 Actis
1539 665 1853 721 Apostolorum

384 733 612 776 immundo
651 733 828 791 spiritui
867 734 1075 790 pepercit,
1114 734 1220 790 quia
1261 734 1309 776 in
1347 734 1532 776 muliere
1570 734 1854 791 uentriloqua

383 803 594 861 apostolis
633 806 679 846 et
717 803 1034 860 praedicationi
1078 817 1230 846 eorum
1277 803 1581 846 testimonium
1625 804 1854 860 perhibuit

383 872 598 916 ueritatis.
662 872 813 915 Niohil
833 887 940 914 uero
959 871 1172 915 aduersus
1195 875 1363 928 pestem
1387 872 1518 915 istam
1543 872 1765 916 salubrius
1785 877 1853 917 est
1872 891 1914 915 10

384 956 517 999 quam
544 941 582 984 si
610 941 709 998 quis
736 941 989 984 huiusmodi
1014 941 1207 984 uanitati
1228 941 1408 983 omnino
1427 955 1580 984 aurem
1605 942 1852 987 subtrahat.

385 1010 564 1054 Gratias
597 1025 682 1067 ago
715 1010 822 1062 Deo,
857 1011 933 1067 qui
968 1010 1103 1053 michi
1138 1011 1272 1053 etiam
1307 1010 1355 1052 in
1387 1010 1597 1053 teneriori
1626 1014 1745 1055 etate
1775 1012 1852 1055 ad-

383 1095 539 1124 uersus
569 1080 650 1122 has
684 1079 868 1136 maligni
898 1080 1038 1122 hostis
1068 1080 1252 1122 insidias
1282 1079 1546 1136 beneplaciti
1577 1081 1646 1123 sui
1676 1083 1853 1124 scutum

383 1149 600 1207 opposuit.
645 1148 764 1191 Dum
785 1149 902 1191 enim
923 1163 1044 1206 puer,
1059 1152 1111 1192 ut
1131 1149 1323 1206 psalmos
1343 1149 1623 1201 addiscerem,
1636 1151 1853 1194 sacerdoti

383 1219 578 1262 traditus
607 1233 756 1269 essem,
787 1218 863 1274 qui
893 1217 1010 1261 forte
1039 1218 1329 1274 speculariam
1358 1218 1575 1276 magicam
1610 1220 1853 1272 exercebat,
1873 1236 1912 1272 15

383 1289 572 1346 contigit
592 1291 644 1331 ut
667 1302 737 1330 me
765 1291 810 1330 et
836 1287 968 1345 paulo
991 1287 1354 1345 grandiusculum
1381 1302 1581 1345 puerum,
1600 1290 1853 1346 praemissis

383 1357 647 1415 quibusdam
677 1357 914 1407 maleficiis,
935 1371 1016 1413 pro
1045 1357 1230 1414 pedibus
1260 1357 1352 1400 suis
1381 1357 1583 1401 sedentes
1613 1358 1671 1401 ad
1700 1373 1852 1416 specu-

381 1427 518 1470 lariae
548 1427 826 1483 sacrilegium
856 1426 1109 1483 applicaret,
1135 1430 1188 1469 ut
1223 1426 1270 1468 in
1300 1427 1524 1484 unguibus
1554 1442 1677 1471 sacro
1706 1429 1853 1472 nescio

382 1496 478 1540 oleo
523 1499 603 1539 aut
641 1495 846 1539 crismate
886 1495 1095 1539 delibutis
1142 1495 1214 1539 uel
1258 1495 1306 1538 in
1348 1498 1525 1539 exterso
1563 1499 1609 1540 et
1654 1497 1852 1556 leuigato

336 1575 365 1614 b
383 1580 562 1622 corpore
601 1565 743 1622 peluis
783 1565 900 1622 quod
935 1566 1176 1622 quaerebat
1209 1569 1362 1608 nostro
1390 1565 1754 1610 manifestaretur
1782 1568 1848 1611 in-
1870 1585 1914 1610 ao

383 1635 507 1678 dicio.
567 1633 682 1679 Cum
702 1635 854 1692 itaque
873 1635 1111 1691 praedictis
1137 1635 1401 1686 nominibus,
1422 1650 1535 1692 quae
1554 1636 1650 1693 ipso
1670 1637 1852 1682 horrore

382 1705 485 1748 licet
519 1704 730 1761 puerulus
765 1719 903 1747 essem
938 1704 1174 1747 demonum
1206 1705 1487 1759 uidebantur,
1521 1708 1567 1749 et
1599 1707 1853 1763 praemissis

382 1774 747 1829 adiurationibus,
782 1788 892 1830 quas
932 1773 1026 1817 Deo
1065 1776 1243 1818 auctore
1282 1774 1439 1826 nescio,
1469 1775 1613 1819 socius
1648 1791 1772 1820 meus
1805 1791 1852 1821 se

381 1844 528 1886 nescio
559 1858 668 1900 quas
703 1843 918 1900 imagines
953 1843 1148 1887 tenuiter
1181 1846 1331 1886 tamen
1365 1847 1411 1887 et
1441 1844 1666 1888 nubilosas
1699 1845 1852 1889 uidere

382 1912 630 1963 indicasset,
660 1927 741 1969 ego
771 1912 948 1969 quidem
978 1912 1035 1955 ad
1066 1912 1176 1955 illud
1207 1913 1272 1955 ita
1301 1928 1426 1956 cecus
1461 1914 1603 1964 extiti,
1634 1916 1686 1958 ut
1714 1914 1851 1958 nichil
1870 1932 1911 1967 ²5

382 1981 515 2026 michi
556 1985 790 2039 appareret
828 1981 914 2024 nisi
955 1996 1124 2039 ungues
1163 1985 1245 2025 aut
1288 1982 1430 2039 peluis
1470 1986 1515 2026 et
1553 1986 1699 2027 cetera
1738 1998 1852 2041 quae

381 2053 514 2094 antea
543 2065 764 2093 noueram.
826 2050 998 2093 Exinde
1029 2066 1133 2108 ergo
1163 2051 1219 2094 ad
1250 2051 1502 2095 huiusmodi
1533 2052 1706 2096 inutilis
1737 2053 1851 2096 iudi-

381 2123 507 2164 catus
536 2134 646 2170 sum,
669 2122 721 2183 ,et
751 2119 876 2176 quasi
907 2119 982 2176 qui
1013 2120 1244 2177 sacrilegia
1275 2121 1382 2164 haec
1412 2121 1682 2179 impedirem,
1707 2137 1764 2165 ne
1793 2122 1851 2166 ad

382 2188 491 2233 talia
510 2188 758 2232 accederem
789 2188 1147 2245 condempnatus,
1168 2193 1213 2232 et
1239 2189 1443 2246 quotiens
1470 2204 1562 2233 rem
1584 2191 1697 2234 hanc
1725 2205 1849 2234 exer-

380 2272 477 2303 cere
518 2258 815 2308 decreuerunt,
856 2273 937 2315 ego
975 2258 1101 2315 quasi
1142 2259 1281 2302 totius
1327 2259 1618 2302 diuinationis
1661 2260 1847 2318 impedi·
1867 2266 1914 2320 30J

380 2332 579 2370 mentum
619 2327 809 2371 arcebar.
871 2327 944 2370 Sic
980 2327 1112 2370 michi
1149 2327 1195 2369 in
1235 2343 1287 2371 ea
1322 2331 1440 2371 etate
1479 2328 1747 2386 propitiatus
1781 2333 1850 2375 est

381 2397 609 2440 Dominus.
689 2396 802 2440 Cum
845 2411 951 2440 uero
995 2396 1225 2454 paululum
1272 2397 1589 2454 processissem,
1627 2398 1850 2457 flagitium

381 2542 402 2569 2
428 2532 698 2579 nompniatori·
715 2532 786 2569 AM
934 2541 954 2576 7
981 2532 1018 2568 in
1038 2530 1134 2569 actia
1150 2532 1405 2579 apostolorum
1424 2534 1617 2580 apostolus
1634 2534 1666 2571 A
1805 2534 1849 2573 16

380 2579 652 2665 gildi-rigdagi·
671 2627 695 2663 S
777 2590 821 2625 2⁴
845 2579 1042 2627 ymagines
1059 2580 1091 2615 A
1234 2589 1276 2626 25
1304 2580 1475 2629 quidem]
1495 2582 1596 2628 quod
1615 2582 1652 2619 S¹
1801 2592 1849 2630 29

428 2768 447 2804 7
474 2760 543 2796 Sed
560 2771 623 2796 mc
638 2759 820 2806 apostolus
835 2760 908 2796 etc.
925 2770 933 2796 :
960 2770 993 2796 v.
1010 2757 1092 2795 Act.
1111 2757 1210 2805 App.
1228 2757 1300 2795 xvi.
1322 2759 1363 2796 16
1376 2770 1478 2806 seqq.

493 2831 557 2875 ¹⁶⁴
