1994 3190
203 207 302 245 m.
317 198 388 260 1v]
546 187 548 190 ’
730 198 1166 244 PomanrIovs
1687 203 1775 253 396
1793 202 1824 245 n

203 334 312 377 quas
340 319 545 362 uenatica
575 319 717 376 exigit
745 318 1010 375 ubicumque
1040 319 1206 363 nolant.
1267 321 1450 364 Manum
1480 322 1669 373 contine,

201 389 388 432 istarum
435 387 620 439 abstine,
666 402 722 430 ne
769 390 814 430 et
861 390 914 430 tu
957 388 1005 430 in
1053 403 1212 445 penam
1257 389 1372 433 lesae
1411 391 1669 440 maiestatis,

201 457 468 501 uenantibus
495 457 626 499 cadas
656 457 702 498 in
730 456 950 513 praedam.
1010 457 1052 499 A
1077 458 1311 500 noualibus
1341 460 1432 502 suis
1462 463 1670 502 arcentur

201 525 431 583 agricolae,
452 525 558 568 dum
583 525 704 568 ferae
728 526 923 569 habeant
951 526 1145 582 uagandi
1173 526 1437 571 libertatem.
1496 529 1593 571 Illis
1617 533 1669 571 ut

162 613 181 647 5
199 609 362 653 pascua
381 598 641 652 augeantur,
658 595 839 652 praedia
856 594 1184 638 subtrahuntur
1198 596 1402 653 agricolis
1422 597 1668 649 sationalia,

199 664 383 708 insitiua
402 664 578 716 colonis,
591 678 851 721 compascua
866 664 1147 707 armentariis
1168 668 1213 707 et
1232 666 1458 722 gregariis,
1474 666 1670 708 aluearia

199 748 227 776 a
255 733 481 776 floralibus
506 733 814 783 excluduntur,
839 733 947 790 ipsis
975 748 1148 790 quoque
1178 734 1336 791 apibus
1365 735 1445 776 uix
1474 735 1669 777 naturali

198 803 404 846 libertate
431 802 500 846 uti
527 802 788 860 permissum
816 805 895 845 est.
957 802 1079 846 Dicis
1107 803 1229 855 bene,
1255 803 1372 860 quod
1399 807 1594 846 oestrum
1625 807 1668 846 et
1688 821 1713 850 c

199 875 366 916 ceteras
391 875 548 929 pestes,
570 886 682 928 quae
709 886 798 914 non
820 871 937 914 feras
964 872 1040 914 sed
1068 872 1246 915 delicias
1266 875 1498 930 potentum
1521 873 1669 929 exagi-

143 958 184 990 ,ιο
199 944 310 992 tant,
332 943 427 984 toto
446 943 683 998 potentatu
709 955 790 984 suo
820 955 910 984 non
937 943 1123 998 possunt
1143 942 1333 999 abigere,
1355 957 1454 985 cum
1476 945 1521 985 et
1541 942 1670 985 culex

198 1011 246 1054 in
275 1011 490 1054 ultionem
519 1010 712 1054 hominis
741 1013 940 1054 armatus
975 1011 1240 1054 acrimoniae
1276 1026 1382 1054 suae
1417 1012 1590 1054 aculeos
1623 1011 1670 1053 in

198 1079 316 1123 feras
336 1082 453 1123 recte
474 1083 689 1125 exerceat.
746 1079 820 1124 Sic
840 1080 878 1122 si
899 1080 971 1124 hic
992 1079 1143 1130 fueris,
1163 1080 1210 1122 in
1226 1095 1365 1123 annos
1385 1081 1552 1137 cogeris
1573 1085 1671 1123 sata

197 1149 411 1192 redimere
438 1149 510 1192 uel
535 1149 753 1193 amittere.
814 1149 941 1206 Elige
968 1152 1122 1192 utrum
1146 1149 1290 1192 mauis
1320 1150 1374 1192 de
1405 1150 1670 1206 aequissimo

198 1219 294 1262 iure
334 1218 573 1271 Quiritum,
613 1234 762 1262 rerum
802 1219 874 1264 uel
914 1219 1072 1262 salutis
1111 1219 1348 1276 utrobique
1388 1219 1669 1276 dispendium

140 1302 181 1342 με
198 1288 413 1331 imminet.
474 1288 523 1331 Si
555 1291 819 1331 uenatorum
852 1288 1072 1346 quispiam
1107 1292 1387 1345 pertranseat
1418 1289 1527 1331 fines
1557 1292 1670 1339 tuos,

197 1357 239 1400 ei
278 1372 391 1414 quae
431 1357 550 1400 domi
589 1358 725 1401 habes
764 1358 1074 1402 incunctanter
1112 1361 1158 1401 et
1193 1361 1447 1401 reuerenter
1486 1373 1669 1415 expone,

198 1427 401 1484 quodque
422 1427 541 1470 domi
568 1442 657 1470 non
685 1429 752 1470 est
776 1430 822 1470 et
845 1428 980 1470 habet
1004 1427 1190 1478 uicinus,
1211 1427 1259 1469 in
1289 1442 1396 1470 usus
1422 1428 1543 1470 illius
1563 1443 1669 1478 eme,

198 1510 254 1539 ne
285 1511 341 1538 ex
370 1496 503 1539 edicti
534 1496 713 1540 licentia
743 1500 823 1540 tua
852 1496 1030 1540 auferat
1059 1497 1131 1539 uel
1163 1496 1318 1547 inuito,
1344 1500 1390 1539 et
1420 1497 1474 1540 de
1505 1497 1668 1540 irreue-

199 1565 344 1608 rentia
367 1568 413 1609 et
436 1568 692 1624 contemptu
718 1567 889 1624 cogaris
917 1566 964 1609 in
993 1567 1194 1610 centuria
1220 1570 1300 1609 aut
1328 1566 1425 1609 foro
1455 1567 1670 1624 praesidis

141 1650 183 1676 πο
199 1635 271 1678 uel
305 1636 589 1692 proconsulis,
619 1639 699 1679 aut
735 1636 922 1679 fortasse
960 1636 1007 1678 in
1041 1635 1236 1687 concilio,
1272 1636 1388 1678 lesae
1422 1636 1669 1679 maiestatis

199 1704 380 1748 reddere
410 1699 638 1750 rationem.
699 1706 987 1749 Protenditur
1021 1706 1185 1749 etenim
1215 1706 1533 1762 patrimonium
1562 1706 1668 1756 fisci,
1686 1710 1715 1750 d

199 1773 305 1816 dum
355 1774 409 1817 de
461 1775 605 1818 alieno
654 1790 930 1834 quacumque
980 1776 1152 1818 ratione
1209 1775 1381 1818 familia
1439 1779 1668 1834 sumptum

198 1843 318 1886 facit.

256 1913 422 1956 Verum
448 1928 504 1956 ne
529 1914 780 1958 uenaticam
809 1917 854 1958 et
884 1914 994 1957 alias
1020 1914 1255 1958 curialium
1281 1928 1426 1971 nugas
1456 1929 1545 1956 non
1576 1917 1668 1957 tam

141 1994 184 2030 ²⁵
200 1981 361 2026 iudicio
381 1997 514 2039 quam
534 1983 635 2026 odio
658 1984 788 2027 stilus
818 1983 1021 2041 persequi
1046 1983 1264 2034 uideatur,
1290 1998 1386 2026 eam
1414 1983 1666 2026 indifferen-
1736 2024 1740 2028 .

199 2050 320 2094 tibus
348 2053 750 2095 connumerandam
780 2053 910 2097 facile
937 2053 1165 2109 libensque
1192 2053 1430 2102 consentio,
1450 2052 1537 2095 nisi
1565 2053 1670 2109 quia

199 2119 489 2164 immoderato
519 2122 768 2179 uoluptatis
802 2122 982 2166 incursu
1018 2122 1193 2164 uirilem
1234 2122 1432 2164 animum
1473 2122 1670 2165 concutit

200 2191 246 2232 et
280 2188 620 2234 fundamentum
655 2192 879 2234 subuertit
910 2191 1109 2235 rationis.
1168 2191 1272 2234 Non
1305 2195 1456 2234 tamen
1496 2191 1552 2234 ob
1587 2192 1670 2234 hoc

201 2258 287 2301 erit
315 2273 628 2317 usquequaque
658 2261 903 2319 culpabilis,
933 2276 1034 2304 cum
1065 2263 1110 2303 et
1139 2261 1296 2303 uinum
1328 2261 1446 2318 quod
1477 2261 1670 2303 inebriat

143 2340 188 2374 3⁰
203 2327 499 2372 subuersionis
518 2330 693 2387 culpam
714 2333 970 2387 retorqueat
990 2330 1037 2372 in
1057 2330 1295 2380 bibentem,
1317 2334 1362 2372 et
1382 2344 1518 2372 senex
1539 2345 1669 2386 saepe

202 2409 291 2438 non
311 2399 403 2439 tam
424 2399 583 2441 aetatis
610 2414 743 2456 quam
771 2414 851 2443 suo
877 2400 990 2442 uitio
1017 2413 1193 2442 sensum
1219 2398 1419 2456 proferat
1439 2399 1667 2456 puerilem.

205 2462 355 2507 Potest
398 2466 538 2523 igitur
580 2468 785 2512 uenatica
830 2483 922 2512 esse
969 2468 1094 2511 utilis
1139 2471 1185 2511 et
1229 2468 1442 2520 honesta;
1491 2468 1567 2510 sed
1613 2483 1669 2510 ex

205 2531 310 2583 loco,
338 2536 546 2591 tempore,
575 2537 716 2588 modo,
746 2552 944 2594 persona,
974 2540 1020 2580 et
1049 2552 1193 2581 causa.
1255 2537 1447 2580 Persona
1477 2552 1668 2593 namque

206 2604 415 2645 uenustat
434 2604 643 2656 studium,
663 2606 770 2649 dum
797 2621 876 2650 suo
904 2606 1073 2650 insistit
1099 2606 1240 2650 officio
1266 2609 1312 2649 et
1338 2621 1428 2649 non
1452 2606 1668 2663 praeripit

206 2706 226 2744 5
253 2709 339 2734 cum
355 2711 492 2744 pascua
507 2702 578 2738 MP
719 2705 741 2740 8
766 2703 886 2749 Dicis]
905 2703 1003 2741 Deus
1022 2703 1112 2740 BSP
1217 2704 1317 2741 bone
1336 2702 1478 2750 SPCyr.
1626 2705 1669 2740 16

205 2756 274 2782 om.
292 2757 386 2791 quae
403 2747 512 2783 CBAl

256 2835 298 2871 17
323 2829 481 2874 quodque
498 2831 594 2866 domi
610 2831 680 2867 etc.
700 2830 779 2867 Iuv.
797 2832 872 2868 Sat.
890 2830 936 2867 vi.
959 2839 1038 2878 152.

1519 2909 1559 2942 31
