1994 3190
254 183 344 229 49'0
362 177 392 218 d
734 175 890 220 ΙΟΑΝ
891 176 934 219 Ν
938 175 996 220 IS
1036 175 1551 220 SARESBERIENSIS
1686 174 1798 235 [ΠΒ.
1818 187 1879 220 111

409 296 644 354 prohibet?
723 296 1035 354 Quaecumque
1084 296 1216 349 enim,
1257 296 1416 353 inquit,
1455 296 1620 353 scripta
1668 299 1775 339 sunt
1822 295 1881 339 ad

408 368 608 408 nostram
629 365 876 409 doctrinam
897 367 1063 424 scripta
1091 370 1210 418 sunt,
1230 369 1284 409 ut
1307 380 1387 423 per
1415 366 1679 423 patientiam
1708 369 1753 409 et
1779 380 1879 409 con-

410 435 672 478 solationem
692 435 1013 493 scripturarum
1034 450 1156 493 spem
1184 436 1436 478 habeamus.
1496 435 1616 478 Dum
1645 436 1763 478 enim
1790 450 1881 492 pax

410 505 537 548 abest
551 505 656 548 filiis
671 505 914 562 Adam‚qui
930 506 987 548 ad
1002 506 1197 548 laborem
1212 506 1308 549 nati
1325 509 1441 556 sunt,
1454 506 1600 562 parati
1616 506 1673 548 ad
1692 505 1880 563 flagella,

410 574 611 632 concepti
638 575 686 617 in
715 575 917 632 peccatis,
938 575 1047 618 editi
1074 575 1121 617 in
1151 575 1312 625 labore,
1332 590 1422 618 non
1442 578 1535 618 tam
1565 578 1720 618 euntes
1745 590 1878 632 quam
1897 591 1916 626 5

242 646 343 697 '491
362 659 392 688 a
410 647 637 687 currentes
663 644 721 687 ad
745 647 934 687 mortem
961 658 1050 700 qua
1076 644 1213 686 nichil
1237 644 1411 687 tristius
1442 647 1519 695 est,
1539 645 1785 688 necessaria
1811 646 1881 687 est

408 714 637 770 patientia,
657 714 782 756 utilis
802 714 1042 757 consolatio
1058 728 1171 770 quae
1187 714 1241 756 de
1256 714 1351 756 oleo
1366 714 1535 757 letitiae
1550 715 1598 756 in
1612 714 1880 758 conscientia

409 786 455 826 et
481 783 536 826 de
566 783 864 826 immensitate
893 783 1151 826 clementiae
1176 782 1260 825 Dei
1287 783 1639 840 praedestinatos
1658 783 1716 826 ad
1736 783 1880 826 uitam

408 867 486 910 spe
507 852 762 896 futurorum
782 852 908 896 fouet
931 855 977 895 et
997 852 1186 895 roborat.
1246 852 1285 896 Ο
1306 855 1453 896 custos
1473 853 1714 905 hominum,
1731 853 1880 910 inquit

408 923 566 966 beatus
600 923 694 974 Iob,
714 922 899 966 humani
930 923 1105 980 generis
1139 922 1415 966 calamitates
1450 923 1496 965 in
1532 937 1579 965 se
1613 923 1878 980 exprimens,
1898 939 1940 964 10

407 1006 545 1049 quare
574 992 761 1049 posuisti
783 1007 853 1035 me
873 992 1145 1035 contrarium
1169 991 1265 1043 tibi,
1286 995 1332 1035 et
1352 991 1498 1035 factus
1525 1007 1622 1034 sum
1650 992 1879 1036 michimet

406 1061 492 1119 ipsi
512 1062 694 1119 grauis?
753 1061 896 1104 Nemo
916 1061 1134 1118 siquidem
1159 1064 1227 1104 est
1252 1062 1328 1118 qui
1353 1062 1637 1118 exigentibus
1662 1061 1804 1119 culpis
1830 1061 1879 1104 in

406 1131 550 1188 seipso
569 1146 659 1174 non
678 1131 881 1174 inueniat
900 1145 1053 1174 causas
1073 1131 1392 1188 materiamque
1412 1131 1587 1183 doloris,
1607 1146 1707 1174 cum
1738 1131 1879 1188 ipsius

406 1201 710 1258 philosophiae
741 1200 995 1243 testimonio
1026 1201 1264 1257 unicuique
1303 1201 1534 1258 contingat
1572 1201 1724 1244 adesse
1758 1201 1876 1258 quod

405 1269 544 1313 nollet
571 1269 643 1312 uel
678 1270 829 1312 abesse
859 1269 976 1326 quod
1006 1269 1151 1312 uellet.
1212 1269 1340 1312 Vnde
1370 1272 1416 1312 et
1443 1269 1586 1312 fidelis
1616 1269 1776 1320 anima,
1803 1269 1876 1312 cui
1895 1283 1936 1319 15

404 1353 537 1382 uerae
557 1338 847 1381 beatitudinis
867 1339 1032 1396 gaudia
1050 1338 1329 1389 differuntur,
1348 1353 1449 1381 cum
1477 1337 1679 1381 inferiori
1707 1339 1877 1402 irriguo

405 1408 623 1466 irriguum
645 1408 847 1465 superius
867 1408 992 1464 petit.
1045 1408 1108 1451 Vt
1128 1422 1233 1465 ergo
1252 1407 1487 1466 gentilium
1508 1408 1732 1465 figmentis
1752 1409 1878 1465 pium

406 1477 782 1521 accommodemus
802 1477 1018 1529 auditum,
1038 1491 1186 1520 rerum
1213 1477 1411 1520 omnium
1435 1477 1631 1534 tragicus
1659 1478 1761 1520 finis
1785 1481 1854 1521 est
1866 1492 1877 1531 3

360 1550 389 1588 b
408 1549 500 1598 aut,
516 1546 553 1589 si
573 1561 734 1589 nomen
755 1546 975 1590 comediae
995 1546 1234 1603 gratiosius
1254 1549 1333 1597 est,
1347 1561 1436 1589 non
1452 1547 1564 1590 duco
1579 1547 1875 1590 contentionis

407 1615 573 1667 funem,
589 1616 695 1659 dum
715 1619 887 1660 constet
907 1616 1025 1659 inter
1043 1630 1123 1659 nos
1143 1616 1261 1673 quod
1277 1615 1370 1659 fere
1391 1619 1512 1659 totus
1532 1617 1725 1659 mundus
1744 1617 1874 1660 iuxta
1893 1637 1936 1662 πο

407 1685 664 1728 Petronium
689 1688 892 1728 exerceat
922 1685 1206 1738 histrionem3
1235 1685 1353 1742 quod
1381 1687 1426 1728 et
1453 1685 1633 1742 quidam
1662 1687 1875 1744 temporis

405 1755 546 1798 nostri
574 1755 763 1811 scriptor
789 1755 993 1813 egregius
1021 1754 1267 1798 infidelium
1293 1757 1443 1798 tamen
1472 1755 1621 1798 uerbis
1651 1756 1877 1814 eleganter

406 1824 647 1881 expressit:

522 1899 748 1942 Ridiculos
778 1899 1006 1942 hominum
1037 1902 1187 1943 uersat
1216 1914 1310 1942 sors
1339 1913 1439 1943 ceca
1467 1899 1661 1952 labores;

579 1958 726 2000 secula
756 1960 909 2000 nostra
938 1958 1058 2001 iocus
1087 1957 1416 2015 ludibriumque
1445 1958 1549 2001 deis.
1894 1982 1936 2018 25

406 2036 555 2079 Huius
575 2036 726 2093 itaque
746 2040 838 2079 tam
865 2037 1103 2080 immensae
1131 2041 1222 2080 tam
1247 2037 1464 2081 mirabilis
1494 2041 1540 2081 et
1566 2038 1876 2083 inenarrabilis

405 2106 630 2163 tragediae
651 2106 722 2149 uel
743 2107 963 2150 comediae
984 2107 1209 2150 theatrum
1231 2122 1318 2164 quo
1338 2108 1489 2164 peragi
1511 2107 1661 2164 possit,
1681 2108 1721 2151 ei
1742 2108 1875 2151 mira-

405 2175 556 2218 biliter
575 2179 856 2232 coaequatur.
916 2177 1062 2219 Tanta
1093 2180 1160 2219 est
1189 2191 1293 2220 area
1321 2177 1414 2220 eius
1445 2180 1640 2234 quantus
1670 2180 1715 2220 et
1744 2178 1875 2222 orbis.

405 2244 724 2289 Difficillimum
765 2249 832 2288 est
870 2249 922 2289 ut
971 2246 1204 2303 quisquam
1244 2246 1511 2289 admittatur
1554 2246 1759 2290 exclusus
1802 2247 1874 2291 uel

409 2365 422 2391 1
456 2359 539 2401 poet
564 2354 740 2401 prohibet
765 2356 848 2390 add.
871 2353 1007 2401 paulus
1033 2353 1163 2391 dicens
1187 2354 1216 2390 P
1327 2353 1454 2401 inquit
1477 2366 1545 2391 om.
1572 2353 1605 2390 A
1753 2365 1808 2399 21,
1828 2365 1874 2392 22

405 2401 523 2439 nostri
542 2401 724 2449 temporis
742 2402 773 2437 A
918 2411 961 2446 ²7
988 2404 1153 2438 teatrum
1172 2400 1197 2438 S

407 2464 748 2536 ——i-Qt—uzecumque
765 2491 836 2525 etc.
852 2500 860 2524 t
888 2487 993 2524 Rom.
1012 2500 1070 2524 xv.
1089 2499 1120 2533 4.
1287 2498 1325 2543 ,9.
1348 2490 1377 2524 Ο
1393 2493 1508 2525 custos
1524 2490 1596 2526 etc.
1613 2501 1621 2525 :
1649 2488 1715 2526 Iob
1732 2488 1797 2525 vii.
1816 2499 1874 2527 20.

411 2547 451 2581 14
476 2538 596 2572 adesse.
621 2539 714 2572 em:
741 2548 771 2572 v.
799 2535 931 2572 Bocth.
961 2537 1099 2572 Concol.
1126 2536 1259 2571 Philon.
1285 2547 1338 2571 m.
1364 2535 1478 2572 I’rosa
1499 2546 1530 2581 3.
1726 2538 1769 2573 16
1793 2549 1875 2574 cum

406 2586 576 2630 inser-iore·
602 2586 696 2620 eta:
734 2596 764 2619 v.
799 2583 904 2619 Iosue
937 2594 992 2620 xv.
1028 2592 1092 2637 ¹9³
1129 2595 1239 2629 quem
1275 2582 1399 2619 locum
1432 2583 1619 2638 intelligit
1652 2583 1792 2621 Noster
1823 2584 1873 2621 ad

405 2634 570 2667 mentem
591 2629 704 2677 Greg.
724 2630 852 2677 Magn.
874 2631 1018 2675 Dialoq.
1037 2629 1090 2666 i1i.
1112 2640 1156 2675 34
1173 2630 1321 2677 (Mignc
1340 2632 1379 2667 1'.
1399 2632 1440 2666 L.
1457 2631 1583 2667 lxxvii.
1603 2634 1700 2677 301).
1815 2642 1871 2677 20,

404 2689 444 2716 αι
475 2680 578 2714 ius-eu
593 2680 825 2714 Petronium:
852 2689 884 2713 v.
903 2689 1017 2724 supra
1032 2679 1102 2722 489
1118 2687 1152 2713 Β.
1299 2688 1342 2714 22
1367 2680 1541 2724 scriptor:
1568 2678 1591 2714 i.
1606 2690 1639 2715 e.
1665 2678 1873 2716 secundum

404 2737 522 2773 marg.
544 2725 582 2762 P.
619 2725 832 2762 Ber-nardus
850 2723 1046 2767 Silvi—,utcu
1072 2727 1198 2760 tamen
1218 2736 1342 2771 neque
1362 2725 1402 2761 in
1424 2726 1482 2762 ed.
1502 2726 1648 2763 Barach
1665 2727 1698 2762 δε
1716 2726 1873 2764 Wrobel

403 2785 450 2810 ne
482 2785 526 2809 uc
561 2772 598 2809 in
635 2774 947 2819 &merim-neuris
979 2783 1043 2808 neu
1077 2773 1164 2807 libra·
1187 2775 1364 2819 sommae
1397 2773 1525 2811 codice
1559 2773 1600 2810 in
1633 2773 1873 2812 Bibliotheca

403 2821 456 2857 Bo
500 2820 610 2857 ciana.
626 2823 772 2859 servato
790 2822 943 2858 exstant
959 2831 1080 2857 vcruuu
1099 2819 1174 2856 isti.

515 2901 577 2937 ¹9⁴
