1994 3190
183 182 282 215 car.
297 167 370 230 VI]
693 170 1130 216 POLICRATICVS
1665 184 1749 226 ⁵⁴9
1769 185 1800 214 a

182 289 335 346 populi
355 289 412 332 ab
431 289 626 332 humeris
645 279 821 332 sursum
845 289 1200 346 supereminebat
1226 291 1482 335 uniuersum
1508 306 1647 350 popu·

185 358 288 401 lum.
348 358 506 411 Quare,
527 373 699 415 quaeso,
719 358 805 400 nisi
833 358 938 414 quia
965 373 1094 414 quem
1122 362 1297 415 oportet
1317 374 1516 417 praeesse
1537 361 1647 411 aliis,

181 429 357 484 pectore
377 427 508 470 debet
534 430 580 471 et
605 442 680 470 ore
707 427 955 484 prominere
981 430 1034 470 ut
1064 428 1190 484 quasi
1220 428 1434 472 bonorum
1464 445 1646 488 operum

181 495 301 539 ulnis
320 496 458 539 totius
484 496 637 554 populi
667 496 951 539 latitudinem
981 496 1226 553 amplexari
1253 498 1402 541 ualeat
1429 503 1474 542 et
1501 502 1646 557 prote-

143 585 162 618 5
181 579 284 622 gere
323 567 552 622 tamquam
599 565 769 609 doctior
815 565 1008 608 sanctior
1047 565 1404 622 circumspectior
1442 570 1487 611 et
1526 570 1646 612 omni

181 634 351 677 uirtute
386 634 712 691 praestantior?
783 634 904 678 Dicit
939 634 1056 678 enim
1090 634 1307 677 Dominus
1347 636 1403 678 ad
1435 637 1646 694 Moysen:

180 703 370 746 Assume
405 703 462 746 ad
491 703 774 761 temetipsum
804 703 952 747 Iesum
982 703 1124 746 filium
1155 703 1295 755 Naue,
1316 705 1538 748 hominem
1569 708 1645 763 qui
1662 709 1692 748 b

179 771 317 815 habet
346 771 565 830 Spiritum
595 772 679 816 Dei
708 773 755 816 in
785 773 1031 830 semetipso,
1055 776 1101 816 et
1130 772 1328 830 impones
1358 788 1515 818 manus
1544 778 1646 819 tuas

180 855 314 898 super
332 856 432 884 eum
453 845 498 885 et
517 845 687 885 statues
707 856 853 886 coram
875 841 1084 885 Eleazaro
1103 842 1327 885 sacerdote
1347 846 1393 886 et
1413 848 1648 901 praecepta

121 928 163 954 10
181 910 221 954 ei
249 910 354 954 dato
382 911 429 953 in
459 915 694 969 conspectu
721 911 860 955 totius
887 926 1140 969 synagogae
1167 914 1212 955 et
1235 912 1437 969 praecipe
1467 912 1521 956 de
1551 914 1647 970 ipso

180 993 328 1024 coram
359 980 422 1023 eis
442 984 487 1024 et
518 981 644 1024 dabis
671 981 919 1024 claritatem
944 984 1068 1024 tuam
1089 995 1221 1038 super
1240 981 1366 1024 illum
1388 985 1441 1025 ut
1461 982 1648 1027 audiant

179 1048 307 1092 illum
335 1049 418 1092 fflii
443 1049 594 1093 Israel.
652 1049 795 1093 Audis
824 1049 1053 1093 euidenter
1081 1049 1404 1093 ordinationem
1435 1052 1647 1110 principis

180 1118 333 1176 populi
359 1121 452 1162 tam
479 1118 713 1162 manifeste
741 1118 1006 1176 descriptam
1034 1122 1086 1162 ut
1115 1133 1226 1176 pene
1253 1120 1527 1176 expositione
1556 1136 1645 1165 non

181 1191 322 1245 egeat.
381 1187 431 1231 Si
452 1203 548 1231 eam
568 1191 718 1231 tamen
738 1188 1019 1232 manifestius
1039 1189 1225 1246 quaeris,
1246 1203 1342 1232 eam
1363 1190 1447 1233 tibi
1467 1194 1646 1234 auctore

122 1263 162 1298 ¹⁵
182 1255 384 1309 Domino,
414 1272 494 1300 suo
520 1257 614 1301 loco
641 1260 687 1300 et
715 1260 912 1314 tempore
941 1272 1040 1302 cum
1072 1258 1355 1315 praeceperis,
1385 1259 1644 1316 explanabo,

180 1325 374 1370 adiciens
429 1327 789 1370 indumentorum
845 1330 891 1370 et
941 1327 1218 1384 quorundam
1269 1333 1644 1373 sacramentorum

180 1394 536 1453 significationes.
597 1395 683 1439 Hic
714 1398 865 1438 autem
896 1395 1027 1452 plane
1061 1396 1185 1438 nulla
1217 1400 1284 1440 est
1318 1398 1470 1454 populi
1504 1399 1643 1442 accla-

180 1464 331 1515 matio,
370 1465 494 1509 nulla
533 1465 933 1523 consanguinitatis
972 1466 1098 1516 ratio,
1134 1466 1257 1509 nulla
1297 1468 1643 1524 propinquitatis

181 1533 335 1577 habita
361 1533 674 1592 contemplatio
701 1537 778 1577 est.
838 1534 1016 1577 Mortuo
1037 1535 1252 1592 Salphaat
1275 1536 1392 1579 filiae
1412 1540 1642 1594 paternam
1661 1551 1686 1580 c

121 1614 164 1639 ²0
178 1603 298 1660 apud
333 1603 518 1660 Moysen
551 1603 790 1647 uendicant
829 1604 1132 1648 hereditatem.
1192 1604 1455 1648 Petitionem
1491 1622 1643 1650 earum

178 1670 342 1716 iustam
368 1687 461 1716 esse
488 1672 609 1716 Deus
635 1673 729 1730 ipse
756 1675 971 1725 testatur3
1011 1673 1270 1730 propinquis
1298 1689 1486 1732 namque
1514 1691 1643 1735 agro-

177 1755 276 1784 rum
293 1745 338 1785 et
357 1742 635 1800 praediorum
657 1743 879 1786 hereditas
894 1743 1181 1800 relinquenda
1197 1746 1263 1786 est
1279 1746 1323 1786 et
1335 1747 1387 1787 ut
1401 1746 1642 1802 plurimum

177 1810 414 1855 actionum.
475 1810 749 1855 Gubernatio
769 1826 875 1855 uero
899 1812 1050 1868 populi
1079 1812 1144 1854 illi
1169 1812 1386 1856 tradenda
1414 1818 1491 1867 est,
1512 1830 1641 1872 quem

179 1879 300 1923 Deus
319 1880 512 1938 elegerit,
532 1881 700 1924 homini
720 1881 886 1924 scilicet
906 1881 987 1924 tali
1008 1881 1084 1938 qui
1105 1881 1239 1924 habet
1255 1881 1473 1939 Spiritum
1490 1884 1572 1927 Dei
1595 1885 1642 1927 in

120 1960 161 1994 ²5
179 1964 225 1994 se
245 1952 291 1992 et
309 1953 543 2008 praecepta
563 1949 646 1993 Dei
668 1950 714 1992 in
735 1954 970 2010 conspectu
997 1951 1091 1993 eius
1110 1953 1227 2003 sunt,
1248 1951 1324 2008 qui
1346 1952 1491 2010 Moysi
1512 1954 1642 1998 ualde

178 2021 310 2062 notus
339 2020 399 2062 sit
428 2022 474 2063 et
503 2019 748 2071 familiaris,
778 2020 824 2062 id
854 2023 932 2070 est,
962 2020 1009 2062 in
1038 2035 1127 2077 quo
1156 2021 1216 2063 sit
1245 2021 1424 2064 claritas
1458 2022 1567 2080 legis
1597 2027 1642 2067 et

176 2088 372 2141 scientia,
405 2091 458 2132 ut
492 2089 663 2147 possint
702 2104 803 2132 eum
844 2090 997 2132 audire
1033 2089 1113 2132 filii
1149 2089 1301 2134 Israel.
1363 2091 1457 2136 Nec
1491 2096 1641 2136 tamen

175 2156 348 2200 licitum
369 2160 436 2201 est
455 2157 610 2201 fauore
634 2172 850 2201 nouorum
878 2158 1077 2202 recedere
1097 2174 1124 2201 a
1150 2160 1365 2217 sanguine
1390 2161 1639 2219 principum

177 2226 337 2283 quibus
356 2227 591 2284 priuilegio
610 2227 789 2270 diuinae
816 2227 1118 2284 promissionis
1138 2231 1184 2271 et
1203 2228 1298 2272 iure
1317 2230 1491 2286 generis
1510 2231 1639 2274 debe-

11 599 19 641 'e

179 2339 224 2366 ιο
246 2328 426 2376 sinagoge
442 2328 498 2366 A:
524 2330 727 2378 sinagogae
744 2329 769 2366 S

226 2436 246 2461 2
272 2427 359 2480 qaia
374 2438 475 2474 quem
490 2432 626 2474 oportet
641 2429 712 2482 etc.
728 2438 737 2464 :
765 2440 797 2482 y.
815 2427 918 2475 Orig.
937 2430 1043 2483 How-t.
1069 2430 1111 2464 in
1131 2429 1211 2466 Lev.
1233 2431 1310 2483 viii..
1324 2440 1358 2475 4,
1378 2439 1396 2476 5
1415 2430 1455 2466 in
1472 2431 1640 2486 versione

178 2471 319 2508 Ruffim
336 2485 432 2519 quae
450 2475 550 2528 apud
564 2475 680 2512 medn
696 2486 778 2512 aen
792 2478 962 2512 auctores
976 2476 1206 2530 iheronymo
1219 2477 1406 2514 attributa
1420 2480 1476 2514 est
1493 2479 1641 2533 (Migne

177 2521 278 2556 Patr.
293 2522 497 2604 {meiibxu'
511 2522 617 2575 469);
644 2523 807 2559 eundem
824 2523 1063 2608 locugnfflatt
1081 2523 1284 2607 Gratiaiznu‘s
1301 2526 1437 2608 Descsqt.
1449 2527 1516 2609 llis
1513 2527 1591 2563 viii.
1608 2538 1640 2585 .¹·

177 2570 418 2651 &sauma
439 2570 906 2671 ssffigdqff‘ffivsggltssuffini
924 2582 1333 2673 (Migiieessari‘rjqcruegi
1350 2585 1640 2669 ῐὶῗεὲμρζἒςῗ

178 2662 343 2699 eundem
377 2661 502 2698 locum
532 2666 629 2700 citat
662 2663 867 2701 Gratianus
898 2667 1036 2702 Decret.
1074 2665 1123 2702 11.
1160 2678 1235 2702 vm.
1269 2677 1299 2703 1.
1329 2679 1360 2703 c.
1395 2669 1448 2704 16.
1599 2681 1640 2714 19

176 2710 322 2746 Mortuo
346 2710 523 2755 Salphaat
554 2713 650 2747 etc.:
680 2723 713 2748 v.
742 2711 853 2748 Num.
883 2712 995 2748 xxvii.
1028 2714 1105 2751 1—6.
1284 2724 1328 2760 23
1354 2718 1557 2753 actionum:
1589 2730 1638 2754 sc.

178 2756 730 2842 ῗύιῐιίηετιιηὲοξξὶὶῌέοτιιῦιιςον.
755 2758 862 2796 Forc.
885 2760 1094 2843 edbde-Vit
1118 2773 1145 2797 s.
1159 2772 1191 2797 v.
1211 2764 1304 2798 actio
1330 2772 1348 2809 5
1367 2775 1376 2803 ;
1409 2764 1510 2800 Thes.
1533 2766 1642 2811 Liny.

251 2815 346 2840 .s.v.
420 2816 434 2839 τ
494 2831 504 2842 .
559 2817 568 2847 ς
628 2816 653 2841 u
698 2817 798 2853 ange
815 2818 925 2844 s.v.a
962 2819 994 2844 w
1016 2817 1045 2844 1.

1469 2891 1532 2926 299
