1994 3190
707 160 1095 232 EN'rnE'rIovs
1656 185 1773 235 3⁸12

172 309 334 354 Omnia
362 311 489 352 tutus
518 307 626 364 agit,
657 320 788 364 quem
818 320 898 349 nec
928 320 1029 363 spes
1058 321 1139 350 nec
1168 307 1304 349 timor
1333 306 1483 364 angit3

229 378 314 422 Oui
343 377 461 420 mala
489 377 614 420 nulla
642 376 831 433 placent,
861 375 1011 418 omnia
1040 379 1168 418 tutus
1198 376 1304 433 agit.

172 531 375 589 Hispana
404 531 578 574 rediens
607 532 688 573 aut
717 529 929 574 Vasconis
958 532 1084 572 utere
1115 529 1281 587 lingua,

231 601 319 644 Sed
348 603 499 644 tamen
529 600 576 642 in
606 599 743 646 uerbo
772 599 873 656 plus
902 598 1142 656 grauitatis
1171 599 1298 643 habe.

136 694 154 728 5
171 670 314 714 Indue
343 670 406 714 sic
434 670 646 727 linguam,
675 669 737 713 sic
765 671 913 711 uestes
942 668 1077 710 indue
1106 668 1266 725 gentis,
1659 674 1688 715 d

231 740 369 783 Salua
398 739 458 782 sit
487 742 540 782 ut
569 753 742 782 morum
772 737 938 795 regula,
968 737 1094 780 salua
1123 737 1246 782 fides.

173 809 369 853 Pendeat
398 824 455 852 ex
484 808 680 851 humeris
709 823 820 851 crux
847 822 995 860 aenea,
1026 807 1085 850 sit
1115 822 1240 850 coma
1272 810 1400 857 tetra,

232 878 424 936 Hispida
453 878 677 928 caesaries,
707 877 846 920 barba
876 877 1015 920 recisa
1044 892 1215 934 parum.

173 947 332 1004 Sitque
360 947 512 1005 grauis
541 947 708 999 uultus,
737 946 829 989 sint
859 945 983 988 frons
1011 945 1213 1003 oculique
1242 946 1403 1003 pudici,

115 1037 158 1062 10
233 1017 523 1074 Insontesque
553 1031 724 1069 manus,
753 1030 923 1073 pauper
946 1015 1135 1059 amictus
1165 1016 1263 1060 erit.

175 1170 295 1214 Dum
325 1170 409 1213 tibi
438 1170 681 1213 conductus
712 1168 862 1222 fuerit,
893 1169 1086 1212 securior
1116 1169 1213 1220 ibis,

234 1240 293 1283 Et
322 1240 398 1283 uia
426 1240 487 1283 sit
515 1240 701 1297 pedibus
730 1239 954 1296 quaelibet
983 1242 1089 1296 apta
1118 1238 1222 1283 tuis.

176 1309 240 1353 At
268 1309 306 1353 si
336 1309 542 1360 defuerit,
571 1309 725 1366 longas
754 1309 968 1367 protende
998 1308 1152 1358 dietas,

234 1379 559 1436 Contineatque
588 1380 720 1437 pedes
750 1379 928 1437 publica
956 1381 1099 1422 strata
1129 1381 1242 1422 tuos.

118 1473 159 1508 15
177 1449 410 1507 Nusquam
440 1450 649 1500 diuertas‚
682 1464 738 1492 ne
768 1449 867 1506 quis
895 1452 941 1492 te
972 1448 1120 1491 laedat
1150 1451 1342 1491 euntem.

237 1519 559 1577 Nugarumque
588 1519 685 1562 luat
713 1519 895 1577 garrula
924 1518 1079 1575 lingua
1109 1521 1250 1562 notas.

179 1589 353 1642 Omnia,
383 1589 421 1631 si
451 1589 604 1640 nescis,
634 1589 728 1632 loca
758 1591 864 1631 sunt
893 1587 1149 1645 plenissima
1172 1588 1317 1645 nugis,

237 1658 437 1712 Quarum
467 1662 564 1702 tota
593 1659 748 1702 cohors
778 1661 846 1701 est
874 1658 1054 1700 inimica
1083 1657 1180 1702 tibi.

181 1728 375 1773 Ecclesia
403 1743 548 1786 nugae
578 1731 780 1786 regnant,
810 1731 855 1771 et
884 1727 1097 1784 principis
1126 1727 1254 1780 aula3

121 1817 164 1842 ιο
240 1797 296 1840 In
325 1797 518 1841 claustro
547 1800 749 1855 regnant,
777 1797 1086 1855 pontificisque
1116 1797 1259 1841 domo.

181 1867 237 1910 In
265 1867 398 1925 nugis
426 1867 580 1918 clerus,
610 1867 658 1909 in
686 1867 819 1924 nugis
848 1866 1005 1909 militis
1035 1880 1167 1918 usus;

239 1937 295 1980 In
324 1937 456 1995 nugis
486 1937 680 1988 iuuenes,
710 1940 891 1994 totaque
921 1936 1055 1979 turba
1082 1951 1251 1979 senum.

182 2006 391 2050 Rusticus
421 2007 468 2049 in
499 2006 642 2064 nugis,
672 2006 719 2048 in
749 2006 880 2064 nugis
909 2021 1042 2049 sexus
1071 2009 1286 2062 uterque;

243 2075 409 2119 Seruus
439 2079 485 2119 et
514 2076 746 2133 ingenuus,
777 2075 914 2126 diues,
944 2090 1121 2133 egenus,
1152 2075 1198 2117 in
1228 2075 1311 2120 his.

126 2164 167 2200 25
184 2145 390 2190 Accelera
418 2160 605 2203 gressus,
634 2149 765 2189 cauto
795 2145 1050 2203 duplomate
1078 2159 1266 2202 pergens

241 2214 314 2258 Ad
343 2230 475 2266 mare,
508 2230 596 2272 quo
626 2215 789 2258 Morini
819 2215 952 2258 litora
981 2218 1135 2258 nostra
1164 2217 1338 2272 petunt.

98 2306 108 2317 ·
186 2283 443 2341 Hospitium
472 2285 653 2327 tandem
682 2299 781 2327 sera
810 2299 910 2328 cum
941 2287 1068 2327 nocte
1099 2283 1280 2336 subibis,

242 2353 305 2396 Vt
333 2353 495 2406 ualeas‚
525 2357 619 2397 esto
649 2348 833 2407 sobrius,
863 2357 958 2397 esto
987 2353 1151 2411 grauis.

152 2503 158 2508 ·
187 2494 209 2530 3
234 2483 416 2531 Hyspana
431 2485 471 2520 M

1671 1803 1752 1851 382
1772 1812 1802 1842 a

241 2613 283 2666 πᾷ
307 2606 444 2659 dietae:
472 2616 506 2642 v.
534 2603 594 2641 Du
615 2603 744 2652 Gange
770 2616 844 2641 s.v.
863 2606 960 2640 dieta
983 2614 1015 2640 2.
1033 2605 1183 2650 Anyliee
1198 2602 1281 2640 ‘Do
1303 2605 1374 2640 not
1390 2602 1547 2650 abridge
1590 2614 1659 2639 our
1722 2614 1726 2620 ·

191 2651 264 2698 day
277 2663 295 2687 s
313 2662 476 2699 Journey
490 2652 542 2699 by
558 2652 664 2688 short
688 2654 770 2688 cuts
784 2651 910 2688 which
934 2651 1061 2698 might
1084 2651 1132 2688 be
1155 2651 1381 2698 dangerous,
1398 2651 1469 2687 but
1493 2651 1564 2687 stic
1616 2653 1659 2687 to

190 2698 258 2734 the
274 2699 405 2735 roads!
575 2707 618 2746 25
644 2700 870 2744 duplomau:
900 2698 1087 2735 ‘codicilli
1112 2698 1177 2744 qui
1202 2699 1346 2734 dantur
1370 2710 1478 2734 cursu
1502 2697 1658 2744 publico

194 2744 392 2782 utentibus
403 2745 414 2760 ’
431 2745 491 2781 Du
508 2744 637 2792 Gange
649 2758 678 2782 s.
691 2758 724 2782 v.
901 2747 948 2783 26
970 2748 1133 2782 Morini:
1163 2758 1196 2782 v.
1213 2745 1314 2781 Plin.
1331 2747 1426 2781 Hist.
1444 2747 1530 2782 Nat.
1547 2746 1595 2781 iv.
1613 2755 1657 2791 23

194 2794 214 2838 §
234 2801 278 2838 37
295 2791 400 2829 alibi.
447 2792 504 2829 ef.
518 2791 702 2830 Camdcn.
718 2793 962 2829 Britannici.
981 2805 1018 2839 p.
1039 2803 1119 2838 221,
1137 2793 1196 2830 ed.
1215 2791 1364 2839 Gough,
1385 2794 1486 2839 1789.

1529 2901 1549 2934 5
