1994 3190
146 188 245 222 GAP.
261 174 395 236 xxv1]
663 173 1068 219 POLICRATIC‘V
1070 173 1103 218 S
1631 185 1717 227 459
1736 187 1766 217 a

145 296 423 340 fortitudinis
462 309 585 338 meae
633 296 678 337 et
717 294 765 336 in
804 294 948 351 gloria
986 293 1179 336 nominis
1218 295 1338 339 mei?
1398 295 1471 339 Sic
1510 310 1615 354 ergo

145 365 348 409 elationis
378 378 484 408 uoce
519 363 567 406 in
599 363 793 420 seipsum
827 362 917 405 iam
948 361 1194 419 fugientem
1230 363 1313 406 Dei
1349 365 1616 408 sententiam

144 434 380 478 reuocauit.

145 547 251 606 Cap.
273 548 340 592 26.
372 545 501 600 Quod
521 545 744 590 sententia
762 544 847 588 Dei
866 544 1045 588 moueri
1059 549 1209 601 potest,
1230 546 1349 602 quod
1373 548 1616 592 consilium

107 639 126 672 5
258 617 344 661 Dei
372 614 660 659 immutabile
685 618 759 666 est,
789 618 828 658 et
855 614 1074 658 uoluntas
1100 614 1186 657 Dei
1209 616 1373 670 prima
1402 618 1617 661 omnium

259 700 409 738 cauea,
429 689 467 730 et
487 685 608 742 quod
627 683 835 728 mathesis
855 683 942 727 uia
960 684 1315 740 dampnationis
1335 689 1405 729 est.

202 772 315 818 Cum
354 772 506 829 itaque
545 770 836 814 immutabilis
870 770 956 814 Dei
995 770 1136 828 possit
1174 771 1344 814 moueri
1383 772 1616 823 sententia,

143 843 388 887 errantium
423 844 468 884 et
502 840 846 884 discurrentium
881 839 1075 882 siderum
1115 854 1259 883 sermo
1298 841 1497 883 manebit
1535 842 1616 884 im·

142 912 347 956 mobilis?
401 910 488 954 Sed
519 924 794 967 quocumque
823 909 955 952 modo
983 909 1206 952 sententia
1239 913 1484 961 moueatur,
1515 925 1616 954 con-

5 978 11 1026 s
86 1002 128 1027 10
143 981 292 1026 silium
329 980 509 1023 Domini
545 982 696 1022 manet
732 979 779 1021 in
815 981 1029 1022 eternum.
1090 978 1219 1032 Quod
1259 983 1409 1030 autem
1444 980 1615 1023 consilii

144 1053 190 1094 et
227 1049 473 1093 uoluntatis
512 1048 596 1091 Dei
635 1048 813 1106 signum
864 1048 1028 1091 certius
1071 1051 1140 1094 est
1184 1049 1492 1106 praeceptione
1536 1052 1616 1092 aut

142 1118 439 1178 prohibitione
469 1118 653 1161 diuina'i
713 1117 786 1160 An
815 1132 906 1160 non
935 1120 1053 1161 recte
1087 1117 1317 1161 uidebitur
1350 1118 1464 1161 uelle
1497 1118 1614 1175 quod
1634 1119 1662 1157 b

141 1188 386 1247 praecipit?
444 1187 580 1230 Plane
608 1187 907 1244 patriarcham
946 1187 1172 1244 praecepit
1202 1187 1484 1244 unigenitum
1515 1202 1615 1244 pro-

141 1258 362 1302 missionis
391 1257 535 1300 filium
566 1256 807 1301 immolare.
866 1256 1058 1300 Rectene
1093 1256 1349 1314 patriarcha
1383 1257 1616 1300 mandanti

86 1347 124 1383 ¹5
142 1327 401 1385 adquieuit'e
461 1326 596 1370 Recte
625 1326 803 1383 quidem
829 1340 909 1383 per
935 1325 1097 1376 omnia,
1124 1340 1175 1369 eo
1206 1326 1323 1383 quod
1353 1326 1616 1369 mandatum

141 1396 399 1447 uoluntatis,
421 1411 533 1453 quae
559 1396 704 1454 prima
723 1395 922 1438 omnium
948 1409 1081 1439 causa
1101 1398 1169 1438 est
1195 1398 1242 1439 et
1267 1410 1510 1452 numquam
1535 1409 1616 1438 suo

141 1465 379 1509 fraudatur
402 1466 571 1516 effectu,
598 1465 893 1509 certissimum
918 1464 1130 1508 indicium
1161 1465 1231 1508 sit.
1292 1465 1417 1508 Adeo
1437 1465 1616 1522 quidem

141 1535 286 1593 prima
313 1538 392 1588 est,
411 1537 464 1578 ut
490 1534 527 1578 si
556 1536 799 1591 quaeratur
822 1534 877 1577 de
904 1534 1064 1591 aliquo,
1086 1549 1165 1578 cur
1191 1535 1257 1578 ita
1283 1535 1354 1586 sit,
1375 1535 1617 1578 rectissime

143 1604 328 1656 dicatur,
363 1603 572 1661 quoniam
613 1603 688 1647 ille
722 1603 784 1646 sic
819 1603 976 1654 uoluit,
1011 1603 1088 1661 qui
1129 1604 1279 1647 omnia
1315 1619 1617 1661 quaecumque

85 1692 127 1717 πο
143 1674 299 1725 uoluit,
314 1673 431 1717 fecit.
477 1672 527 1716 Si
543 1687 650 1716 uero
665 1687 745 1716 cur
759 1672 953 1716 uoluerit
967 1672 1232 1730 inquiratur,
1248 1674 1401 1731 inepta
1415 1674 1616 1731 quaestio

143 1745 221 1795 est,
276 1743 380 1801 quia
428 1742 597 1800 primae
651 1757 820 1793 causae,
864 1742 1112 1786 uoluntatis
1161 1743 1339 1795 scilicet,
1385 1744 1616 1800 quaeritur

141 1826 285 1863 causa,
313 1811 439 1856 cuius
469 1812 594 1854 nulla
622 1815 690 1855 est
719 1812 900 1855 omnino
931 1827 1076 1856 causa.
1139 1812 1356 1870 Equidem
1385 1813 1471 1856 dici
1502 1813 1615 1856 solet

142 1884 188 1925 et
213 1896 369 1925 uerum
398 1884 476 1934 est,
508 1881 613 1938 quia
639 1881 687 1924 in
714 1896 850 1924 manu
874 1881 1089 1939 principis
1117 1884 1185 1925 est
1210 1885 1264 1926 ut
1293 1883 1433 1940 possit
1459 1883 1614 1926 mitius
1632 1894 1657 1924 c

142 1950 337 1994 iudicare
364 1965 497 2008 quam
526 1951 656 2008 legeS,
686 1965 787 1995 cum
820 1954 866 1994 et
897 1951 974 2008 qui
1010 1951 1152 2009 legem
1187 1952 1305 2003 tulit,
1336 1952 1614 2010 derogandae

84 2040 124 2075 ²⁵
143 2020 215 2064 uel
238 2020 517 2078 abrogandae
543 2019 664 2063 illius
690 2020 854 2064 habeat
874 2023 1152 2078 potestatem.
1212 2021 1320 2079 Legi
1341 2036 1459 2080 ergo,
1480 2036 1615 2079 quam

144 2089 328 2147 Figulus
368 2094 473 2132 tuus
511 2088 605 2133 celo
639 2089 840 2147 imponit,
881 2092 1036 2134 auctor
1075 2090 1157 2134 celi
1189 2091 1490 2135 contradicere
1525 2106 1615 2135 non

141 2158 353 2204 audebit‘i
422 2158 740 2216 Interpositam
787 2159 906 2202 inter
952 2160 1022 2203 ius
1066 2163 1113 2203 et
1159 2161 1430 2218 aequitatem
1477 2161 1615 2204 inter-

141 2227 435 2284 pretationem
455 2228 537 2271 soli
556 2228 747 2286 principi
767 2231 814 2272 et
837 2233 1014 2287 oportet
1037 2232 1084 2273 et
1109 2229 1213 2274 licet
1238 2230 1465 2288 inspicere.
1525 2231 1613 2274 Vbi

143 2345 167 2380 4
190 2334 393 2372 concilium
410 2334 435 2372 S
451 2337 493 2372 in
509 2338 608 2391 rubr:
627 2339 839 2420 σαμὸναεί.
985 2346 1003 2385 5
1031 2337 1303 2392 commutabile
1321 2337 1346 2374 S
1362 2340 1404 2375 in
1420 2339 1516 2375 rubr.
1534 2351 1613 2386 cap.

139 2384 261 2429 praef.
401 2384 425 2420 6
449 2383 692 2430 dapnatioms
879 2395 923 2423 21
943 2396 1125 2431 quomam
1142 2386 1182 2422 M

174 2483 215 2527 ‘4
242 2475 341 2517 Quod
355 2477 530 2511 sententia
546 2478 618 2513 etc.
633 2489 642 2512 ε
667 2475 722 2513 De
739 2479 884 2514 consilii
898 2477 975 2514 sive
991 2479 1238 2525 dispoeitionis
1254 2480 1523 2524 sententiaeque
1542 2478 1611 2515 Dei

145 2520 361 2575 discrimine
391 2522 438 2558 ef.
472 2522 650 2560 Nostrum
682 2526 780 2571 Epp.
811 2526 871 2571 96,
901 2534 978 2571 137,
1010 2528 1098 2572 1855
1129 2538 1162 2562 v.
1198 2525 1310 2572 Greg.
1342 2528 1436 2562 Mor.
1464 2526 1538 2562 xvi.
1571 2536 1614 2562 10

172 2578 261 2603 uam
287 2569 382 2604 citat
405 2569 629 2607 Abailardus
652 2573 736 2607 Eth.
761 2583 792 2609 c.
818 2583 862 2619 14
886 2572 958 2616 (ed.
985 2571 1123 2610 eousin
1148 2572 1189 2608 ii.
1215 2586 1253 2620 p.
1279 2574 1388 2619 617);
1419 2573 1467 2609 cf.
1494 2572 1613 2609 etiam

181 2625 258 2661 reg.
276 2616 368 2651 Mor.
386 2615 458 2652 xvi.
478 2627 533 2663 12,
549 2617 614 2654 xii.
631 2629 665 2661 2,
682 2622 722 2655 et
739 2619 785 2655 de
802 2622 944 2656 consilii
960 2620 1278 2657 immutabilitate
1294 2620 1390 2667 Aug.
1412 2622 1514 2667 Conf.
1534 2620 1558 2656 i.
1575 2632 1610 2664 4,

146 2663 190 2696 de
221 2662 294 2698 civ.
319 2663 401 2706 Dei,
428 2674 537 2718 1312
566 2667 794 2709 (sententiam
815 2668 947 2704 tamen
974 2673 1050 2703 tam
1069 2670 1193 2713 fixam
1220 2680 1329 2714 quam
1353 2673 1486 2704 certam
1508 2680 1613 2714 prae-

146 2710 334 2745 scientiam
352 2720 432 2746 esse
447 2709 543 2748 dicit
558 2711 655 2759 Aug.
675 2715 718 2749 de
738 2714 810 2750 Civ.
826 2715 908 2760 Dei,
925 2726 959 2750 x.
979 2725 1034 2751 12.
1184 2725 1234 2768 13.
1247 2717 1502 2761 patriarcham
1517 2718 1589 2752 etc.
1604 2728 1612 2750 :

147 2766 180 2790 v.
198 2755 291 2793 Gen.
307 2755 380 2792 xvi.
493 2768 536 2804 19
558 2761 681 2796 omnia
695 2773 933 2810 quaecumque
949 2763 1020 2799 etc.
1039 2775 1047 2798 :
1068 2761 1127 2800 Ps.
1146 2773 1248 2799 cxm.
1268 2772 1322 2800 11.
1435 2772 1492 2807 27.
1516 2764 1615 2798 inter

148 2804 208 2839 ius
224 2804 320 2840 eta:
343 2802 431 2840 eod.
451 2804 646 2843 Iustinian.
663 2806 689 2844 i.
710 2818 753 2853 14
770 2806 789 2855 ξ
811 2818 841 2844 1.

1370 2890 1376 2897 “
1442 2890 1503 2925 139
