1994 3190
227 230 314 279 569
332 228 362 269 d
710 226 972 272 IOANNIS
1001 188 1516 272 SARESBER1ENSIS
1687 226 1798 286 [mn.
1811 236 1844 272 v

377 348 540 391 similia
559 361 616 390 ex
635 347 853 391 similibus
871 350 1168 406 procreentur.
1227 346 1448 400 Ceterum,
1468 347 1573 405 quia
1591 345 1845 405 praesidum

377 421 424 461 et
461 417 650 460 aliorum
688 417 884 461 iudicum
922 432 1197 462 communem
1231 432 1324 460 esse
1363 417 1677 475 inspectionem
1717 431 1844 474 prae·

378 487 590 536 misimus,
611 486 850 543 aequitatis
876 490 922 530 et
950 487 1151 544 publicae
1181 487 1343 543 quietis
1372 487 1566 531 ministri
1596 490 1713 538 sunt,
1734 500 1845 543 quos

379 558 508 598 tanto
538 555 940 612 circumspectiores
969 558 1015 599 et
1045 555 1263 599 cautiores
1293 557 1467 612 oportet
1496 570 1588 599 esse
1617 555 1846 613 magisque

380 624 601 675 sollicitos,
636 639 723 682 quo
757 625 876 668 illius
906 628 1191 668 reseruantur
1220 624 1426 676 examini,
1455 625 1581 668 euius
1610 623 1848 682 prudentia
1866 638 1885 673 5

380 693 690 737 circumueniri
721 709 811 737 non
844 697 991 751 potest
1025 698 1104 737 aut
1141 694 1316 737 iustitia
1344 694 1587 751 corrumpi3
1627 693 1704 737 illo
1734 692 1848 750 opti-

380 766 526 814 nente,
553 766 607 806 ut
638 763 686 806 in
715 778 803 820 quo
832 763 994 807 iudicio
1024 763 1331 814 iudicauerint,
1361 763 1624 814 iudicentur,
1653 765 1699 806 et
1727 776 1849 805 men·

380 847 530 876 suram
550 833 710 876 bonam
731 836 777 876 et
792 832 1037 876 confertam
1053 836 1099 876 et
1113 833 1382 890 coagitatam
1402 835 1448 876 et
1467 832 1851 890 supereffluentem

381 901 429 943 in
448 901 572 944 sinus
591 916 693 945 suos
711 917 738 944 a
757 902 901 945 iudice
922 902 1039 945 iusto
1059 902 1287 959 recipiant.

235 1035 316 1075 570
336 1034 366 1064 a
383 1015 489 1074 Cap,
514 1030 577 1061 12.
627 1017 691 1060 De
719 1021 998 1061 sacramento
1026 1016 1255 1070 iudicum,
1277 1020 1316 1060 et
1346 1016 1576 1062 collatione
1605 1015 1852 1072 Pitayorae
1871 1034 1912 1059 ιο

498 1090 537 1129 et
577 1085 848 1138 Alexandri,
881 1090 919 1129 et
952 1086 1006 1130 in
1041 1085 1205 1142 quibus
1239 1085 1370 1129 ‘rebus
1401 1086 1606 1143 qratiam
1638 1083 1853 1142 partibus

494 1155 633 1212 possit
650 1155 803 1212 facere
832 1155 984 1208 iudea),
1015 1159 1053 1199 et
1082 1155 1137 1199 de
1167 1154 1502 1212 quaestionibus
1530 1154 1749 1211 captiosis.

443 1240 502 1283 Et
532 1240 710 1296 quidem
739 1240 906 1284 iudices
935 1243 1210 1283 sacramento
1236 1239 1409 1298 legibus
1435 1239 1680 1298 alligantur
1705 1237 1854 1291 iurati,

385 1309 491 1367 quia
516 1309 636 1352 omni
663 1309 793 1352 modo
820 1309 1032 1353 iudicium
1058 1323 1159 1352 cum
1186 1309 1376 1352 ueritate
1403 1311 1449 1352 et
1474 1308 1623 1366 legum
1649 1308 1855 1351 obserua-

384 1379 505 1421 tione
537 1378 783 1434 disponent.
857 1378 1046 1435 Ipsoque
1086 1378 1182 1422 iure
1221 1380 1402 1421 cautum
1440 1384 1507 1420 est
1544 1380 1597 1420 ut
1630 1391 1853 1420 sacrorum
1874 1400 1914 1435 ¹5

386 1447 731 1504 Euangeliorum
762 1447 1007 1504 scripturae
1036 1447 1256 1490 terribiles
1286 1449 1391 1489 ante
1420 1446 1568 1490 sedem
1602 1445 1855 1489 iudicialem

384 1516 666 1573 deponantur
699 1515 849 1572 ibique
883 1515 940 1558 ab
979 1515 1109 1559 initio
1143 1515 1292 1558 litium
1325 1515 1383 1558 ad
1416 1515 1550 1558 finem
1585 1529 1725 1572 usque
1758 1529 1856 1571 per·

384 1588 596 1628 maneant
615 1599 694 1628 nec
715 1587 1008 1629 amoueantur
1028 1584 1114 1628 nisi
1135 1584 1357 1628 sententia
1383 1584 1580 1635 recitata,
1601 1598 1688 1641 quo
1716 1583 1857 1627 totius

385 1654 633 1698 consistorii
663 1653 856 1696 latitudo
885 1653 969 1696 Dei
1003 1653 1143 1710 ipsius
1177 1653 1346 1711 repleta
1371 1653 1622 1710 praesentia
1651 1652 1857 1696 omnibus

387 1723 445 1766 ad
475 1726 774 1767 sacrosanctas
800 1722 1042 1779 scripturas
1071 1726 1239 1766 metum
1268 1722 1459 1766 incutiat
1487 1726 1533 1766 et
1562 1721 1856 1765 reuerentiam
1875 1744 1918 1768 20

388 1797 435 1836 et
468 1792 526 1835 ab
560 1791 846 1848 inquisitione
886 1791 1091 1835 ueritatis
1129 1792 1272 1835 omnis
1311 1791 1524 1849 iniquitas
1563 1790 1857 1848 propulsetur.

340 1869 370 1907 b
389 1861 553 1905 Omnes
583 1875 756 1917 quoque
786 1860 931 1903 carnis
960 1863 1006 1903 et
1040 1860 1269 1918 sanguinis
1304 1860 1460 1918 religio
1494 1859 1725 1904 iudiciaria
1758 1873 1858 1917 pro-

387 1930 514 1988 pellit
533 1930 715 1973 affectus
735 1944 954 1973 euacuans
973 1929 1086 1974 iram
1102 1933 1148 1973 et
1167 1930 1329 1982 odium,
1341 1933 1510 1973 metum
1530 1932 1576 1973 et
1595 1929 1860 1981 amicitiam;

388 2000 505 2057 quia,
525 2003 577 2042 ut
597 1999 662 2042 ait
690 1999 832 2042 Iulius
857 1998 1002 2050 Cesar,
1023 1999 1143 2042 haud
1171 1999 1301 2043 facile
1328 1999 1502 2043 animus
1529 2013 1685 2042 uerum
1711 1998 1859 2056 proui-

388 2069 479 2120 det,
501 2068 576 2110 ubi
599 2068 686 2110 ista
706 2067 954 2124 proficiunt.
1016 2067 1133 2111 Hinc
1154 2072 1221 2111 est
1242 2068 1353 2111 illud
1378 2067 1662 2125 prouerbium
1682 2069 1860 2110 auctore
1879 2090 1920 2125 ²5

390 2137 599 2182 Cicerone
635 2137 754 2194 apud
794 2137 1001 2193 antiquos
1040 2137 1398 2181 celeberrimum:
1450 2137 1589 2180 Exuit
1628 2150 1861 2194 personam

390 2207 547 2251 iudicis
576 2206 775 2264 quisquis
803 2206 991 2250 amicum
1021 2206 1178 2250 induit.
1238 2206 1454 2264 Aequitas
1478 2207 1608 2262 enim,
1628 2206 1699 2250 cui
1726 2205 1862 2249 iudex

389 2276 647 2333 obsequium
698 2275 840 2326 debet,
879 2275 968 2318 odii
1019 2275 1245 2319 sinistram
1296 2280 1376 2319 aut
1420 2275 1583 2319 amoris
1632 2276 1862 2319 dexteram

389 2346 560 2398 nescit;
611 2360 713 2387 nam
759 2359 787 2387 a
827 2344 1016 2387 ueritate
1058 2359 1146 2388 non
1186 2345 1288 2388 licet
1323 2345 1370 2387 in
1414 2344 1588 2388 iudiciis
1627 2344 1862 2388 declinare.

392 2415 455 2458 Vt
482 2429 588 2457 uero
618 2413 858 2472 plurimum
891 2413 1176 2471 indulgeatur
1210 2413 1442 2469 amicitiae,
1470 2413 1610 2457 amico
1638 2413 1862 2457 interdum
1881 2434 1923 2468 30

395 2522 439 2550 ιο
455 2512 665 2596 Χὶειὶιιιςοω
684 2511 708 2547 S
726 2513 766 2547 in
784 2513 900 2547 indice
1067 2511 1111 2549 16
1137 2509 1452 2558 euuangeliorum
1469 2509 1529 2547 AS
1699 2521 1746 2557 24
1768 2510 1865 2549 haut

390 2559 451 2596 ΟΒ
656 2559 701 2595 28
726 2558 899 2595 dextram
919 2557 957 2594 M

440 2661 460 2695 7
487 2653 527 2686 in
630 2652 764 2687 iudicio
781 2652 871 2687 etc:
898 2662 930 2686 v.
945 2649 1056 2687 Matt.
1071 2649 1133 2686 vii.
1145 2659 1178 2695 2,
1191 2649 1277 2687 Luc.
1294 2648 1341 2686 vi.
1356 2650 1414 2695 38.
1551 2659 1591 2696 13
1616 2655 1861 2689 sacr-ammo·

392 2710 423 2736 v.
442 2698 528 2735 Cod.
570 2698 681 2734 nstin
701 2697 879 2742 iii.1.14.
1035 2699 1077 2734 16
1101 2699 1302 2744 scripturae
1321 2699 1416 2734 etc.:
1443 2709 1472 2734 v.
1492 2696 1585 2734 ibid.
1603 2696 1673 2752 §3.
1817 2708 1863 2743 24

393 2747 515 2782 Iulius
531 2747 661 2782 Ceoar:
693 2744 772 2782 Hoc
790 2744 956 2782 Caesaris
974 2746 1117 2782 dictum
1138 2757 1214 2782 non
1234 2745 1399 2799 repperi,
1425 2744 1474 2781 cs.
1492 2744 1646 2781 Catonis
1673 2745 1766 2781 Dm.
1784 2743 1823 2781 ii.

394 2793 602 2838 (Baehrens
625 2794 718 2830 Poe!
738 2794 817 2829 Lae.
835 2794 929 2830 Min.
949 2794 972 2829 i.
991 2803 1083 2839 2233
1114 2792 1163 2830 cf.
1187 2792 1288 2828 infru
1315 2791 1390 2827 viii.
1403 2799 1452 2837 7.
1476 2793 1519 2839 65
1528 2793 1599 2838 ιΛ)
1625 2794 1682 2828 Im
1709 2793 1781 2828 edit
1805 2794 1864 2829 im

391 2843 557 2877 animum
575 2853 619 2876 ne
632 2842 745 2887 pouit
762 2852 901 2877 cernere
918 2852 1054 2876 uer-um.
1200 2841 1246 2877 26
1270 2841 1387 2876 Exuit
1404 2840 1496 2875 etc.:
1502 2793 1599 2877 scio.
1611 2841 1654 2876 do
1689 2838 1756 2886 ff.'
1746 2838 1800 2877 xii.
1821 2849 1864 2878 ιο

394 2887 413 2936 ξ
432 2898 479 2936 ⁴3
497 2887 634 2925 habet:
657 2890 762 2935 ponit
775 2899 970 2935 per-nonam
986 2889 1094 2926 amici
1110 2899 1191 2925 cum
1209 2888 1330 2924 induit
1347 2888 1491 2924 iudicis.

506 2951 569 2985 33⁴
