1994 3190
228 211 345 252 551³

317 944 347 982 b

331 1853 356 1883 C

688 198 950 243 IOANNIS
990 196 1505 242 SARESBERIENSIS
1668 196 1779 259 [mn.
1794 208 1828 239 v

360 320 409 362 in
427 319 624 362 humeris
644 318 874 361 hominum
893 333 1027 362 onera
1045 318 1356 375 importabilia,
1369 333 1481 375 quae
1501 333 1580 362 nec
1599 318 1828 376 superficie

361 388 494 446 digiti
514 388 640 445 tangi
660 388 816 431 solent.
876 387 1074 431 Docebat
1102 387 1219 430 enim
1239 402 1413 430 omnem
1440 387 1624 430 uirtutis
1651 387 1828 430 laudem

361 459 410 501 in
436 458 609 501 actione
636 457 884 507 consistere,
905 471 1164 513 cassumque
1185 471 1278 499 esse
1303 456 1579 514 splendorem
1606 456 1732 500 uerbi
1756 455 1828 499 cui

362 541 452 570 non
467 527 619 570 subest
633 526 832 569 soliditas
852 526 1007 583 operis.
1064 526 1119 568 In
1139 526 1259 569 omni
1280 541 1421 583 opere,
1441 527 1588 583 inquit
1609 525 1829 574 Salomon,

363 596 451 639 erit
479 595 755 638 abundantia
767 610 778 648 ;
808 595 885 638 ubi
916 598 1066 638 autem
1095 595 1233 638 uerba
1262 599 1368 638 sunt
1406 595 1609 652 plurima,
1639 595 1702 637 ibi
1742 593 1830 636 fre·
1849 608 1868 644 5

364 668 552 722 quenter
581 667 765 722 egestas.
827 664 1081 721 Principum
1111 679 1218 707 uero
1249 667 1294 707 et
1328 664 1490 707 ducum
1530 667 1597 707 est
1635 663 1744 706 alios
1783 663 1831 704 in

364 735 440 777 uia
485 749 658 777 morum
707 733 978 791 praecedere,
1027 748 1116 776 non
1165 748 1277 790 quae
1327 732 1530 776 facienda
1578 735 1684 776 sunt
1732 731 1832 775 aliis

365 803 536 846 tumide
556 803 770 846 intonare.
830 802 965 845 Auris
986 802 1171 845 audiens
1192 805 1236 844 et
1256 802 1408 845 oculus
1428 802 1585 845 uidens
1610 801 1832 844 beatifica-

365 873 444 915 bat
473 887 555 915 me.
613 871 920 915 Instrumenta
950 871 1144 928 corporis
1174 871 1400 928 eleganter
1424 871 1652 928 expressit,
1671 870 1833 927 quibus

366 956 519 985 sensus
554 941 726 984 animae
762 941 953 983 maxime
993 940 1283 992 conualescit;
1333 940 1603 983 exteriorum
1642 953 1832 996 namque
1853 958 1896 983 ιο

367 1011 529 1054 notitia
548 1010 663 1053 oculi
684 1012 730 1052 et
749 1010 870 1052 auris
885 1009 1095 1066 obsequio
1109 1009 1362 1052 fidelissime
1378 1010 1541 1052 transit
1555 1009 1613 1052 ad
1628 1009 1834 1060 animam,

368 1085 413 1123 et
432 1079 665 1122 thesauros
683 1078 827 1121 cordis
847 1078 1022 1134 saepius
1046 1077 1200 1135 lingua
1220 1078 1399 1121 incauta
1419 1077 1645 1135 dispergit.
1706 1076 1836 1130 Quod

368 1163 474 1192 uero
494 1148 711 1191 ‘audiens’
724 1150 771 1190 et
786 1154 795 1170 ‘
804 1147 978 1190 uidens’
991 1147 1163 1198 adiecit,
1176 1147 1389 1204 sapientis
1400 1147 1610 1190 iudicium
1624 1146 1837 1204 exprimit

368 1218 497 1260 iuxta
527 1217 664 1260 illud:
694 1217 859 1260 Beatus
889 1217 965 1273 qui
995 1216 1194 1273 loquitur
1222 1217 1270 1259 in
1300 1231 1406 1259 aure
1436 1216 1670 1261 audientis
1731 1215 1836 1259 Non

367 1288 519 1345 itaque
567 1287 868 1330 beatificatum
917 1300 963 1329 se
1003 1286 1112 1329 dicit
1160 1286 1327 1344 linguis
1366 1287 1595 1330 hominum
1635 1300 1748 1344 quae
1786 1285 1835 1328 in
1854 1302 1896 1338 ¹5

368 1357 632 1400 alterutram
663 1359 835 1413 partem
865 1355 938 1398 uel
968 1370 1116 1399 amore
1145 1355 1217 1398 uel
1247 1356 1348 1399 odio
1392 1355 1649 1413 frequenter
1682 1355 1836 1413 impel-

369 1427 535 1470 luntur.
614 1425 788 1469 Sufficit
822 1425 862 1468 ei
902 1425 1206 1468 testimonium
1240 1425 1542 1476 conscientiae,
1577 1425 1837 1482 praesertim

370 1511 470 1539 cum
506 1495 762 1538 roboratum
794 1494 854 1537 sit
886 1494 1050 1537 iudicio
1081 1494 1344 1551 sapientum.
1417 1495 1492 1546 Eo,
1526 1494 1684 1551 inquit,
1719 1493 1838 1551 quod

371 1565 624 1608 liberassem
644 1578 894 1621 pauperem,
911 1563 1142 1620 pupillum,
1159 1567 1204 1607 et
1223 1564 1491 1621 periturum3
1522 1570 1568 1607 et
1586 1564 1837 1608 consolatus

372 1650 470 1678 sum
499 1649 572 1678 cor
601 1634 774 1676 uiduae.
834 1633 890 1676 In
919 1633 990 1676 his
1025 1634 1143 1676 enim
1173 1633 1366 1676 maxime
1404 1634 1661 1691 principalis
1699 1634 1838 1677 claret
1857 1647 1900 1672 πο

373 1703 613 1747 auctoritas
642 1718 753 1760 quae
778 1717 806 1746 a
833 1702 1024 1745 Domino
1043 1702 1254 1746 instituta
1274 1705 1340 1746 est
1359 1703 1417 1746 ad
1445 1703 1631 1746 iniurias
1659 1702 1838 1761 propul-

373 1773 546 1816 sandas.
624 1772 746 1815 Haec
778 1771 958 1828 quidem
994 1775 1100 1815 sunt
1134 1786 1268 1829 opera
1302 1772 1637 1824 misericordiae,
1674 1775 1719 1816 et
1753 1772 1840 1815 erit

374 1857 533 1886 nomen
564 1842 739 1899 agentis
773 1855 824 1884 ea
856 1841 1136 1884 benedictum
1172 1841 1219 1883 in
1253 1841 1412 1884 secula.
1473 1841 1572 1892 Sed,
1603 1856 1658 1885 ne
1687 1841 1841 1885 credas

373 1926 473 1955 eum
523 1910 769 1954 remissiore
816 1910 1050 1953 clementia
1097 1910 1222 1953 uitiis
1272 1910 1502 1954 audaciam
1545 1910 1840 1968 praestitisse:

373 1981 566 2032 Iustitia,
602 1980 759 2036 inquit,
794 1979 978 2022 indutus
1011 1994 1121 2030 sum,
1157 1983 1202 2022 et
1241 1979 1489 2023 diademate
1519 1980 1681 2023 iudicio
1720 1994 1840 2033 meo;
1861 1996 1902 2031 ²5

373 2064 563 2099 causam,
612 2063 745 2106 quam
805 2048 1063 2099 nesciebam,
1113 2048 1450 2106 diligentissime
1504 2049 1842 2107 inuestigabam.

376 2120 566 2177 Oportet
604 2118 722 2161 enim
762 2117 950 2161 iudicem
991 2122 1150 2162 cuncta
1190 2118 1342 2161 rimari
1383 2120 1428 2161 et
1461 2118 1660 2161 ordinem
1694 2133 1842 2161 rerum

378 2189 509 2247 plena
529 2187 813 2245 inquisitione
844 2187 1073 2237 discutere,
1094 2201 1174 2230 nec
1204 2190 1306 2230 ante
1338 2187 1517 2230 obuiare
1548 2187 1678 2230 alicui
1710 2202 1844 2245 quam

377 2273 511 2302 causa
556 2257 616 2300 sit
665 2256 875 2313 legitimis
915 2256 1161 2299 rationibus
1210 2256 1461 2314 plenissime
1502 2256 1703 2300 limitata.
1783 2257 1845 2300 Vt

380 2328 497 2373 enim
531 2326 596 2370 ait
634 2325 816 2376 ethicus,
848 2325 905 2368 ad
945 2324 1232 2382 penitentium
1272 2328 1480 2382 properat
1519 2325 1718 2383 quisquis
1757 2326 1845 2370 cito
1864 2340 1906 2374 30

380 2457 403 2491 4
428 2443 572 2491 nubent]
591 2445 648 2481 eat
666 2443 704 2479 M
859 2451 876 2489 5
903 2441 1170 2479 habundantia
1187 2440 1303 2477 A¹SM
1457 2443 1480 2479 6
1505 2441 1660 2490 dueum]
1679 2442 1845 2480 diuitum

383 2493 420 2529 M
564 2502 608 2528 22
634 2502 751 2568 opera
767 2492 856 2526 sunt
840 2489 912 2526 tM
1057 2499 1102 2534 29
1128 2488 1327 2535 1131111111111
1347 2487 1444 2525 BSM

430 2615 453 2648 ⁴
480 2603 524 2638 In
542 2603 640 2637 omni
652 2612 754 2647 oper-e
766 2601 865 2636 etc.:
892 2598 996 2634 Prov.
1012 2596 1084 2633 xiv.
1098 2607 1153 2641 23.
1299 2598 1319 2633 8
1339 2600 1453 2634 Arma
1471 2600 1563 2635 etc.:
1591 2598 1657 2636 Iob
1675 2598 1775 2636 xxix.
1793 2609 1848 2638 11.

387 2661 430 2695 ¹4
464 2651 596 2686 Beana
623 2650 685 2695 9111·
714 2649 875 2694 loquitur
900 2648 995 2682 etc.:
1041 2645 1083 2679 ln
1115 2644 1184 2680 hoc
1214 2644 1453 2699 proverbium
1483 2645 1575 2682 alibi
1606 2658 1682 2682 non
1717 2646 1847 2684 incidi.

385 2707 429 2742 27
458 2700 597 2743 Oportet
614 2697 709 2730 enim
727 2698 820 2731 ete:
848 2706 878 2729 v.
898 2692 996 2728 Ivon.
1009 2691 1159 2728 Carnot.
1182 2693 1316 2728 Deera.
1331 2691 1376 2728 vi.
1391 2694 1460 2738 316
1479 2693 1625 2740 (Migne
1644 2695 1683 2730 P.
1698 2696 1739 2730 L.
1758 2693 1847 2731 clxi.

415 2746 483 2788 ιο),
509 2745 612 2780 Gmt.
643 2744 773 2779 Decree.
804 2741 851 2777 11.
878 2751 961 2776 xxx.
991 2749 1017 2776 1.
1045 2751 1075 2775 c.
1109 2750 1143 2775 ιι
1176 2738 1446 2793 gbfiedborgi.
1480 2741 1584 2787 ¹¹07)
1611 2752 1656 2778 ex
1686 2741 1848 2788 epistola

387 2755 612 2828 {lleu'therii
623 2802 697 2837 ppa
700 2801 742 2826 ae
769 2789 815 2825 ad
842 2786 989 2824 Galliac
1017 2785 1242 2833 provincias.
1398 2798 1445 2833 30
1459 2789 1614 2824 oehicm:
1644 2789 1749 2826 Publ.
1766 2788 1848 2837 Syr.

387 2839 459 2883 (ed.
481 2802 697 2875 Friedrichp
692 2849 728 2884 p.
748 2839 808 2883 29)
828 2837 886 2872 Aa
898 2835 1155 2882 pamiundum
1169 2839 1342 2880 properat
1359 2837 1427 2871 cieo
1442 2837 1505 2882 qui
1523 2837 1671 2873 iudnsscat

496 2913 559 2947 30²
