1994 3190
261 183 348 224 500
366 184 398 214 a
742 172 1002 217 IOANNIS
1043 172 1556 217 SARESBERIENSIS
1691 170 1804 232 [mn.
1819 181 1882 214 111

414 292 508 335 eius
557 292 814 344 immisceas,
853 307 1008 349 parcas
1056 291 1318 349 sumptibus,
1358 306 1409 335 eo
1454 290 1572 348 quod
1615 293 1882 334 secretorum

413 361 623 412 conscius,
645 362 721 419 qui
741 362 895 406 loculis
915 362 1069 419 parcit,
1089 361 1302 419 diligenti
1320 360 1634 418 patrifamilias
1654 359 1883 417 displicere

413 445 503 473 non
523 433 680 487 potest.
736 430 876 474 Grata
895 433 1001 474 sunt
1020 431 1134 473 uitia
1149 430 1243 473 eius
1264 430 1340 487 qui
1361 429 1689 473 deformitatem
1709 443 1883 472 morum

413 502 673 556 sumptuum
701 500 918 557 parcitate
948 501 1212 556 compensat·
1273 499 1517 556 Optimum,
1540 502 1593 542 ut
1622 499 1688 542 ait
1717 497 1882 548 Cicero,

413 569 452 612 si
472 569 624 620 nescis,
644 569 837 627 uectigal
866 569 1136 626 parsimonia
1162 571 1242 612 est.
1301 569 1464 611 Tenuis
1490 582 1648 626 parcus
1672 567 1883 625 impletur
1899 576 1920 612 ⁵

364 639 394 679 b
415 636 556 688 facile,
586 641 631 681 et
666 637 874 682 facillime
903 639 1161 681 exinanitur
1194 638 1407 695 prodigus
1437 638 1574 682 diues.
1632 638 1748 680 Arca
1777 650 1882 680 sane

413 708 698 765 capacissima
737 707 927 751 fundum
971 708 1118 758 habet,
1158 710 1204 750 et
1242 707 1368 750 breui
1408 707 1535 750 exitu
1573 709 1882 764 congestarum

412 790 629 832 aquarum
665 777 943 834 quantalibet
983 776 1109 833 copia
1140 776 1308 827 defluit,
1343 774 1568 832 fontisque
1607 775 1884 818 abundantia

411 845 588 888 tollitur
633 846 917 889 scaturientis
966 860 1106 888 uenae
1157 845 1431 888 fecunditate
1480 844 1665 887 sublata.
1762 844 1882 886 Exili

410 915 670 973 plerumque
709 918 860 958 meatu
899 915 1119 958 inclusum
1166 914 1307 972 egerit
1353 928 1468 956 urna
1509 913 1736 970 liquorem.
1807 913 1882 957 Sic
1901 927 1944 952 ιο

412 985 724 1028 minutissimis
770 985 878 1027 dum
921 983 1230 1040 frequentibus
1272 985 1318 1026 et
1363 982 1586 1026 continuis
1631 982 1883 1040 sumptibus

411 1054 708 1111 amplissimae
743 1054 1070 1097 exhauriuntur
1103 1067 1218 1109 opes,
1254 1054 1300 1095 et
1338 1051 1542 1095 breuium
1581 1051 1890 1099 subtractione.

411 1124 703 1166 minutiarum
719 1123 916 1166 maxima
931 1122 1153 1165 hereditas
1169 1121 1394 1179 expilatur
1407 1139 1418 1174 3
1430 1121 1524 1165 'nisi
1539 1121 1656 1164 forte
1670 1120 1882 1180 prodigus

411 1194 643 1250 pecuniam
664 1192 865 1235 inueniat
885 1191 1146 1236 rediuiuam.

527 1279 608 1322 Est
638 1280 791 1322 Luxus
820 1278 1057 1336 populator
1086 1292 1231 1335 opum,
1261 1277 1333 1321 cui
1363 1291 1536 1334 semper
1563 1276 1780 1321 adherens
1900 1294 1941 1330 ¹5

527 1337 686 1380 infelix
716 1337 874 1380 humili
904 1351 1058 1394 gressu
1087 1336 1327 1380 comitatur
1357 1336 1554 1393 Egestas.

410 1423 507 1466 Illis
528 1438 633 1481 ergo
652 1422 921 1480 parcendum
941 1425 1019 1474 est,
1040 1437 1227 1479 quorum
1247 1422 1518 1466 necessarius
1537 1422 1740 1465 imminet
1762 1436 1881 1472 usus,

411 1496 457 1535 et
487 1492 655 1549 aliquid
688 1492 967 1535 adiciendum
1007 1494 1075 1534 est
1110 1491 1366 1548 quantitati,
1403 1506 1515 1548 quae
1550 1491 1644 1548 iugi
1683 1490 1880 1548 partium

366 1563 394 1595 0
411 1562 673 1604 deductione
693 1561 913 1605 decrescit.
978 1561 1038 1604 Et
1063 1561 1167 1604 licet
1190 1575 1275 1604 usu
1301 1560 1500 1604 defluant
1522 1559 1722 1604 unciolae
1741 1561 1879 1617 patri-

411 1630 560 1680 monii,
589 1633 768 1687 gratum
799 1633 867 1673 est
896 1630 1101 1687 diligenti
1131 1628 1458 1688 patrifamilias,
1488 1629 1526 1672 si
1556 1629 1629 1672 uel
1657 1629 1878 1673 ratiocinii
1898 1642 1942 1668 ao

411 1699 578 1743 calculo
618 1702 865 1750 teneantur,
900 1700 1104 1757 peritque
1143 1699 1380 1756 dupliciter
1414 1698 1533 1756 quod
1572 1698 1764 1742 elabitur
1801 1712 1877 1742 ne-

413 1768 580 1811 scienti.
640 1768 711 1811 Ad
731 1768 862 1811 haec:
1649 1823 1651 1825 ,

909 1825 1020 1869 lucri
1051 1826 1192 1869 bonus
1223 1828 1291 1869 est
1320 1826 1428 1869 odor
1457 1841 1514 1869 ex
1543 1841 1590 1869 re

530 1883 738 1940 qualibet.
798 1884 883 1927 Illa
913 1887 991 1927 tuo
1020 1884 1242 1927 sententia
1270 1898 1442 1941 semper
1471 1884 1519 1927 in
1549 1899 1623 1927 ore

530 1945 742 1991 uersetur,
772 1942 858 1984 diis
887 1946 1021 1999 atque
1051 1943 1146 1999 ipso
1175 1942 1283 1985 Ioue
1311 1942 1460 1999 digna,
1490 1949 1643 1999 poeta:
1897 1950 1939 1986 ’ὃ

531 1999 657 2042 Vnde
689 2000 851 2043 habeat
880 2000 1054 2057 quaerit
1083 2015 1223 2051 nemo,
1252 2000 1329 2043 sed
1359 2003 1534 2057 oportet
1563 2000 1748 2044 habere!

413 2079 468 2123 In
500 2080 568 2123 his
598 2080 775 2137 quidem
806 2081 973 2123 uersari
999 2084 1066 2124 est
1093 2081 1270 2124 artioris
1300 2082 1471 2138 gratiae
1502 2081 1684 2125 funibus
1711 2082 1880 2127 uincire

412 2149 611 2200 diuitem,
633 2150 734 2193 licet
754 2150 1046 2193 uersibilitate
1067 2150 1234 2207 ingenii
1258 2150 1475 2194 lubricum
1507 2151 1698 2194 Prothea
1717 2152 1880 2197 uincat.

412 2219 506 2262 Aut
537 2218 572 2261 si
605 2218 810 2261 ueritatis
840 2218 988 2262 deficit
1017 2220 1175 2277 gratia,
1204 2219 1275 2263 uel
1306 2219 1529 2263 ulterioris
1560 2220 1881 2265 familiaritatis

413 2287 630 2331 exhibitio
669 2291 853 2331 constat.
933 2288 1142 2332 Ceterum
1190 2289 1293 2333 licet
1333 2292 1571 2346 utrumque
1611 2305 1699 2333 non
1740 2291 1880 2348 possis
1898 2307 1941 2342 30

413 2358 599 2414 assequi,
634 2360 680 2400 et
719 2372 865 2400 rerum
905 2359 1182 2416 priuatarum
1224 2358 1607 2416 participationem
1644 2363 1689 2403 et
1723 2360 1879 2404 calculi

409 2452 431 2487 8
457 2450 719 2487 habundantia
737 2450 851 2487 A‘SM
997 2461 1038 2488 21
1068 2450 1303 2499 duppliciter
1319 2449 1422 2487 ASM
1564 2461 1606 2499 25
1635 2454 1747 2499 poete
1765 2451 1832 2490 SM

458 2548 479 2581 4
502 2539 641 2573 Cicero:
668 2536 733 2573 viz.
752 2539 794 2573 de
813 2538 896 2584 [ἐφ.
918 2536 964 2574 iv.
980 2545 999 2582 7
1021 2536 1038 2583 ξ
1059 2546 1102 2581 7ς
1131 2538 1313 2582 Optimum
1327 2565 1335 2573 .
1351 2565 1359 2574 .
1376 2565 1384 2574 .
1399 2539 1552 2583 uectiqaz
1569 2540 1657 2575 duco
1674 2551 1745 2576 esse
1756 2541 1879 2586 parci-

412 2586 590 2623 moniam:
608 2598 617 2618 ‹
635 2596 703 2620 uae
721 2596 780 2631 ap.
794 2584 955 2621 Nonium
976 2583 1260 2631 Marcellum‚p.
1278 2595 1332 2628 2⁴·
1348 2595 1404 2630 21,
1417 2585 1571 2623 inventa
1589 2586 1715 2623 forsan
1734 2598 1779 2624 ex
1795 2587 1878 2635 ipso

412 2630 603 2667 Ciceronis
637 2631 716 2667 ibro
733 2630 826 2667 citat
846 2632 1001 2667 loannes
1019 2635 1155 2667 noster.
1300 2643 1332 2677 9.
1351 2643 1394 2669 ιο
1417 2635 1521 2669 Exilo·
1534 2636 1743 2681 plerumque
1760 2640 1879 2672 meatu

413 2681 592 2714 {nannum
611 2681 718 2724 tyn-ie
735 2691 831 2715 urna
847 2681 1017 2726 liquonm
1032 2690 1039 2714 :
1068 2678 1199 2715 Nescio
1217 2678 1323 2716 euius
1344 2682 1479 2726 poetae
1498 2693 1623 2718 versus
1640 2681 1878 2720 hexametros

413 2726 531 2763 cium·
558 2726 712 2762 videtur.
861 2736 899 2773 15
927 2727 992 2762 Ee!
1018 2728 1128 2762 luxua
1152 2729 1245 2763 etc.:
1278 2726 1472 2765 Claudiani.
1499 2730 1539 2764 in
1566 2730 1654 2776 Rus.
1682 2728 1705 2765 i.
1736 2738 1792 2776 35,
1820 2730 1877 2776 36.

417 2784 460 2819 19
485 2775 670 2810 unciolae:
698 2773 884 2811 uocabulo
902 2773 1024 2810 utitur
1043 2773 1229 2810 Iuvenalis
1246 2775 1320 2810 Sat.
1340 2773 1362 2810 i.
1380 2785 1436 2819 4ο.
1599 2786 1643 2822 ²3
1669 2778 1761 2813 luem·
1778 2778 1848 2815 etc.
1865 2788 1875 2814 t

413 2821 490 2858 luv.
503 2824 577 2857 sae.
593 2821 664 2859 xiv.
683 2830 809 2867 204-7.
955 2823 998 2859 28
1016 2822 1189 2873 I’qvehea:
1215 2821 1264 2858 cf.
1282 2821 1372 2859 Hor.
1389 2825 1464 2860 Sat.
1486 2833 1517 2860 2.
1535 2832 1567 2870 3.
1586 2832 1643 2869 71.

525 2897 588 2921 210
