1994 3236
859 214 1266 260 PROLEGOMEN
1267 215 1310 259 A

350 330 529 375 Ricardi
556 344 706 388 nepos,
734 330 905 374 Leolini
937 331 1142 388 abnepos,
1170 345 1227 374 ex
1255 331 1464 388 parochia
1493 330 1736 374 lantoniae
1766 330 1814 372 in

349 401 564 445 comitatu
602 399 940 453 Herefordensi3
988 415 1102 458 quae
1139 403 1291 444 tamen
1329 400 1549 444 Lantonia
1590 400 1721 443 hodie
1765 400 1816 444 in

349 473 565 517 comitatu
604 469 928 514 Monumetensi
961 472 1207 527 reputatur.
1267 469 1336 512 Ex
1370 469 1533 513 litteris
1566 469 1814 513 initialibus

350 542 500 599 pulcre
519 540 725 586 coloratis
742 539 979 583 nonnullas
998 539 1186 583 exscidit
1205 539 1351 583 nescio
1366 540 1467 596 quis
1485 540 1616 583 homo
1631 540 1815 583 scelera-

350 615 438 655 tus.
498 611 631 654 Hunc
659 609 863 660 codicem,
883 609 961 666 qui
983 623 1084 652 cum
1114 608 1494 653 Malmesburiensi
1518 608 1612 652 fere
1635 608 1814 652 omnino

349 680 572 732 conuenit,
590 682 769 724 tantum
788 679 847 722 ad
866 693 1029 736 paucos
1047 678 1164 722 locos
1183 679 1361 722 contuli.

410 750 445 793 P
489 749 809 808 (Pontiniacus)
836 767 879 787 =
907 748 1051 792 Schol.
1102 748 1217 792 Med.
1262 748 1673 806 Montepessulanae
1721 747 1815 791 cod.

350 820 445 864 MS.
470 822 541 863 60.
601 819 961 862 Membranaceus
989 832 1097 862 saec.
1122 818 1187 860 xii
1217 821 1297 861 aut
1324 818 1474 875 potius
1501 832 1611 861 saec.
1636 817 1719 861 xiii
1747 817 1814 860 in-

350 890 499 934 euntis
531 891 601 932 est
636 888 775 932 codex
811 888 860 931 in
899 887 1017 931 folio.
1086 888 1345 945 Descriptus
1382 891 1450 931 est
1488 887 1536 930 in
1578 886 1817 943 Gataloyue

355 959 547 1003 Gbneraz
569 959 644 1003 dee
666 958 794 1002 MSS.
815 958 889 1001 des
914 957 1030 1001 Bibl.
1053 956 1200 1008 Pube„
1227 956 1302 1000 des
1330 956 1437 1013 Dap.
1461 956 1571 1000 tomi
1591 956 1619 1007 i,
1639 971 1678 999 a.
1704 957 1815 1011 1849

351 1028 472 1081 editi,
483 1043 525 1086 p.
542 1042 638 1085 309.
698 1027 1026 1071 Policratiaewm
1045 1027 1140 1070 sine
1156 1026 1388 1070 Enthetico
1408 1026 1466 1070 in
1484 1026 1817 1070 Peliam-aticum

351 1098 562 1142 continet.
619 1097 852 1140 Librorum
879 1099 981 1154 post
999 1095 1036 1148 1,
1056 1096 1105 1139 II
1131 1096 1260 1154 longe
1283 1096 1501 1140 recentior
1518 1110 1598 1140 nec
1617 1096 1815 1139 omnium

351 1167 504 1211 eadem
532 1167 754 1224 scriptura
782 1181 875 1209 esse
903 1166 1095 1209 uidetur.
1164 1165 1220 1208 In
1249 1166 1362 1209 fine:
1403 1165 1535 1209 [siber
1562 1179 1638 1209 ece.
1668 1165 1817 1209 ‘marie

351 1235 629 1294 pontiniaci.
678 1235 836 1279 Finito
856 1234 974 1279 libro
992 1235 1249 1278 ‘reddantur
1267 1235 1383 1279 iura
1401 1235 1631 1292 mayietro.
1683 1235 1816 1279 Hunc

352 1320 491 1363 usque
518 1305 577 1348 ad
605 1305 739 1348 finem
768 1305 870 1348 libri
895 1304 944 1347 H
974 1305 1022 1347 in
1050 1304 1318 1348 bibliotheca
1340 1304 1483 1348 Schol.
1509 1304 1624 1349 Med.
1644 1305 1814 1348 Monte·

352 1375 611 1433 pessulanae
650 1374 817 1418 contuli
858 1376 904 1417 et
934 1373 1072 1418 codici
1105 1373 1408 1417 Suessionensi
1441 1388 1541 1417 cum
1573 1374 1683 1418 alias
1717 1377 1814 1417 tum

352 1445 488 1488 etiam
526 1444 669 1501 quoad
710 1444 892 1486 nomina
929 1446 1160 1487 auctorum
1197 1443 1334 1501 (inter
1373 1458 1483 1500 quos
1521 1446 1589 1487 est
1628 1443 1816 1488 Catulus

353 1514 613 1564 Parmensis,
633 1514 687 1556 de
713 1527 801 1570 quo
827 1514 874 1556 in
895 1513 919 1569 ᾧ
938 1524 965 1570 5
997 1512 1132 1570 infra)
1155 1527 1268 1570 quae
1291 1513 1339 1555 in
1366 1513 1566 1571 margine
1592 1513 1817 1571 adscripta

353 1588 471 1634 sunt,
490 1582 764 1626 simillimum
784 1597 878 1625 esse
898 1582 1062 1626 inueni.

412 1652 597 1695 Manent
620 1652 789 1695 codices
817 1651 906 1695 duo
934 1666 1043 1708 quos
1072 1651 1246 1709 inspexi
1275 1654 1464 1704 tantum,
1492 1651 1569 1696 sed
1598 1666 1816 1709 nusquam

353 1722 400 1764 in
421 1724 639 1779 apparatu
658 1721 811 1765 critico
830 1721 1099 1764 conficiendo
1118 1721 1302 1764 adhibui
1318 1738 1387 1765 :—

413 1791 521 1835 Brit.
544 1791 657 1835 Mus.
675 1791 781 1849 Reg.
805 1804 853 1834 12
875 1791 920 1834 F.
938 1791 1017 1833 viii
1037 1791 1175 1834 codex
1195 1805 1304 1834 saec.
1322 1791 1404 1834 xiii
1425 1791 1631 1835 ineuntis.
1675 1791 1814 1835 Manu

354 1860 549 1904 eiusdem
582 1860 759 1911 saeculi,
794 1860 1033 1904 recentiore
1067 1863 1228 1911 tamen,
1262 1863 1363 1918 post
1397 1859 1500 1903 libri
1535 1860 1610 1904 III
1644 1861 1814 1919 capitu—

354 1930 497 1973 lorum
528 1930 744 1974 indicem:
778 1929 910 1973 Liber
939 1929 994 1974 de
1022 1930 1217 1973 claustro
1246 1929 1424 1987 wfferwi
1450 1945 1536 1987 per
1564 1930 1817 1974 Iao-ardum

353 1999 643 2043 monachum.
717 1998 927 2056 Capitula
966 1999 1088 2042 Libri
1124 1999 1148 2042 Ι
1187 1999 1319 2043 aliter
1356 2014 1490 2057 quam
1528 2000 1662 2044 ceteri
1702 2015 1814 2057 quos

355 2068 529 2126 inspexi
549 2068 719 2112 codices
738 2068 953 2126 disposita
971 2068 1119 2114 habet.

414 2138 713 2181 Bibliothecae
741 2138 886 2195 regiae
912 2138 1185 2182 Monacensis
1207 2138 1345 2183 codex
1374 2139 1469 2182 Lat.
1491 2139 1570 2196 631
1600 2140 1815 2183 membra-

355 2222 516 2251 naceus
550 2207 596 2249 in
631 2210 802 2264 quarto,
839 2207 1023 2251 saeculis
1064 2208 1238 2251 xii-xiv
1278 2208 1479 2266 scriptus.
1539 2208 1672 2253 Liber
1710 2209 1816 2253 olim

356 2276 446 2320 fuit
479 2277 534 2319 Η.
566 2276 782 2320 Schedelii
814 2276 926 2319 ciuis
957 2276 1352 2335 Nurembergensis
1383 2277 1459 2335 qui
1496 2278 1608 2322 obiit
1635 2294 1672 2322 a.
1705 2280 1816 2336 1485

355 2346 417 2404 (v.
439 2346 560 2389 Voss.
593 2346 647 2389 de
676 2345 795 2389 Hist.
827 2346 924 2389 Lat.
955 2346 1015 2389 iii.
1047 2348 1073 2389 6
1105 2346 1150 2388 in
1187 2346 1252 2390 ed.
1284 2347 1394 2403 Opp.
1426 2347 1670 2391 Amstelod.
1706 2353 1816 2406 1699

356 2419 388 2460 t.
415 2416 474 2467 iv,
502 2429 543 2472 p.
569 2416 677 2470 1783
712 2414 1023 2472 Doppclmayr,
1057 2415 1176 2459 Hist.
1212 2415 1376 2461 Nachr.
1412 2430 1499 2461 vo‘n
1532 2417 1621 2460 den
1654 2418 1816 2462 Narn-

355 2483 604 2542 beryoechaen
619 2483 879 2527 Kanstler‘n
893 2484 1103 2528 Nuremb.
1125 2495 1247 2542 1730,
1260 2485 1387 2542 p.181
1406 2500 1468 2537 n.;
1498 2485 1664 2539 Zedler,
1688 2486 1818 2532 Vniv.

355 2553 456 2598 Lex.
494 2553 648 2596 xxxiv.
688 2554 791 2596 1061
837 2553 1070 2612 seq.).1n
1110 2553 1419 2598 bibliothecam
1459 2557 1565 2599 tunc
1605 2555 1817 2610 ducalem,

356 2622 486 2667 hodie
515 2626 663 2666 autem
692 2622 867 2679 regiam,
888 2636 926 2667 a.
953 2624 1061 2666 1618
1090 2623 1312 2681 migrauit.
1372 2623 1519 2667 Huius
1546 2624 1653 2668 folia
1674 2627 1812 2683 34-61

355 2695 565 2749 excerpta
583 2706 638 2735 ex
660 2690 931 2735 Polwratico
951 2706 1085 2735 manu
1106 2692 1268 2736 saeculi
1293 2693 1384 2744 xiii,
1405 2693 1450 2735 ni
1473 2692 1614 2745 fallor,
1634 2699 1819 2740 exarata

356 2761 580 2805 exhibent.
642 2760 974 2805 Policratwwm
998 2761 1110 2805 uelle
1140 2761 1283 2805 dicere
1309 2764 1362 2805 de
1386 2762 1660 2818 pluralitate
1687 2764 1819 2809 iudi-

355 2830 537 2878 ciorum
562 2830 772 2888 opinatur
797 2834 1039 2888 excerptor.
1100 2830 1310 2876 Catulum
1339 2831 1617 2876 Parmensem
1636 2833 1710 2892 (de
1731 2849 1818 2892 quo

473 2899 551 2943 xvi
