1994 3190
759 182 1144 228 ENTHETICVS

222 299 425 352 Accedes,
454 300 631 344 uultum
661 301 867 352 mutabis,
894 302 1091 345 mantica
1118 315 1261 360 nugas

281 369 519 422 Excutiat;
557 384 740 428 peregre
769 373 877 414 tunc
906 371 1166 428 peregrinus
1195 374 1280 414 eat.

222 469 326 514 Non
355 474 506 515 tamen
534 471 753 523 ostendas,
782 472 930 516 oculos
959 472 1077 529 quod
1107 471 1320 529 principis
1348 476 1464 522 urat,

279 539 322 582 A
351 555 439 598 quo
467 543 565 584 tota
593 541 678 584 tibi
708 541 806 584 uita
834 541 1040 598 salusque
1070 541 1216 584 datur.

185 625 204 660 5
221 607 271 652 Si
302 608 438 653 facies
466 610 532 652 illi
561 613 642 653 tua
671 610 886 668 displicet,
915 610 1033 653 unde
1062 609 1286 667 placebit?

279 678 388 722 Eius
417 679 465 721 in
495 679 681 723 arbitrio
711 679 868 736 iusque
898 679 1115 736 fauorque
1149 680 1344 722 manent.

221 746 350 801 Quod
379 748 586 806 prohibet
614 748 724 801 fieri,
755 748 896 791 scelus
926 751 1019 800 est;
1059 748 1177 804 quod
1207 747 1434 805 praecipit,
1464 761 1677 804 aequum:

279 817 472 876 Iuraque
501 833 582 876 pro
611 818 775 876 placito
804 821 1014 874 stantque
1044 817 1300 874 caduntque
1331 831 1423 861 suo.

222 886 341 930 Huic
371 887 477 944 quia
506 887 600 930 sola
628 887 784 945 placet,
814 887 908 930 sola
936 886 1108 930 uirtute
1139 886 1343 944 placebis,

161 968 203 994 10
280 956 404 1010 Quae
434 957 518 1000 tibi
548 957 586 1000 si
616 957 744 1009 desit,
775 959 921 1000 cetera
951 959 1111 999 cuncta
1141 959 1313 999 nocent.

220 1024 328 1069 Iura
357 1026 475 1079 colit,
504 1041 657 1084 pacem
687 1026 860 1076 statuit,
891 1026 1140 1082 fundatque
1169 1026 1376 1082 quietem,

278 1094 337 1139 Et
366 1096 561 1139 tumidos
590 1096 739 1139 hostes
769 1099 916 1139 mente
946 1110 1168 1153 manuque
1198 1095 1360 1138 domat.

219 1163 308 1208 Sed
338 1179 417 1208 seu
445 1165 545 1208 iura
573 1170 734 1209 uocent
763 1180 840 1209 seu
871 1164 1082 1208 fulminet
1111 1164 1228 1207 ensis
1261 1165 1308 1207 in
1338 1165 1499 1214 hostes,

277 1234 322 1276 N
324 1249 382 1278 on
410 1235 497 1278 nisi
528 1239 682 1278 sancta
710 1235 839 1292 gerit,
869 1250 959 1278 non
988 1235 1076 1277 nisi
1105 1237 1259 1277 sancta
1288 1234 1461 1291 probat.

161 1313 202 1348 15
219 1301 386 1347 Confer
413 1304 453 1347 ei
484 1319 781 1362 quoscumque
811 1304 955 1354 duces,
985 1318 1282 1361 quoscumque
1312 1306 1538 1360 potentes;

276 1372 405 1416 Plebs
435 1374 522 1417 erit
550 1374 632 1418 hoc
662 1367 759 1417 uiso
789 1374 984 1416 maxima
1014 1374 1147 1417 turba
1176 1374 1349 1416 ducum.

218 1441 269 1486 Si
299 1457 424 1500 reges
453 1443 620 1494 uideas,
646 1444 752 1500 quid
783 1444 840 1486 ad
870 1444 988 1487 hunc
1017 1443 1103 1486 nisi
1135 1443 1300 1486 rustica
1330 1442 1495 1486 turba?

277 1511 337 1555 Et
366 1512 488 1563 bene,
518 1513 556 1556 si
586 1513 674 1556 dici
705 1514 870 1557 rustica
901 1513 1034 1556 turba
1064 1515 1246 1570 queunt.

219 1580 574 1640 Particulamque
604 1583 673 1626 tui
703 1586 1062 1641 praemonstrans
1092 1583 1319 1640 experiere

159 1661 204 1686 ²0
278 1651 402 1706 Quae
431 1656 610 1696 maneat
639 1656 784 1697 totum
814 1653 962 1710 gratia
991 1653 1063 1696 uel
1091 1654 1193 1710 quis
1223 1653 1375 1695 honor.

218 1719 268 1764 Si
298 1721 443 1779 placet
472 1722 591 1773 haec,
620 1725 743 1766 totus
772 1723 938 1780 poteris
968 1722 1156 1766 fortasse
1186 1725 1338 1780 patere
1351 1736 1361 1774 ;

275 1790 363 1834 Sed
393 1792 431 1834 si
461 1792 704 1850 displiceat,
734 1797 880 1836 cetera
909 1793 1064 1837 claude
1095 1795 1212 1851 toga.
1263 1824 1265 1827 .

216 1899 364 1944 Verba
393 1901 632 1945 salutantis
661 1902 752 1946 sint
782 1902 950 1960 prima3
989 1902 1176 1946 subinde
1213 1901 1397 1954 facetus,

275 1970 337 2014 Te
365 1971 493 2014 dabis
522 1971 755 2029 obsequiis,
786 1972 1115 2030 hospitiumque
1145 1975 1280 2029 petes.

157 2046 200 2082 ²⁵
219 2039 322 2084 Non
351 2041 503 2099 grauis
532 2041 690 2099 hospes
720 2042 806 2084 eris
835 2045 1032 2099 potuque
1061 2042 1246 2099 ciboque
1275 2040 1519 2091 uerendus;

275 2109 473 2154 Sufficiet
497 2111 636 2154 uestis
666 2126 755 2154 non
784 2112 979 2168 pretiosa
1009 2112 1104 2155 tibi.

217 2178 320 2222 Non
349 2180 546 2223 oneraris
576 2180 711 2238 equis,
742 2180 906 2224 faleras
935 2195 1015 2224 nec
1039 2181 1181 2238 poscis
1208 2194 1437 2237 equorum,

274 2248 368 2293 Nec
397 2252 445 2293 te
474 2264 703 2293 seruorum
734 2251 860 2308 copia
890 2266 1053 2309 magna
1082 2251 1257 2308 premit.

218 2316 415 2362 Sufficiet
443 2319 516 2362 uel
545 2319 639 2363 sola
669 2319 825 2364 domus
855 2320 1065 2377 uisusque
1095 2319 1287 2377 pat-roni,

153 2395 200 2429 ³0
275 2386 383 2430 Eius
412 2391 458 2431 et
487 2389 680 2446 alloquio
710 2390 979 2447 consilioque
1010 2390 1114 2433 frui.

217 2453 354 2499 Curia
383 2457 491 2514 quid
519 2458 671 2515 possit,
703 2459 810 2516 quid
841 2463 988 2516 speret
1017 2459 1153 2516 plebs,
1183 2458 1260 2501 ubi
1291 2458 1417 2516 regni

274 2525 414 2578 Vires,
444 2541 535 2570 una
564 2527 720 2571 domus
750 2528 844 2572 sola
873 2529 1028 2572 docere
1059 2531 1220 2586 potest.

218 2591 269 2636 Si
298 2593 546 2638 deuelatam
578 2595 735 2639 faciem
761 2598 1091 2650 monstrauerit,
1122 2600 1203 2640 aut
1232 2612 1322 2640 non

277 2661 554 2721 Perstringat
581 2665 729 2708 uisum
759 2667 955 2710 cassibus
984 2667 1059 2710 ille
1089 2670 1230 2710 tuum.

219 2760 264 2796 27
288 2749 480 2790 honeratis
497 2753 522 2790 S

219 2810 678 2875 Wv.
695 2827 854 2866 Forcell.
871 2828 927 2865 ed.
946 2828 992 2864 de
1007 2827 1086 2865 Vit.
1103 2841 1130 2865 s.
1144 2840 1176 2864 v.
1185 2830 1417 2875 praesti-{7190
1432 2828 1481 2865 ad
1499 2828 1592 2865 calc.

1555 2900 1574 2933 3

1706 179 1791 230 380
1811 189 1842 218 a

1704 2178 1776 2227 38¹
1796 2189 1826 2217 a
