1994 3190
675 176 936 222 IOANNIS
979 175 1495 221 SARESBERIENSIS
1665 175 1778 236 [ΗΒ.
1795 187 1816 220 1

345 298 489 354 doque
518 297 743 350 monuisti,
772 313 862 341 non
892 297 1092 341 ascendo.
1167 297 1315 350 Quare
1349 297 1590 340 maioribus
1619 312 1690 340 me
1724 311 1815 340 non

345 368 499 424 ingero
527 367 674 418 curiis,
704 382 804 410 cum
834 367 918 410 tibi
959 366 1186 409 Ysocratis
1217 381 1507 423 responsurus
1537 382 1635 410 sum
1667 367 1817 418 uerbo,

346 437 423 493 qui
443 437 744 494 interrogatus
765 436 822 479 ab
842 436 1005 486 amicis,
1022 450 1158 492 quare
1178 450 1268 478 non
1287 436 1336 478 in
1356 435 1606 480 forensibus
1625 436 1817 494 negotiis

346 509 612 556 uersaretur,
642 505 892 562 respondit3
933 510 942 527 ‘
957 505 1082 558 Quae
1112 505 1233 548 locus
1262 505 1335 548 hic
1363 505 1504 557 callet,
1535 521 1617 564 ego
1645 506 1816 559 nesci03

347 589 461 631 quae
501 590 583 632 ego
613 575 761 626 calleo,
793 575 914 618 locus
946 575 1017 617 hic
1049 574 1212 617 nescit.’
1271 575 1369 632 Ego
1404 575 1522 617 enim
1552 579 1817 632 contempno

348 658 462 700 quae
501 644 567 686 illi
607 644 740 687 aulici
784 644 1000 694 ambiunt,
1039 647 1086 686 01
1133 658 1245 700 quae
1293 658 1374 701 ego
1419 645 1566 688 ambio
1605 645 1672 687 illi
1715 659 1817 688 0011-

347 716 598 770 tempnunt.
658 714 821 755 Mirare
851 713 994 770 magis
1024 728 1160 769 quare
1190 728 1280 756 non
1309 714 1525 771 praecido,
1549 717 1630 757 aut
1658 728 1818 771 rumpo

348 782 514 834 funem,
534 783 572 826 si
592 783 702 826 alias
722 783 835 825 solui
855 797 945 824 non
972 785 1129 839 potest,
1151 783 1227 839 qui
1255 798 1325 826 me
1346 783 1393 825 in
1420 783 1660 826 curialibus
1685 783 1818 841 nugis

347 852 521 895 tamdiu
550 852 698 895 tenuit
730 855 775 894 et
805 855 929 894 tenet
959 852 1104 895 adhuc
1133 854 1287 895 tantae
1316 853 1558 896 obnoxium
1593 852 1816 896 seruituti.

350 921 447 964 Iam
487 922 605 964 enim
642 921 771 964 annis
806 921 900 964 fere
934 921 1165 964 duodecim
1183 925 1419 979 ‚nugatum
1459 937 1552 965 esse
1586 922 1738 965 taedet
1772 924 1819 966 et

309 1011 334 1040 c
351 991 524 1048 penitet
552 1006 623 1034 me
658 992 787 1048 longe
822 991 954 1033 aliter
992 991 1276 1044 institutum3
1316 994 1362 1034 et
1401 992 1528 1048 quasi
1567 991 1820 1035 sacratioris

350 1061 656 1118 philosophiae
702 1061 917 1103 lactatum
963 1060 1174 1104 uberibus
1213 1061 1572 1119 ablactatumque
1611 1061 1820 1104 decuerat

349 1128 407 1171 ad
446 1128 855 1185 philosophantium
902 1127 1114 1170 transisse
1160 1130 1307 1170 cetum
1355 1142 1488 1184 quam
1533 1127 1591 1170 ad
1634 1127 1820 1185 collegia

349 1201 632 1255 nugatorum.
695 1196 753 1239 Et
791 1200 837 1239 te
883 1197 1062 1253 quidem
1102 1197 1245 1240 sentio
1284 1197 1332 1239 in
1375 1196 1528 1240 eadem
1567 1197 1819 1240 conditione

349 1267 532 1319 uersari,
561 1267 647 1309 nisi
679 1267 784 1323 quia
811 1266 973 1310 rectior
1007 1270 1053 1310 et
1086 1267 1359 1324 prudentior,
1388 1267 1427 1309 si
1455 1266 1566 1310 facis
1596 1266 1714 1323 quod
1743 1281 1819 1309 ex·

351 1336 487 1394 pedit,
501 1339 600 1392 stas
622 1351 795 1393 semper
819 1336 1029 1379 immotus
1056 1336 1104 1379 in
1124 1336 1290 1379 solidae
1310 1336 1494 1379 uirtutis
1514 1335 1819 1388 fundamento,

351 1420 432 1449 nec
471 1406 656 1463 agitaris
696 1405 941 1448 arundinea
986 1406 1184 1458 leuitate,
1222 1411 1316 1449 1100
1341 1405 1598 1449 deliciarum
1637 1405 1820 1448 sectaris

351 1475 515 1528 mollia,
547 1475 623 1518 sed
663 1475 761 1532 ipsi,
793 1490 906 1532 quae
940 1476 1108 1519 mundo
1147 1476 1350 1532 imperat,
1381 1475 1571 1532 imperas
1608 1474 1818 1518 uanitati.

352 1545 481 1587 Vnde
514 1559 615 1588 011111
650 1545 734 1587 tibi
773 1545 976 1588 diuersae
1011 1545 1266 1602 prouinciae
1305 1544 1524 1602 congestis
1558 1543 1819 1587 meritarum

351 1614 534 1657 laudum
565 1614 810 1671 praeconiis
840 1615 966 1671 quasi
996 1630 1147 1658 arcum
1178 1615 1354 1672 erigant
1379 1613 1707 1671 triumphalem,
1737 1627 1819 1671 ego

302 1684 424 1729 ·-uir
453 1684 651 1741 plebeius
685 1684 902 1727 stridente
932 1685 1085 1727 fistula
1115 1684 1274 1728 inculti
1309 1683 1471 1740 eloquii
1506 1683 1670 1726 librum
1702 1683 1821 1726 hunc

354 1753 411 1795 ad
441 1754 651 1796 honorem
672 1757 814 1806 tuum,
841 1754 967 1797 uelut
995 1754 1198 1811 lapillum
1227 1754 1275 1796 in
1301 1767 1459 1797 aceruo
1489 1752 1822 1810 praeconiorum

212 1829 292 1881 387
310 1839 340 1869 a
356 1825 535 1865 tuorum
561 1823 751 1875 conieci3
782 1823 923 1866 sciens
949 1823 1055 1880 quia
1081 1824 1198 1867 sicut
1222 1837 1313 1866 non
1340 1822 1476 1866 habet
1503 1821 1621 1865 unde
1647 1821 1823 1879 placeat

353 1907 410 1935 ex
440 1895 688 1943 uenustate‚
719 1892 782 1935 sic
811 1907 867 1935 ex
897 1892 1132 1935 deuotione
1161 1892 1393 1936 scribentis
1422 1906 1511 1935 non
1540 1890 1707 1949 poterit
1735 1890 1823 1934 dis-

351 1961 525 2019 plicere.
597 1962 753 2018 Nugas
782 1976 863 2018 pro
893 1965 1020 2019 parte
1050 1962 1248 2005 continet
1276 1961 1474 2012 curiales,
1502 1963 1550 2004 et
1578 1960 1648 2004 his
1677 1960 1820 2018 magis

352 2031 521 2074 insistit
548 2031 709 2087 quibus
739 2035 925 2088 urgetur
950 2031 1104 2089 magis.
1167 2031 1251 2074 Pro
1281 2034 1408 2088 parte
1438 2033 1587 2073 autem
1617 2033 1823 2073 uersatur

353 2101 399 2143 in
439 2100 640 2157 uestigiis
680 2100 1066 2157 philosophorum3
1107 2100 1214 2157 quid
1255 2100 1302 2143 in
1337 2100 1524 2158 singulis
1559 2099 1822 2156 fugiendum

352 2171 414 2214 sit
439 2174 519 2213 aut
544 2170 815 2227 sequendum
845 2170 1098 2227 relinquens
1127 2171 1314 2214 arbitrio
1343 2170 1569 2228 sapientis.
1632 2170 1690 2213 Et
1717 2169 1823 2227 quia

353 2255 410 2283 ne
440 2240 619 2283 laedant
648 2239 854 2296 aliquem,
884 2254 985 2282 011111
1011 2240 1211 2297 oportuit
1244 2240 1483 2291 conueniri,
1514 2240 1561 2282 in
1592 2254 1679 2296 quo
1708 2238 1822 2282 nihil

354 2309 638 2367 nugatorium
670 2309 811 2365 possit
850 2309 991 2365 argui,
1023 2313 1067 2352 10
1102 2310 1301 2353 uirorum
1334 2313 1510 2352 nostrae
1542 2308 1703 2352 aetatis
1737 2308 1822 2351 ele-

352 2379 664 2437 gantissimum
694 2378 868 2422 deereui
905 2379 1152 2430 conuenire,
1183 2383 1229 2422 01
1259 2394 1371 2436 quae
1406 2378 1618 2422 uidentur
1652 2378 1699 2420 in
1735 2377 1822 2421 mei

353 2521 382 2566 2·
402 2509 572 2546 isocratis
591 2509 615 2545 S
727 2518 743 2555 5
770 2510 973 2544 contemno
992 2506 1016 2543 S
1113 2517 1139 2591 ἰ
1188 2507 1330 2544 roscido
1349 2506 1373 2543 S
1473 2517 1514 2553 ¹3
1539 2506 1824 2555 phylosophan-

353 2560 451 2595 tium
471 2557 508 2593 M
654 2566 699 2592 22
718 2555 830 2593 uelud
849 2555 874 2591 S
1017 2564 1061 2600 27
1087 2567 1113 2601 p
1141 2568 1164 2602 y
1183 2554 1410 2602 onophorum
1428 2554 1483 2591 OS

402 2677 423 2704 2
454 2668 656 2703 Υσοσναείυε
685 2665 850 2702 Mam-ob.
867 2667 942 2701 Sat.
960 2663 1019 2700 vii.
1041 2674 1078 2709 ις
1105 2664 1152 2701 cf.
1169 2664 1314 2700 dictum
1340 2664 1528 2711 quoddam
1547 2663 1704 2711 Epicuri
1722 2663 1823 2702 haud

353 2713 535 2752 dit-imile
553 2726 577 2750 a
607 2740 614 2748 .
634 2714 801 2760 Scn.1¹)p.
821 2722 866 2759 29
884 2712 903 2759 ξ
928 2723 980 2749 ιο.
1131 2722 1172 2748 10
1196 2714 1398 2748 duodecim:
1427 2725 1458 2748 v.
1477 2712 1517 2748 R.
1536 2712 1573 2747 L.
1594 2711 1708 2749 Poole
1727 2714 1823 2749 Dict.

352 2765 397 2810 os
406 2764 542 2798 Notion
597 2762 812 2815 Bioqmphffi
828 2772 857 2798 ι.
870 2772 903 2796 ν.
925 2759 1044 2795 ‘John
1063 2759 1105 2795 os
1119 2758 1342 2807 Saliubury?
1385 2759 1545 2798 Videtur
1562 2762 1690 2797 noster
1705 2770 1826 2797 annon

352 2822 377 2847 a
392 2808 554 2847 concilio
574 2808 748 2846 Romamn
767 2820 799 2845 11.
823 2810 912 2853 1148
930 2819 1154 2844 numerium.

468 2891 507 2926 ¹4

1836 594 1855 627 5

1839 939 1881 963 10

1840 1285 1880 1319 15

1840 1622 1884 1648 20

1841 1975 1883 2010 25

1843 2324 1885 2358 ³0
