1994 3190
149 201 248 234 car.
261 187 364 248 11111]
657 185 1094 230 POLICRATICVS
1631 194 1714 235 48⁹
1729 195 1760 224 c—

149 309 375 367 signorum
403 306 708 351 diuersitatem
738 318 886 347 rerum
914 306 1045 347 cauta
1074 303 1338 347 discretione
1368 302 1618 360 distinguit.

150 378 273 421 Haec
312 376 489 433 quidem
527 374 753 432 generalia
795 376 925 425 sunt;
967 387 1079 429 quae
1120 387 1227 415 uero
1267 376 1373 416 sunt
1411 372 1619 430 specialia

148 446 435 504 singulorum,
455 444 590 487 latius
617 446 783 500 patent.
843 442 947 485 Non
974 446 1126 485 tamen
1152 442 1524 498 praetereundum
1551 443 1620 484 est

147 515 374 572 signorum
413 513 506 556 uim
549 527 630 570 pro
671 511 886 569 qualitate
934 525 1222 568 personarum
1276 511 1491 553 seniorem
1539 513 1620 553 aut

109 601 130 636 5
147 584 367 627 mitiorem
383 597 486 626 esse.
537 581 752 624 Pecuniae
779 580 997 637 siquidem
1023 579 1312 622 contrectatio
1343 580 1442 622 aliis
1467 579 1619 629 letum,

147 653 321 697 tristem
346 652 445 695 aliis
465 654 675 694 euentum
699 650 946 693 denuntiat.
1007 648 1081 693 Sic
1103 663 1158 691 ex
1185 662 1275 691 non
1302 648 1620 704 apparentibus

148 723 291 767 causis
319 722 500 779 inopina
530 720 715 763 Veneris
755 719 1007 776 praesentia
1036 718 1380 761 amaritudinem
1412 717 1619 759 fortunae
1637 720 1665 759 d

148 791 426 849 frequentius
465 790 641 847 ingerit.
715 788 843 832 Vnde
883 788 994 831 illud
1035 787 1261 845 Ysiphiles
1300 787 1619 830 Archemorum

148 861 343 920 lugentis
373 860 643 904 extinctum:

91 955 134 982 ιο
553 939 810 996 Numquam
841 938 1022 995 impune
1051 952 1130 994 per
1159 937 1340 980 umbras

323 998 540 1042 attonitae
570 997 704 1040 michi
735 997 833 1039 uisa
863 996 1024 1039 Venus.

151 1083 201 1128 Si
239 1083 357 1126 enim
396 1097 452 1126 ex
492 1081 690 1138 reliquiis
729 1080 1050 1137 cogitationum
1089 1081 1170 1121 aut
1211 1077 1385 1121 Cereris
1426 1076 1620 1119 Bachiue

150 1153 342 1198 stimulis
389 1151 575 1196 incitata
614 1150 765 1193 Venus
804 1151 1017 1200 occurrat,
1057 1148 1376 1190 insomniorum
1426 1145 1620 1188 uanitati

151 1223 314 1268 rectius
352 1221 660 1279 applicabitur,
697 1233 810 1276 quae
849 1218 999 1261 omnia
1037 1217 1334 1260 coniectorum
1375 1215 1621 1272 disciplina,

93 1298 134 1350 15
151 1291 277 1351 quasi
305 1306 422 1335 uana
450 1289 736 1347 contempnit,
757 1289 886 1331 iuxta
915 1287 1026 1330 illud
1056 1286 1144 1329 uiri
1174 1285 1411 1343 sapientis:

237 1378 420 1422 Somnia
447 1392 504 1420 ne
534 1390 671 1428 cures,
701 1390 806 1418 nam
835 1389 959 1417 mens
989 1373 1186 1416 humana
1216 1371 1333 1429 quod
1363 1374 1502 1428 optat,

160 1456 166 1463 .
237 1437 343 1480 dum
373 1436 545 1493 uigilat,
575 1437 737 1492 sperat,
767 1448 847 1491 per
876 1446 1110 1489 sompnum
1140 1431 1283 1475 cernit
1312 1430 1359 1472 id
1390 1429 1547 1487 ipsum.

151 1521 383 1565 Interdum
394 1523 545 1563 tamen
557 1522 602 1562 et
618 1534 696 1576 per
711 1516 970 1561 antithesim
986 1531 1133 1559 rerum
1147 1514 1370 1572 sequenda
1385 1517 1491 1557 sunt
1505 1513 1620 1556 ueri-

152 1590 261 1635 tatis
286 1589 488 1647 uestigia,
507 1589 623 1632 sicut
649 1602 748 1631 cum
775 1601 937 1665 magno
969 1585 1176 1642 Pompeio
1201 1584 1332 1627 ruina
1359 1583 1622 1633 immineret,
1639 1595 1721 1634 433
1742 1596 1772 1624 a

96 1647 139 1705 ἰο
153 1659 374 1704 contraria
407 1658 517 1701 uisis
550 1657 797 1701 uaticinata
832 1656 967 1712 quies,
998 1655 1275 1710 letitiamque
1305 1653 1441 1705 urbis,
1471 1652 1623 1730 populi

154 1728 443 1787 tripudiantis
477 1726 721 1784 praeconia,
757 1726 1070 1783 plausumque
1085 1723 1252 1767 theatri
1293 1723 1375 1773 sui,
1410 1722 1535 1778 quasi
1578 1736 1624 1764 re

154 1798 292 1842 totius
330 1797 503 1855 imperii
542 1796 654 1839 bene
693 1798 830 1853 gesta,
870 1794 1054 1838 fortuna
1093 1792 1281 1851 perituri
1322 1792 1447 1834 ducis
1487 1790 1625 1834 oculis

155 1867 394 1926 ingerebat.
473 1866 560 1910 Res
600 1879 774 1922 quoque
819 1879 931 1921 quae
971 1863 1116 1920 turpis
1156 1865 1202 1905 et
1242 1862 1430 1904 obscena
1470 1863 1537 1903 est
1577 1860 1623 1901 in

156 1936 396 1994 superficie,
426 1934 760 1978 honestissimae
795 1933 1001 1976 ueritatis
1033 1932 1297 1989 quandoque
1327 1929 1625 1973 substantiam

99 2021 141 2057 ²⁵
157 2005 281 2064 tegit.
361 2005 499 2048 Gaius
550 2003 686 2048 Cesar
731 2004 778 2046 in
824 2003 985 2045 minori
1032 2005 1150 2044 etate
1201 2001 1248 2043 in
1298 2000 1494 2057 sompnis
1540 1999 1624 2041 sibi

156 2075 279 2119 uisus
309 2078 375 2118 est
404 2074 560 2118 matris
589 2074 805 2117 incestare
834 2071 1049 2124 cubicula,
1072 2074 1117 2114 et
1147 2069 1427 2127 turpitudine
1458 2068 1627 2126 soporis

156 2144 384 2194 attonitus,
404 2159 504 2187 cum
534 2158 627 2186 rem
656 2143 713 2186 ad
743 2141 1080 2185 mathematicos
1111 2139 1347 2190 retulisset,
1371 2138 1625 2180 uniuersam

158 2216 321 2258 terram
341 2213 500 2256 ditioni
527 2213 622 2256 eius
646 2211 948 2255 subiciendam
979 2209 1312 2267 responderunt.
1374 2207 1447 2251 Sic
1475 2208 1626 2263 itaque

106 2342 107 2346 Ἰ
157 2283 427 2340 magnanimi
452 2282 540 2325 uiri
567 2297 666 2339 spes
693 2282 750 2324 ad
778 2280 1081 2338 occupandum
1109 2279 1344 2336 imperium
1375 2280 1520 2320 erecta
1548 2279 1626 2319 est.

99 2362 142 2399 30
158 2351 357 2408 Denique
391 2351 448 2394 ad
479 2351 666 2408 speciem
701 2343 810 2394 facti
845 2350 944 2406 quis
977 2349 1086 2391 Vria
1116 2348 1308 2391 iustior?
1349 2347 1449 2404 quis
1478 2346 1627 2388 Dauid

158 2420 341 2476 nequior
385 2424 464 2463 aut
502 2420 720 2463 crudelior
738 2423 753 2462 ?
804 2434 934 2476 quem
974 2419 1104 2462 decor
1154 2417 1370 2460 Bersabee
1420 2416 1478 2458 ad
1526 2430 1627 2472 pro-

161 2521 178 2548 1
206 2510 508 2548 diuersitatatem
526 2511 565 2546 M
696 2521 736 2556 13
762 2510 1067 2565 insompniorum
1086 2509 1159 2545 AM
1285 2509 1327 2543 16
1354 2505 1537 2552 Sompnia
1554 2505 1627 2539 AM

162 2566 205 2602 17
229 2569 402 2594 somnum
419 2557 443 2594 S
588 2568 631 2604 19
653 2558 821 2605 ponpeio
838 2558 867 2594 O
1010 2566 1053 2603 25
1084 2554 1218 2601 Gaius]
1238 2554 1283 2591 G.
1302 2554 1369 2590 MS
1443 2553 1586 2590 somnis
1604 2552 1628 2588 S

119 2636 123 2640 .
161 2613 206 2650 27
230 2604 432 2642 retullisset
448 2605 488 2641 M

211 2696 256 2722 10
278 2687 482 2740 Numquam
497 2688 592 2724 etc.:
620 2685 714 2723 Stat.
734 2687 838 2722 Theb.
855 2698 886 2721 v.
903 2687 984 2728 621,
1003 2686 1085 2722 622.
1188 2684 1230 2720 16
1247 2683 1397 2719 Somnia
1414 2683 1510 2718 etc.:
1537 2681 1629 2717 Cato

162 2733 255 2768 Dist.
279 2731 318 2768 ii.
346 2742 402 2778 31.
622 2744 664 2780 19
688 2746 768 2770 cum
793 2745 923 2778 maqno
948 2736 1019 2769 etc.
1037 2746 1044 2768 :
1071 2744 1102 2767 v.
1130 2731 1219 2769 Luc.
1243 2732 1373 2766 Phara
1401 2729 1462 2765 vii.
1487 2738 1506 2772 7
1527 2740 1627 2773 seqq.

160 2780 464 2874 ἓιΖρΙῑὲιΘαὲαὲιιηαε
480 2781 611 2817 theam
625 2782 708 2818 sui:
735 2792 767 2817 v.
786 2780 875 2817 Luc.
892 2781 1023 2816 Phars.
1043 2779 1067 2815 i.
1090 2789 1167 2824 133.
1355 2788 1402 2822 30
1431 2778 1519 2812 Vria
1536 2777 1630 2812 etc.:

1476 2895 1519 2929 95
