1994 3190
237 196 321 236 433
339 188 371 227 a

338 307 369 346 b

339 1225 364 1254 c

720 184 982 229 IOANNIS
1024 183 1540 229 SARESBERIENSIS
1693 181 1806 244 [ΜΒ.
1820 194 1864 228 11

387 306 603 350 ditionem
659 307 947 351 homicidium
1009 310 1055 350 et
1109 306 1379 350 adulterium
1429 306 1657 350 inuitauit.
1737 305 1865 359 Quae

387 375 566 432 quidem
595 376 745 419 omnia
773 376 1044 420 contrarium
1075 376 1249 420 faciunt
1278 376 1568 428 intellectum,
1598 390 1699 419 cum
1728 374 1861 418 Vrias

385 445 599 496 diabolus,
629 445 778 489 Dauid
818 445 1036 498 Christus,
1071 446 1287 489 Bersabee
1326 449 1605 503 peccatorum
1645 445 1743 488 labe
1783 444 1858 487 de-

385 514 542 558 formis
561 515 742 559 ecclesia
760 516 988 573 figuretur.
1030 516 1255 572 Frequens
1274 519 1425 558 tamen
1440 518 1486 558 et
1506 515 1632 572 quasi
1653 514 1857 573 regulare

384 583 455 627 ius
495 587 574 638 est,
609 588 662 628 ut
695 600 723 628 a
758 585 976 628 similibus
1010 585 1068 628 ad
1103 585 1266 628 similia
1299 587 1499 627 recurrat
1533 583 1854 641 interpretatio.
1874 599 1894 634 5

384 653 551 697 Verum
582 655 695 698 hanc
724 655 958 705 uisionum‚
979 669 1089 711 quas
1119 654 1242 711 quies
1271 654 1455 704 inducit,
1484 653 1748 697 diuisionem
1777 668 1859 710 per

383 724 588 780 opposita
618 739 708 767 non
738 724 835 767 fieri
870 726 1041 767 certum
1073 726 1163 776 est3
1207 738 1307 766 cum
1339 723 1492 766 eadem
1524 737 1605 780 pro
1636 725 1764 780 parte
1795 722 1858 767 sit

382 793 510 843 nisio,
544 793 724 836 aliunde
757 793 995 844 oraculum,
1026 796 1072 836 et
1110 796 1293 850 propter
1327 807 1475 835 rerum
1509 792 1677 850 figuras
1715 792 1856 849 possit

383 862 565 905 somniis
594 863 840 920 aggregari,
870 866 916 905 et
945 862 1177 905 uniuersas
1211 877 1363 905 eorum
1395 862 1560 919 species
1591 861 1856 918 quandoque

381 932 639 989 contingat;
688 932 807 988 quod
853 934 899 975 et
937 932 1147 974 studiosis
1186 931 1507 988 scripturarum
1551 931 1734 988 planum
1775 934 1854 976 est.
1876 949 1919 979 ια

382 1001 506 1044 Visio
535 1002 761 1052 Affricani,
781 1001 1057 1058 Apocalipsis
1087 1001 1287 1058 apostoli,
1308 1001 1509 1044 Danielis
1538 1004 1584 1044 et
1614 1001 1856 1045 Ezechielis

381 1071 572 1122 oracula,
607 1071 778 1114 somnia
813 1071 1056 1114 Pharaonis
1099 1074 1145 1114 et
1185 1071 1346 1128 Ioseph
1386 1085 1538 1114 eorum
1579 1086 1692 1128 quae
1735 1071 1856 1115 dicta

381 1143 488 1183 sunt
519 1140 692 1183 faciunt
725 1140 869 1183 fidem.
941 1140 1145 1183 Personis
1178 1155 1352 1197 quoque
1388 1140 1653 1198 quibusdam
1686 1141 1854 1185 ueritas

383 1209 661 1266 frequentius
722 1210 948 1260 illucescit,
1008 1212 1165 1267 utpote
1225 1211 1518 1267 compositum
1584 1210 1853 1254 habentibus

380 1279 590 1329 animum,
611 1279 721 1322 alias
749 1279 1025 1336 frequentior
1048 1294 1171 1322 error
1200 1279 1404 1322 inuoluit.
1463 1279 1695 1338 Augustus
1715 1279 1852 1324 Cesar
1873 1295 1917 1337 ¹5

379 1363 479 1391 cum
529 1349 742 1391 aduersus
788 1349 1036 1391 Antonium
1086 1349 1378 1392 dimicaturus
1427 1353 1553 1400 esset,
1598 1350 1850 1407 egritudine

378 1418 507 1474 graui
536 1418 741 1460 laborans
761 1418 808 1460 in
829 1418 977 1474 quiete
997 1418 1259 1460 mandatum
1280 1418 1449 1475 accepit
1468 1421 1520 1461 ut
1539 1418 1597 1461 ad
1617 1419 1851 1462 uictoriam

378 1487 662 1543 consequenti
696 1487 766 1530 die
801 1487 969 1544 praelio
1003 1488 1246 1531 interesset.
1322 1488 1477 1531 Paruit
1512 1489 1663 1545 itaque
1697 1489 1858 1533 lectica

378 1556 588 1599 deuectus
609 1557 655 1598 in
677 1557 893 1613 praelium
914 1559 960 1599 et
979 1557 1101 1600 uicit.
1142 1556 1346 1600 Socrates
1365 1557 1450 1600 sibi
1476 1572 1532 1600 ex
1553 1572 1630 1600 ara
1650 1558 1853 1610 Veneris„

379 1641 490 1681 quae
504 1625 767 1669 Academiae
783 1629 890 1677 erat,
905 1626 1023 1669 uidit
1038 1627 1185 1669 offerri
1200 1627 1380 1684 cignum
1400 1626 1560 1670 collum
1581 1627 1849 1671 inserentem
1871 1643 1914 1687 ²⁰.

377 1695 480 1745 celo,
522 1698 664 1738 rostro
713 1698 970 1753 tangentem
1023 1696 1196 1753 sydera,
1242 1697 1468 1754 regionem
1514 1711 1626 1753 quae
1674 1697 1854 1755 Aplane'

378 1765 543 1808 dicitur
572 1767 890 1821 penetrantem,
915 1769 961 1808 et
991 1766 1375 1809 transcendentem
1406 1769 1608 1823 aspectus
1638 1767 1850 1820 omnium,

378 1837 424 1876 et
461 1837 590 1876 tanta
630 1835 750 1877 uocis
791 1836 1034 1878 sonoritate
1079 1838 1124 1878 et
1170 1835 1315 1879 letitia
1349 1838 1580 1879 canentem
1615 1839 1668 1880 ut
1703 1840 1850 1880 totum

377 1904 590 1946 mulceret
635 1904 797 1946 orbem.
877 1904 1090 1961 Sequenti
1132 1905 1203 1948 die
1253 1905 1473 1948 Aristides
1512 1906 1569 1949 ab
1608 1907 1849 1950 Academia

376 1973 613 2029 paruulum
631 1973 771 2015 filium
791 1973 1018 2017 Platonem
1035 1975 1208 2018 Socrati
1228 1975 1393 2018 obtulit
1407 1975 1570 2018 litteris
1591 1979 1636 2019 et
1651 1976 1848 2020 moribus
1869 1991 1911 2034 ²⁵

377 2042 677 2085 imbuendum.
738 2042 836 2095 Quo
856 2043 964 2094 uiso,
985 2044 1146 2087 mentis
1167 2044 1339 2087 uiribus
1363 2059 1419 2087 ex
1445 2045 1638 2102 corporis
1665 2045 1849 2103 disposi-

333 2110 363 2150 d
381 2112 500 2154 tione
521 2112 753 2168 conceptis,
769 2112 854 2155 Hic
875 2116 952 2163 cst,
975 2113 1132 2169 inquit,
1146 2113 1312 2170 cignus,
1327 2128 1456 2170 quem
1478 2117 1629 2158 nostro
1650 2115 1848 2172 Apollini

381 2182 531 2224 Venus
544 2181 806 2224 Academica
826 2183 1110 2225 consecrauit.
1153 2183 1278 2226 Plato
1294 2183 1557 2235 litterarum,
1579 2199 1688 2240 quas
1703 2200 1848 2242 perse-

378 2251 761 2307 ‹111cl›atur‚causa
791 2252 1068 2307 proficiscens
1098 2252 1143 2294 in
1177 2252 1405 2310 Egyptum
1436 2268 1482 2295 se
1509 2268 1534 2295 a
1562 2254 1720 2310 piratis
1749 2255 1847 2313 capi

377 2321 495 2362 intcr
510 2319 703 2362 cundum
722 2323 766 2362 ct
782 2321 1027 2363 uenundari
1047 2322 1186 2374 uidit3
1217 2322 1334 2378 quod
1352 2325 1396 2364 et
1411 2322 1517 2365 dum
1535 2323 1630 2373 iret,
1646 2324 1848 2382 contigit.
1867 2339 1911 2375 30

376 2427 420 2461 27
449 2415 626 2463 Apolloni
647 2416 684 2452 M
830 2427 876 2463 29
903 2418 1075 2464 egiptum
1095 2417 1121 2454 C

430 2516 457 2549 ι,
478 2516 496 2540 2
524 2508 621 2549 Quae
638 2506 779 2550 quidem
797 2506 891 2539 etc-‚z
918 2516 948 2538 v.
962 2503 1055 2547 Aug.
1072 2509 1194 2538 contra
1217 2503 1500 2546 Fatwlwmxxii.
1514 2506 1557 2549 87
1577 2504 1736 2550 (Migne,
1750 2507 1790 2541 P.
1804 2508 1847 2544 L.

376 2552 454 2588 xlii.
478 2562 588 2598 4597:
615 2552 726 2597 (ἶνας.
754 2553 844 2587 Mor.
873 2550 925 2587 iii.
953 2554 996 2586 28
1024 2547 1061 2585 in
1092 2551 1156 2586 Iol»
1182 2550 1219 2586 ii.
1252 2562 1291 2596 ¹3
1321 2551 1475 2597 (Mignc,
1504 2554 1598 2587 111..
1625 2552 1720 2589 lxxv.
1746 2554 1846 2600 626).

381 2611 415 2636 ιι
457 2602 549 2634 Vinio
575 2601 778 2644 Affrn'cnni:
806 2611 867 2648 ap.
893 2598 968 2634 Cic.
995 2601 1181 2634 somnium
1206 2600 1395 2644 Scipionis.
1497 2610 1537 2635 12
1564 2602 1789 2637 Pharaonis:
1814 2613 1846 2638 v.

376 2648 469 2683 (ὅρη.
487 2646 550 2682 xli.
612 2647 757 2691 Iam-ph:
783 2645 1072 2682 v.Gcn.xxxvii.
1186 2655 1224 2692 15
1254 2648 1537 2691 Auglumwcte.:
1566 2659 1595 2684 v,
1612 2648 1691 2684 Val.
1707 2648 1805 2684 Max.
1819 2648 1844 2685 i.

376 2696 427 2740 γᾷ
448 2706 475 2730 ι.
546 2695 586 2729 16
604 2695 822 2729 Antonium:
851 2693 977 2740 potius
992 2694 1169 2735 umnam
1196 2706 1226 2728 v.
1243 2693 1322 2729 Val.
1338 2693 1434 2729 Max.
1449 2694 1470 2729 l.
1490 2707 1521 2731 c.
1619 2705 1661 2740 19
1685 2698 1846 2733 Socrates

374 2745 470 2778 etc:
497 2754 526 2776 v.
543 2741 650 2787 Apul.
671 2743 712 2775 dr
732 2743 852 2783 Doqm.
875 2742 963 2775 l'lae.
985 2741 1006 2775 i.
1031 2752 1057 2776 1.
1150 2743 1193 2776 28
1222 2743 1321 2775 I’Iaro
1339 2744 1434 2776 ota:
1466 2741 1569 2778 llanc
1587 2742 1781 2779 historiam
1799 2743 1844 2780 de

377 2789 546 2843 Plutonia
567 2788 757 2872 ’“T'lmw’
777 2778 1051 2835 discrepantem
1070 2788 1116 2825 ab
1136 2800 1179 2825 ca
1198 2801 1291 2834 quac
1311 2788 1422 2835 vulgo
1441 2789 1613 2834 traditur,
1633 2789 1733 2827 haud
1750 2789 1844 2827 alibi

375 2849 538 2884 reperire
556 2849 603 2883 po
626 2848 675 2873 ul.

485 2900 530 2943 96
