1994 3190
245 199 317 241 513
335 189 366 230 d
710 183 971 229 IOANNIS
1011 183 1525 228 SARESBERIENSIS
1669 181 1779 243 [ms.
1795 194 1847 227 IV

318 330 323 334 ·
378 305 556 363 publica
596 307 642 348 et
679 305 728 347 in
761 305 894 348 terris
933 305 1149 362 quaedam
1188 304 1367 348 diuinae
1405 303 1651 347 maiestatis
1687 303 1848 361 imagO.

378 374 673 418 Proculdubio
718 388 930 431 magnum
980 373 1088 430 quid
1135 373 1314 417 diuinae
1363 373 1548 416 uirtutis
1596 373 1848 416 declaratur

378 444 520 487 inesse
546 443 832 500 principibus,
852 443 959 485 dum
989 443 1190 485 homines
1215 442 1400 486 nutibus
1426 457 1578 485 eorum
1605 442 1717 486 colla
1743 442 1846 485 sub-

378 513 569 556 mittunt
598 515 644 555 et
678 512 819 556 securi
853 512 1112 569 plerumque
1149 511 1372 555 feriendas
1400 512 1614 569 praebent
1644 511 1847 562 ceruices,

240 598 312 638 514
332 598 362 627 a
379 586 425 625 et
459 581 654 639 impulsu
685 581 838 624 diuino
876 581 1061 638 quisque
1094 581 1226 624 timet
1260 581 1421 638 quibus
1454 581 1548 638 ipse
1582 581 1734 624 timori
1768 583 1848 625 est.
1866 596 1885 631 5

379 651 508 704 Quod
544 651 641 694 fieri
675 665 801 708 posse
835 665 925 693 non
955 650 1158 700 arbitror,
1183 650 1270 693 nisi
1306 653 1421 692 nutu
1455 649 1646 694 faciente
1681 649 1848 693 diuino.

379 720 536 764 Omnis
557 720 720 763 etenim
747 722 943 777 potestas
969 734 997 761 a
1022 718 1216 762 Domino
1240 719 1335 762 Deo
1362 722 1441 772 est,
1461 722 1507 762 et
1530 734 1630 762 cum
1655 719 1732 762 illo
1758 718 1850 761 fuit

378 805 562 848 semper,
596 793 642 833 et
673 793 741 833 est
776 793 881 833 ante
916 804 1060 834 euum.
1121 790 1250 843 Quod
1285 790 1425 847 igitur
1458 790 1663 847 princeps
1691 794 1850 847 potest,

380 860 446 903 ita
492 875 520 903 a
558 860 654 903 Deo
693 862 773 912 est,
799 867 853 902 ut
892 862 1089 916 potestas
1128 874 1156 902 a
1194 859 1386 903 Domino
1425 874 1516 903 non
1554 860 1742 911 recedat,
1772 859 1851 903 sed

380 943 433 972 ea
462 930 609 972 utitur
636 943 716 986 per
744 928 1019 985 subpositam
1058 943 1253 980 manum,
1282 929 1329 971 in
1359 929 1564 972 omnibus
1603 929 1850 972 doctrinam
1869 943 1911 969 10

381 998 549 1042 faciens
588 998 847 1042 clementiae
886 1001 966 1040 aut
1000 998 1199 1040 iustitiae
1229 1013 1348 1041 suae.
1421 998 1508 1052 Qui
1544 1013 1648 1056 ergo
1682 999 1852 1043 resistit

380 1067 604 1125 potestati,
625 1067 709 1110 Dei
730 1067 999 1110 ordinationi
1020 1067 1199 1118 resistit,
1218 1081 1354 1124 penes
1372 1082 1503 1124 quem
1523 1071 1591 1115 est
1611 1069 1852 1113 auctoritas

380 1136 636 1180 conferendi
663 1152 760 1180 eam
791 1140 848 1189 et,
867 1151 968 1180 cum
994 1137 1107 1187 uult,
1127 1136 1359 1180 auferendi
1383 1137 1456 1180 uel
1483 1138 1712 1181 minuendi
1742 1154 1852 1183 eam.

381 1206 539 1263 Neque
579 1207 696 1250 enim
735 1207 930 1263 potentis
970 1209 1049 1258 est,
1083 1221 1184 1250 cum
1223 1207 1325 1250 uult
1364 1207 1508 1251 seuire
1547 1207 1595 1251 in
1638 1209 1852 1260 subditos,

380 1276 457 1319 sed
487 1275 666 1318 diuinae
697 1275 1038 1333 dispensationis
1068 1272 1148 1333 pro
1177 1276 1451 1334 beneplacito
1481 1291 1561 1320 suo
1590 1278 1749 1335 punire
1777 1277 1851 1321 uel
1870 1293 1912 1328 1⁵
1990 1294 1994 1299 ⁴

381 1359 583 1388 exercere
622 1345 853 1389 subiectos.
931 1345 1059 1387 Vnde
1099 1348 1145 1388 et
1184 1345 1232 1388 in
1271 1346 1574 1403 persecutione
1614 1347 1852 1390 Hunorum

381 1414 538 1457 Athila
565 1414 866 1472 interrogatus
891 1429 918 1457 a
944 1414 1151 1472 religioso
1175 1415 1405 1458 cuiusdam
1429 1415 1628 1459 ciuitatis
1651 1416 1854 1474 episcopo

333 1491 363 1530 b
382 1484 481 1540 quis
517 1486 642 1534 esset,
673 1498 774 1527 cum
809 1484 1135 1541 respondisset:
1188 1484 1283 1542 Ego
1312 1498 1411 1528 sum
1441 1484 1598 1528 Athila
1626 1486 1852 1543 flagellum

381 1552 492 1605 Dei;
536 1556 775 1596 ueneratus
809 1553 857 1595 in
892 1567 943 1596 eo
978 1552 1047 1607 (ut
1080 1553 1308 1610 scribitur)
1342 1553 1542 1597 diuinam
1574 1555 1852 1599 maiestatem

382 1622 635 1679 episcopus:
683 1622 816 1674 Bene,
845 1622 1004 1679 inquit,
1034 1623 1209 1666 uenerit
1247 1622 1452 1667 minister
1482 1622 1593 1676 Dei;
1637 1626 1683 1667 et
1713 1623 1851 1667 illud:
1870 1639 1916 1665 20

383 1691 648 1735 Benedictus
678 1691 754 1748 qui
784 1691 910 1735 uenit
939 1691 987 1734 in
1017 1692 1194 1735 nomine
1214 1691 1407 1743 Domini,
1430 1692 1709 1751 ingeminans
1737 1708 1852 1737 rese-

382 1761 492 1804 ratis
522 1761 727 1804 ecclesiae
757 1760 929 1804 foribus
957 1765 1281 1818 persecutorem
1317 1762 1510 1815 admisit,
1539 1777 1619 1820 per
1647 1777 1778 1820 quem
1808 1766 1855 1807 et

382 1832 608 1873 assecutus
642 1833 710 1873 est
743 1830 935 1873 martirii
970 1830 1175 1887 palmam.
1235 1831 1482 1889 Flagellum
1523 1831 1640 1875 enim
1672 1831 1855 1876 Domini

383 1898 616 1942 excludere
636 1913 725 1942 non
745 1899 950 1951 audebat,
965 1900 1106 1943 sciens
1127 1900 1232 1956 quia
1247 1900 1434 1944 dilectus
1453 1900 1572 1944 filius
1591 1901 1854 1959 flagellatur,

383 1971 429 2012 et
459 1982 538 2012 nec
568 1968 708 2025 ipsius
737 1968 901 2026 flagelli
932 1983 1025 2012 esse
1058 1968 1143 2011 nisi
1179 1984 1206 2012 a
1241 1969 1433 2013 Domino
1466 1973 1743 2027 potestatem.
1803 1970 1852 2015 Si
1873 1985 1914 2022 τε

383 2038 534 2094 itaque
564 2037 674 2081 adeo
703 2037 969 2081 uenerabilis
999 2040 1067 2081 est
1097 2038 1223 2081 bonis
1253 2040 1450 2095 potestas
1480 2039 1614 2082 etiam
1645 2039 1691 2082 in
1721 2039 1855 2098 plaga

383 2106 633 2157 electorum,
661 2106 761 2163 quis
785 2121 882 2149 cam
912 2122 1001 2151 non
1031 2110 1279 2159 ueneretur,
1307 2123 1419 2165 quae
1450 2124 1477 2152 a
1506 2109 1698 2153 Domino
1727 2110 1854 2154 insti-

385 2178 485 2219 tuta
505 2177 573 2219 est
592 2175 649 2218 ad
670 2174 914 2219 uindictam
935 2176 1283 2227 malefactorum,
1304 2176 1480 2221 laudem
1500 2192 1607 2222 uero
1627 2179 1855 2231 bonorum,

389 2298 404 2326 ι
430 2300 569 2344 ymago
589 2289 627 2325 M
771 2298 791 2334 7
814 2293 895 2335 posi
912 2289 1013 2325 enim
1031 2291 1117 2344 ᾳᾱά.
1136 2289 1309 2328 ordinate
1327 2289 1425 2328 ratio
1443 2291 1645 2338 potestatis
1663 2291 1689 2331 S
1831 2293 1854 2331 8

386 2336 522 2383 igitur]
539 2348 629 2385 ergo
646 2336 678 2372 A
825 2346 868 2374 ιο
892 2339 1123 2383 suppositam
1144 2336 1207 2373 BA

382 2436 490 2481 »iana
523 2433 717 2482 appellatz
750 2445 798 2471 ex
828 2435 956 2471 Polior.
988 2433 1035 2471 iv.
1070 2444 1110 2471 12
1138 2435 1221 2481 (538
1241 2436 1286 2478 n)
1315 2437 1444 2473 tamen
1476 2439 1638 2483 apparet
1666 2437 1856 2477 exstitisse

385 2481 513 2519 nescio
558 2493 643 2518 uam
660 2481 921 2518 definitionem
933 2481 1053 2518 verbis
1066 2481 1125 2519 his
1142 2493 1366 2529 expressam.
1463 2494 1483 2520 2
1506 2486 1744 2523 Proculdubio
1762 2489 1856 2524 etc.=

385 2529 433 2566 cf.
462 2528 539 2565 Sha
566 2540 720 2576 capeat-e
746 2530 891 2565 llamlet
917 2528 962 2565 iv.
990 2539 1020 2577 5.
1053 2540 1116 2575 ¹23
1146 2530 1288 2566 Ther-eo
1310 2532 1397 2567 euch
1420 2532 1575 2579 dn'vn’nt'ty
1599 2534 1682 2569 doch
1703 2534 1811 2581 hodae
1831 2546 1856 2571 a

385 2578 485 2623 kffny.
508 2577 599 2612 Thoe
615 2582 755 2614 ereum
772 2589 840 2613 can
858 2578 919 2612 bue
933 2589 1021 2623 peep
1037 2581 1071 2613 to
1089 2578 1182 2612 what
1200 2580 1228 2613 it
1246 2580 1372 2615 umuld.
1517 2589 1537 2625 7
1566 2582 1691 2617 Omnis
1706 2582 1799 2618 etex
1823 2593 1856 2619 v.

388 2623 494 2661 Rom.
512 2623 589 2660 xiii.
612 2634 639 2661 1.
765 2634 801 2661 ιι
835 2626 904 2668 Qui
923 2626 1053 2659 minu
1071 2627 1142 2661 etc.
1163 2637 1171 2661 :
1198 2624 1302 2661 Rom.
1321 2625 1401 2662 xiii.
1419 2637 1451 2663 2.
1575 2629 1616 2665 16
1648 2629 1746 2664 Vnde
1761 2630 1854 2666 etna

388 2671 496 2708 Hanc
514 2670 712 2708 historiam
732 2683 782 2707 nu
830 2683 916 2707 uum
935 2670 1027 2707 alibi
1045 2671 1214 2708 inveniro
1233 2673 1361 2719 potui:
1400 2672 1435 2710 S.
1455 2674 1603 2721 Lupum
1619 2674 1855 2720 Treconsem,

387 2718 434 2755 dc
470 2730 545 2765 quo
580 2730 636 2755 ren
670 2718 770 2755 haud
838 2718 1003 2755 insimilis
1044 2722 1230 2763 narratur,
1269 2720 1441 2768 martyrii
1481 2721 1649 2769 palmam
1689 2734 1767 2760 nou
1803 2734 1856 2760 as·

386 2769 556 2803 secutum
590 2778 667 2803 cm
698 2769 868 2808 constat:
901 2778 933 2803 v.
963 2769 1054 2802 Acta
1086 2768 1148 2804 SS.
1180 2767 1248 2804 Iul.
1279 2778 1325 2814 29
1359 2768 1435 2811 (vii.
1467 2771 1523 2814 78,
1559 2771 1632 2815 82).
1810 2780 1856 2815 24

385 2815 654 2859 damnem-'uu
666 2816 736 2851 otc.
751 2827 759 2851 ε
783 2826 814 2851 v.
828 2812 922 2851 nob.
940 2813 1005 2853 xii.
1024 2815 1058 2851 6.
1153 2816 1198 2852 28
1224 2817 1273 2852 ad
1288 2818 1489 2853 uindictam
1505 2818 1596 2856 eto.:
1620 2827 1633 2855 ι
1651 2816 1730 2855 Pet.
1743 2817 1781 2856 ii.
1801 2827 1854 2863 14.

500 2884 564 2927 ²36
