1994 3190
200 194 298 250 cAP.
312 180 416 242 x1v]
708 178 1145 224 POLICRATICVS
1684 188 1766 230 507
1785 190 1816 220 a

198 301 488 360 applaudunt,
513 300 611 358 rapi
638 299 794 343 feceris
820 299 878 342 ad
905 301 1138 342 tormenta.
1199 299 1309 352 Quis
1338 300 1456 343 enim
1486 300 1668 343 deorum

200 372 239 417 ei
260 373 423 429 parcat,
443 385 471 412 a
491 384 579 426 quo
598 383 645 412 se
665 368 898 424 deceptum
919 367 976 409 iri
1001 367 1245 424 intelligit?
1290 369 1401 421 Quis
1421 384 1510 412 non
1526 370 1670 411 irruat
1686 370 1716 408 b

199 441 247 483 in
266 454 366 482 eum
383 438 459 496 qui
480 451 636 480 aureos
656 436 778 479 Iouis
793 436 942 479 oeulos
957 436 1075 478 eruit
1091 439 1171 478 aut
1191 441 1376 494 argento
1397 439 1670 495 gemmisque

199 508 387 552 sublatis
415 507 597 550 Vestam
629 506 793 548 nititur
823 507 1061 548 excecare?
1123 505 1234 557 Quis
1258 506 1312 548 de
1341 507 1499 550 Martis
1526 508 1671 564 capite

162 596 182 629 5
199 577 536 622 adamantinum
563 576 713 619 lumen
743 574 925 631 impune
955 574 1203 616 temerariis
1233 575 1386 617 effodit
1416 577 1672 633 unguibus?

199 648 372 704 Nempe
402 646 506 689 deos
536 644 782 688 inuisibiles
813 646 858 687 et
887 643 1159 686 immortales
1188 644 1504 687 circumuenire
1535 649 1579 688 et
1610 646 1674 688 eis

199 716 402 760 fallaciae
421 729 578 773 parare
598 714 783 757 insidias
802 713 1022 770 grauioris
1041 713 1196 769 culpae
1217 716 1296 765 est,
1317 728 1368 756 eo
1389 715 1505 770 quod
1528 715 1583 757 ab
1604 716 1674 757 his

199 785 445 830 uisibilium
465 785 647 828 deorum
664 783 834 826 fabrica
849 785 1128 825 sustentatur
1143 785 1188 824 et
1203 782 1385 839 regitur,
1398 786 1443 825 et
1464 784 1674 826 honorem

201 858 279 899 aut
310 856 613 911 contemptum
645 852 721 910 qui
756 852 855 895 istis
891 851 1138 902 exhibetur,
1170 851 1235 894 illi
1269 855 1565 896 remunerant.
1627 852 1675 894 Si

144 943 186 969 1ο
202 925 322 983 sapis
341 939 456 982 ergo,
476 923 691 980 Auguste,
712 922 759 964 in
779 921 961 965 deorum
983 921 1131 963 hostes
1151 921 1365 978 insurges,
1386 925 1431 963 et
1451 925 1507 971 te,
1528 922 1565 964 si
1586 936 1676 964 non

202 995 346 1045 deum,
378 993 495 1051 quod
534 1006 814 1049 nequaquam
854 1005 911 1041 ee,
953 990 1025 1033 uel
1065 990 1247 1033 deorum
1287 994 1333 1033 te
1373 991 1548 1034 docebis
1583 1006 1676 1034 esse

202 1064 428 1116 cultorem,
462 1062 500 1106 si
539 1062 792 1118 deceptores
832 1060 941 1103 istos
981 1060 1360 1119 exterminaueris,
1399 1064 1677 1104 excecatores

203 1137 316 1184 tuos,
335 1133 517 1176 deorum
537 1134 872 1187 contemptores,
893 1132 938 1172 et
965 1133 1254 1186 utrorumque
1274 1130 1482 1172 iniuriam
1505 1130 1675 1187 punias.

205 1202 328 1246 Haec
349 1201 576 1246 Caecilius.
637 1200 789 1243 Factio
810 1202 960 1242 tamen
980 1199 1261 1242 adulatorum
1277 1199 1542 1256 praeualuit,
1559 1199 1677 1256 quod

147 1287 186 1322 1⁵
206 1275 252 1316 et
283 1270 583 1329 praesentium
614 1283 763 1312 rerum
797 1268 994 1312 declarat
1025 1271 1182 1312 status.
1260 1268 1384 1311 Adeo
1417 1269 1595 1326 quidem
1626 1273 1677 1312 ut
1696 1275 1721 1305 C

205 1341 243 1385 si
282 1340 382 1398 quis
420 1339 701 1397 popularium
743 1338 985 1381 modestiae
1031 1338 1230 1381 conscius
1274 1339 1586 1381 assentationis
1634 1343 1679 1382 et

203 1409 487 1454 scurrilitatis
516 1409 630 1452 uitio
658 1407 896 1452 crediderit
926 1407 1276 1464 temperandum,
1306 1408 1447 1451 hostis
1483 1408 1679 1451 felicium

203 1482 435 1525 censeatur
454 1481 534 1522 aut
554 1478 744 1521 inuidus.
796 1477 960 1520 Eorum
977 1477 1194 1534 siquidem
1215 1492 1344 1521 aures
1363 1481 1542 1520 tenerae
1562 1482 1680 1528 sunt,

205 1552 251 1593 et
269 1550 360 1592 iam
380 1547 710 1592 obsurduerunt
730 1561 836 1590 uero
857 1549 902 1589 et
923 1546 1122 1604 linguam
1143 1547 1407 1590 seueriorem
1428 1547 1523 1590 sine
1543 1548 1680 1590 offen-

146 1637 188 1663 ao
205 1619 326 1663 sione
345 1617 610 1676 grauissima
630 1631 718 1660 non
739 1616 997 1659 admittunt.
1058 1615 1112 1658 In
1128 1631 1215 1673 quo
1231 1620 1447 1673 quantum
1464 1632 1490 1659 a
1511 1617 1682 1660 uirtute

205 1688 422 1737 maiorum
454 1690 549 1730 etas
581 1690 735 1730 nostra
768 1686 1117 1743 degenerauerit,
1150 1686 1431 1743 perspicuum
1468 1691 1547 1737 est,
1580 1702 1682 1730 cum

205 1758 300 1803 sine
332 1757 550 1816 patientia
588 1759 669 1800 aut
709 1756 882 1799 nullum
922 1758 1002 1798 aut
1034 1770 1183 1798 rarum
1219 1770 1312 1799 esse
1347 1770 1458 1813 opus
1498 1757 1683 1800 uirtutis

205 1828 354 1873 uerbis
373 1826 603 1871 docuerint
627 1829 673 1870 et
697 1826 921 1883 exemplis.
982 1825 1109 1868 Vnde
1135 1828 1180 1868 et
1207 1825 1464 1883 Aristippus
1493 1841 1520 1868 a
1547 1826 1682 1869 male-

259 1964 275 1992 1
315 1955 404 1999 Quis
439 1954 536 1989 enim
567 1954 716 1988 deorum
750 1952 847 1988 etc.:
897 1950 1013 1986 Plane
1046 1949 1240 1996 scriptoris
1280 1946 1426 1987 ethnici
1458 1953 1549 1987 sunt
1583 1963 1683 2005 quae

207 1997 1445 2100 “tzfflz’tffldffiffffiss1P32¹251z1¹5⁹ffi32⁵342¹122⁰¹ed2¹¹325t2⁰
1467 1998 1684 2083 Ξὲωἰῗὲἕέξ

208 2095 457 2134 adamantino
473 2094 619 2131 lumine
637 2092 781 2130 discere
798 2093 927 2140 potuit
944 2092 1089 2129 Noster.
1282 2103 1326 2138 23
1351 2095 1569 2139 Aristippus
1585 2096 1683 2131 etc.:

209 2156 243 2181 v.
267 2143 470 2180 Woelfflin.
497 2144 596 2180 Gaea.
621 2143 725 2177 Balb.
756 2153 821 2188 pp.
849 2150 879 2186 7,
911 2150 965 2186 15,
991 2150 1047 2185 31.
1114 2139 1219 2176 Idem
1245 2140 1433 2187 Aristippi
1463 2152 1683 2196 responsum

210 2190 330 2229 refert
355 2190 464 2235 Diog.
487 2189 610 2226 Laert.
633 2188 670 2224 ii
689 2190 710 2224 8
727 2187 746 2235 ξ
763 2197 830 2233 7o;
856 2188 962 2224 cuius
984 2187 1074 2223 libri
1092 2187 1312 2232 versionem,
1330 2200 1404 2234 qua
1428 2188 1471 2223 in
1495 2200 1590 2225 saec.
1616 2189 1684 2224 xiii

210 2237 267 2275 usi
289 2239 379 2274 sunt
395 2202 608 2275 Hieremias
632 2236 752 2272 Iudex
770 2238 810 2272 et
827 2235 1021 2272 Walterus
1039 2235 1189 2281 Burley,
1207 2235 1334 2271 Nostri
1354 2237 1589 2282 temporibus
1608 2248 1684 2272 non

211 2285 396 2323 exstitisse
414 2285 476 2321 sed
493 2284 542 2320 ab
555 2283 715 2320 Euerico
726 2282 800 2319 sive
818 2282 982 2318 Henrico
995 2282 1141 2336 Aristip
1170 2295 1192 2319 ο
1203 2282 1469 2319 archidiacono
1481 2282 1686 2320 catanensi

212 2331 356 2370 factam
385 2343 463 2369 esse
487 2331 578 2368 satis
603 2330 853 2377 probabiliter
878 2329 1040 2366 coniecit
1065 2330 1109 2366 V.
1175 2341 1235 2366 ose
1261 2332 1331 2366 Die
1355 2333 1473 2366 Lacke
1499 2334 1550 2366 im
1578 2334 1684 2377 Dioq.

212 2381 331 2416 Laert.
346 2381 424 2415 und
441 2381 506 2415 der
518 2381 600 2414 Alte
623 2380 840 2414 Uebersetzer
855 2377 1058 2419 (Her-mesi.
1076 2390 1112 2423 p.
1127 2378 1224 2424 387),
1235 2377 1301 2413 ubi
1317 2377 1433 2414 istum
1447 2378 1685 2425 Aristippum

213 2427 373 2464 eundem
390 2437 467 2462 esse
485 2425 714 2480 suspicatur.
712 2425 771 2461 vir
793 2425 1032 2461 doctissimus
1050 2433 1129 2479 (pp.
1149 2435 1231 2471 379
1251 2428 1348 2471 380)
1368 2437 1481 2471 quem
1508 2429 1686 2462 Graecum

213 2476 440 2519 interpretem
455 2473 626 2528 appellat
643 2475 682 2511 et
703 2472 745 2509 in
766 2472 908 2518 Apulia
931 2472 1077 2508 audivit
1101 2472 1181 2519 ipse
1204 2472 1367 2509 Ioannes
1390 2472 1686 2510 Saresberiensis

215 2522 264 2576 (v.
283 2521 447 2574 Metazoq.
465 2519 488 2556 i.
510 2529 564 2566 15,
585 2519 639 2557 iii.
660 2520 709 2567 5).
749 2520 875 2556 Hicin
895 2520 974 2557 cod.
986 2519 1203 2566 Pmargine
1220 2531 1243 2556 a
1260 2519 1490 2574 bibliopegis
1505 2521 1686 2558 mutilata

214 2567 343 2605 inveni
371 2566 554 2614 scriptum
579 2573 819 2613 -trateyemma
845 2569 916 2603 -ica
947 2569 1243 2621 philosophorum
1271 2567 1310 2603 id
1340 2572 1406 2610 est,
1435 2571 1479 2604 ut
1505 2568 1684 2615 suspicor,

214 2616 533 2668 strategemmatioa
552 2615 871 2670 philosophorum3
898 2614 1029 2660 itaque
1058 2614 1264 2652 verisimile
1297 2618 1355 2652 est
1380 2596 1519 2651 librum
1549 2616 1687 2662 (qualis

217 2663 274 2700 est
311 2660 492 2716 Diogenis
527 2660 670 2697 Laertii
709 2661 876 2716 farrago)
910 2662 957 2698 de
991 2662 1104 2698 factis
1142 2664 1181 2698 et
1219 2661 1333 2698 dictis
1373 2629 1685 2709 philosophorum

215 2707 523 2746 memorabilibus
554 2707 647 2744 olim
682 2708 885 2752 exstitisse,
915 2709 973 2744 ita
1007 2711 1270 2755 nuncupatum
1308 2710 1399 2756 quia
1439 2711 1597 2748 eandem
1637 2711 1686 2746 ad

217 2755 463 2839 philotsophos
490 2754 678 2792 rationem
705 2755 842 2792 habuit
867 2767 980 2802 quam
1009 2757 1074 2792 ad
1064 2757 1329 2804 imperatores
1355 2757 1529 2794 Frontini
1557 2760 1688 2794 Strate-

216 2816 319 2850 yema
335 2815 391 2839 wa

1515 2885 1579 2917 223
