1994 3190
222 189 323 223 aar.
338 177 442 238 ΧΠ]
729 177 1168 222 POLIORATICVS
1707 178 1793 226 506
1813 186 1839 216 c

221 313 312 342 non
334 298 509 356 proficit
537 298 659 349 scire,
685 297 764 340 ubi
793 298 945 340 Venus
974 300 1177 340 mutatur
1203 298 1251 340 in
1275 298 1461 341 alteram
1486 297 1689 350 formam,

221 367 300 410 ubi
331 381 455 410 amor
486 367 716 423 quaeritur
750 369 796 408 et
826 381 916 408 non
950 366 1191 418 inuenitur,
1225 366 1427 410 iubemus
1461 367 1690 424 insurgere

221 435 351 493 leges,
390 435 554 478 armari
593 435 703 488 iura,
743 437 796 477 ut
834 434 984 491 gladio
1023 435 1166 477 ultore
1206 438 1252 478 et
1291 436 1525 492 exquisitis
1564 436 1690 493 penis

221 504 471 548 subdantur
490 503 690 554 infames,
706 503 783 560 qui
803 506 910 546 sunt
928 503 1001 546 uel
1022 503 1167 546 futuri
1187 507 1294 547 sunt
1313 505 1389 548 rei.
1439 505 1527 548 Sed
1547 520 1690 562 neque

184 587 203 621 5
221 573 597 617 consentientibus
631 573 786 630 parcit,
818 572 926 629 quin
961 572 1025 615 eis
1054 587 1213 629 penam
1248 573 1415 630 irroget
1444 575 1690 630 capitalem,

219 656 321 686 cum
357 644 402 685 et
433 642 529 700 lege
564 642 719 685 diuina
754 641 967 685 facientes
1002 645 1047 684 et
1081 642 1405 685 consentientes
1439 644 1536 699 pari
1576 658 1691 700 pena

219 710 486 768 plectantur.
546 712 770 769 Ipsosque,
784 726 947 769 magno
966 712 1168 769 episcopo
1189 714 1367 754 auctore
1388 711 1690 767 (Ambrosium

221 780 594 824 Mediolanensem
634 781 844 836 attende),
879 780 1204 824 consentientes
1233 795 1326 823 esse
1360 780 1584 832 diffiniuit,
1613 782 1690 838 qui

221 851 377 893 notum
402 864 593 893 errorem
614 851 812 900 reticent,
832 852 912 892 aut
935 849 1152 907 corrigere
1172 863 1272 892 cum
1292 849 1464 906 possint
1483 849 1690 892 dissimu-

164 932 207 956 ιο
222 919 331 964 lant.
393 919 481 964 Sed
511 919 618 977 quid
643 920 697 963 de
724 920 786 963 eis
813 919 1111 963 uerecundum
1139 919 1426 976 odiosumque
1446 933 1692 962 sermonem

221 989 560 1045 protendimus?
624 990 687 1032 Vt
735 992 898 1032 sortem
948 1004 1100 1032 eorum
1148 988 1368 1046 condigna
1415 988 1692 1031 conclusione

222 1057 490 1111 claudamus,
519 1059 807 1116 proculdubio
836 1059 961 1116 pluet
990 1073 1123 1116 super
1152 1073 1225 1101 eos
1260 1058 1479 1101 Dominus
1513 1058 1692 1114 laqueos

223 1129 277 1170 ut
310 1142 399 1170 non
430 1128 658 1189 effugiant,
690 1128 819 1186 ignis,
850 1128 1009 1180 sulfur,
1040 1128 1225 1186 spiritus
1254 1127 1558 1185 procellarum,
1588 1142 1691 1184 pars
1710 1127 1740 1168 d

224 1196 373 1240 calicis
393 1211 571 1250 eorum;
601 1199 647 1240 et
676 1212 775 1241 cum
804 1198 1059 1241 auctoribus
1089 1198 1192 1248 suis,
1217 1212 1326 1254 quos
1347 1196 1540 1240 Sodoma
1558 1197 1691 1240 deuo-

167 1279 205 1313 15
226 1266 356 1317 rauit,
377 1269 509 1310 erunt
528 1267 684 1311 seculis
711 1267 759 1310 in
779 1267 967 1310 fetorem
988 1270 1034 1310 et
1053 1267 1338 1324 obprobrium
1359 1267 1692 1324 sempiternum.

226 1335 344 1388 Quid
373 1335 572 1393 proderit
601 1351 763 1393 quaeso
793 1337 855 1380 eis
885 1340 993 1380 tunc
1022 1337 1216 1380 diuitum
1246 1336 1409 1380 fauor?
1467 1337 1562 1379 Aut
1594 1337 1695 1393 quis

224 1407 371 1462 potest
405 1420 497 1449 esse
532 1407 842 1464 temporalium
874 1422 981 1450 usus
1013 1410 1093 1450 aut
1124 1407 1342 1464 uoluptas,
1373 1421 1503 1464 quem
1539 1410 1694 1450 tantus

226 1474 350 1518 dolor
370 1478 415 1518 et
435 1477 564 1519 tanta
583 1476 887 1520 erubescentia
906 1491 996 1520 non
1016 1477 1281 1520 absorbeat?

229 1624 335 1684 Cap.
354 1639 421 1680 14.
455 1627 726 1672 Adulatores
754 1628 1018 1685 puniendos
1047 1643 1142 1680 esse,
1169 1632 1406 1685 tamquam
1435 1628 1570 1672 hostes
1599 1627 1697 1671 deo·

169 1716 212 1740 πο
344 1710 453 1740 mm
467 1701 506 1740 et
516 1697 771 1750 hominum,
779 1701 818 1740 et
830 1698 1071 1741 ueritatem
1083 1702 1317 1754 yrata‘nter
1327 1697 1697 1754 amplectendam,

343 1769 383 1809 et
419 1766 697 1823 patientiam
735 1766 1091 1818 custodiendam,
1126 1771 1223 1811 tam
1262 1767 1522 1811 rationibus
1556 1781 1698 1824 quam

344 1835 554 1892 eoeemplis
582 1835 832 1881 maiorum.

288 1938 389 1992 Sed,
412 1942 466 1982 ut
490 1938 667 1997 uulgari
694 1940 929 1997 prouerbio
956 1940 1131 1991 dicitur,
1157 1940 1278 1983 Deus
1305 1940 1380 1983 ille
1410 1955 1516 1997 prae
1543 1940 1701 1984 ceteris

230 2008 438 2052 colendus
460 2009 667 2060 creditur,
687 2010 764 2066 qui
789 2010 998 2053 subuenit
1025 2010 1071 2052 in
1096 2011 1330 2067 praesenti.
1392 2010 1585 2067 Ideoque
1610 2024 1700 2052 non

171 2097 214 2132 ²5
231 2080 389 2122 curant
421 2078 650 2135 quomodo,
680 2078 787 2121 dum
822 2082 972 2122 tamen
1007 2080 1089 2123 hoc
1121 2079 1238 2136 quod
1269 2082 1487 2136 expetunt
1517 2078 1699 2123 faciant.
1717 2087 1798 2129 507
1820 2089 1850 2118 a

234 2211 256 2248 8
280 2209 461 2246 diffiniuit
479 2221 557 2247 esse
574 2210 599 2247 S
614 2223 622 2248 :
649 2210 844 2248 diffiniunt
861 2223 942 2250 esse
962 2211 1003 2248 M
1147 2222 1190 2258 13
1215 2211 1374 2259 sulphur
1389 2211 1499 2248 ΒΑΜ
1658 2221 1698 2258 15

232 2257 476 2305 opprobrium
493 2258 528 2293 A
1535 2286 1537 2289 .

281 2382 304 2418 6
329 2382 400 2427 leye
426 2383 584 2418 diuina:
621 2393 653 2418 v.
673 2381 758 2418 Lev.
782 2392 844 2418 xx.
873 2391 940 2427 13;
977 2381 1084 2420 Rom.
1107 2381 1132 2418 i.
1159 2393 1215 2437 32.
1324 2384 1507 2429 facientes
1531 2384 1629 2419 eta:
1668 2396 1701 2420 v.

235 2427 272 2464 S.
293 2427 451 2464 Lucium
474 2440 615 2476 papam
639 2440 701 2475 ap.
726 2428 829 2465 Ivon.
855 2428 1010 2466 Carnot.
1037 2431 1139 2466 Decr.
1157 2430 1212 2467 iii.
1233 2440 1300 2475 140
1324 2430 1474 2476 (Migne
1499 2432 1539 2466 P.
1554 2432 1596 2466 L.
1616 2429 1702 2467 clxi.

236 2477 335 2521 230),
354 2475 459 2512 Grat.
476 2477 579 2512 Decr.
598 2476 655 2530 ΙΙ..
669 2486 709 2521 17
727 2489 790 2522 qu.
806 2487 839 2520 4.
863 2489 894 2513 c.
915 2486 934 2524 5
963 2476 1036 2521 (ed.
1055 2477 1204 2514 Friedb.
1221 2477 1245 2515 i.
1258 2490 1301 2560 fi
1319 2479 1416 2523 816).
1571 2487 1591 2522 7
1619 2481 1704 2514 Am-

236 2524 412 2559 brosium:
437 2534 468 2558 v.
486 2522 760 2560 Ambromaster
788 2525 919 2560 Gomm.
946 2525 986 2560 in
1011 2526 1111 2561 Rom.
1131 2524 1156 2560 i.
1176 2535 1221 2571 32
1244 2527 1256 2571 (
1300 2524 1391 2571 igne
1416 2527 1456 2561 P.
1472 2526 1515 2560 L.
1535 2524 1621 2561 xvii.
1639 2527 1702 2572 63)

236 2571 410 2606 assentire
427 2574 476 2605 est
491 2571 533 2613 ei,
553 2583 632 2606 cum
642 2573 757 2617 possit
771 2573 1039 2617 reprehendere,
1056 2578 1181 2609 taceat.
1367 2575 1387 2609 8
1412 2575 1590 2618 diffiniuit
1607 2576 1678 2609 etc.
1695 2587 1704 2609 :

238 2617 288 2654 cf.
305 2615 416 2662 Greg.
434 2616 563 2663 Magn.
581 2618 653 2663 Ep.
672 2617 772 2654 cxiii.
789 2621 839 2654 ad
862 2621 1054 2664 Syagrium
1073 2620 1219 2666 (Migne
1243 2621 1284 2655 P.
1302 2621 1345 2656 L.
1365 2620 1494 2656 lxxvii.
1516 2621 1621 2664 1044)
1641 2632 1702 2666 ap.

239 2663 345 2700 Grat.
358 2664 461 2699 Deer.
475 2663 504 2699 Ι.
520 2666 576 2710 83.
590 2676 621 2701 c.
636 2673 653 2711 5
673 2666 749 2707 (ed.
764 2664 978 2713 Friedberg.
995 2666 1018 2703 i.
1034 2679 1071 2712 p.
1087 2669 1194 2712 294);
1225 2667 1356 2703 Ioann.
1368 2667 1470 2702 VIII.
1485 2678 1623 2712 papam
1641 2679 1702 2714 ap.

239 2711 342 2747 Ivon.
367 2709 518 2748 Gamot.
544 2712 648 2748 Decr.
674 2712 720 2748 vi.
751 2716 813 2759 115
843 2713 991 2760 (Migne
1008 2716 1050 2750 P.
1069 2716 1111 2750 L.
1129 2713 1215 2751 clxi.
1234 2717 1331 2762 473),
1351 2714 1453 2751 Grat.
1474 2717 1578 2750 Decr.
1599 2715 1624 2749 Ι.
1645 2717 1703 2751 86.

239 2770 270 2795 c.
282 2769 302 2804 3
323 2757 392 2802 (ed.
407 2757 554 2794 Friedb.
564 2758 590 2794 i.
603 2770 641 2804 p.
652 2759 748 2804 298).
873 2771 914 2797 12
936 2763 1058 2807 pluet:
1083 2762 1228 2799 v.Ps.x.
1243 2771 1275 2807 7.
1407 2771 1447 2809 15
1474 2763 1704 2807 obprobrium

239 2807 516 2852 sempiternum:
544 2805 675 2842 Ierem.
692 2805 796 2843 xxiii.
813 2816 871 2851 40.

1533 2890 1594 2914 221
