1994 3190
171 214 271 248 οΑΡ.
285 199 365 262 111]
688 199 1126 246 POLICRATICVS
1650 202 1721 251 518
1739 211 1769 240 a

169 321 354 365 Paulum
384 321 547 364 eisdem
576 334 718 371 usum,
742 319 849 362 dum
879 318 1227 363 Atheniensibus
1256 321 1543 378 praedicaret,
1567 322 1633 364 in-
1651 323 1723 372 518
1743 333 1773 361 a

167 390 308 433 uenio.
370 389 556 432 Studuit
589 387 867 445 praedicator
901 388 1104 445 egregius
1139 388 1288 431 Iesum
1324 389 1552 433 Christum
1588 394 1634 434 et

166 458 283 501 hunc
306 458 565 501 crucifixum
589 456 651 499 sic
675 456 900 498 mentibus
925 471 1075 499 eorum
1101 457 1312 514 ingerere,
1337 462 1390 501 ut
1410 474 1489 515 per
1509 460 1633 516 igno-

165 527 348 570 miniam
380 526 521 569 crucis
550 525 858 568 liberationem
889 525 1131 567 multorum
1163 526 1365 583 exemplo
1397 528 1633 584 gentilium

128 614 148 648 5
165 596 418 654 prouenisse
448 595 633 638 doceret.
695 593 783 636 Sed
811 596 856 636 et
883 594 971 636 ista
1000 594 1222 651 persuasit
1250 596 1345 637 fieri
1376 611 1465 639 non
1495 597 1634 640 solere

165 664 251 707 nisi
283 665 331 706 in
361 664 576 722 sanguine
612 663 830 707 iustorum
866 665 912 705 et
947 677 1098 705 eorum
1134 663 1210 719 qui
1243 664 1396 720 populi
1428 670 1634 722 gererent

163 734 486 791 magistratum.
566 733 702 776 Porro
750 733 807 775 ad
858 732 1164 775 liberationem
1213 733 1423 786 omnium,
1468 735 1634 778 scilicet

164 803 403 846 Iudeorum
430 806 476 846 et
501 803 715 860 gentium,
734 817 864 846 nemo
891 802 1110 846 sufficiens
1137 802 1287 859 potuit
1314 803 1519 853 inueniri,
1547 805 1632 847 nisi

163 872 250 923 ille,
270 873 341 916 cui
367 873 414 915 in
441 873 732 916 hereditatem
759 872 890 915 datae
918 874 1024 915 sunt
1043 875 1210 930 gentes,
1231 874 1277 914 et
1303 873 1539 929 praefinita
1567 878 1634 916 est

105 961 147 985 ιο
163 942 306 985 omnis
340 945 460 985 terra
494 942 708 1000 possessio
740 942 847 986 eius.
907 941 1040 984 Hunc
1072 943 1222 984 autem
1251 941 1389 984 alium
1420 957 1513 984 esse
1543 957 1631 985 non

162 1025 288 1069 posse
315 1026 452 1069 quam
474 1011 637 1054 Filium
658 1011 974 1069 omnipotentis
1002 1010 1086 1054 Dei
1113 1011 1315 1061 asseruit,
1335 1026 1435 1054 cum
1456 1015 1633 1068 praeter

162 1080 310 1124 Deum
331 1083 486 1138 gentes
511 1084 557 1124 et
580 1083 723 1124 terras
749 1095 900 1124 omnes
927 1094 1056 1123 nemo
1079 1080 1317 1138 subegerit.
1376 1080 1496 1123 Dum
1527 1096 1632 1138 ergo

162 1149 224 1193 sic
258 1150 398 1193 crucis
438 1150 726 1208 ignominiam
762 1150 1049 1208 praedicaret,
1080 1153 1133 1193 ut
1171 1149 1373 1207 gentium
1413 1150 1630 1207 paulatim

163 1222 453 1263 euacuaretur
471 1219 677 1270 stultitia,
697 1220 860 1263 sensim
881 1219 938 1262 ad
959 1219 1042 1262 Dei
1058 1219 1245 1262 uerbum
1266 1218 1436 1276 Deique
1457 1220 1629 1277 sapien·
1648 1223 1677 1261 b

106 1303 145 1338 15
163 1289 274 1332 tiam
306 1291 351 1332 et
382 1288 527 1346 ipsum
563 1289 698 1332 etiam
731 1289 910 1332 diuinae
950 1289 1198 1332 maiestatis
1237 1289 1408 1340 solium,
1443 1289 1630 1332 uerbum

161 1358 264 1402 fidei
289 1361 334 1401 et
349 1358 547 1416 linguam
564 1358 906 1416 praedicationis
922 1359 1073 1402 euexit
1088 1362 1145 1410 et,
1158 1374 1214 1402 ne
1229 1359 1376 1402 uirtus
1398 1358 1630 1417 Euangelii

160 1428 244 1472 sub
269 1427 414 1471 carnis
438 1428 698 1471 infirmitate
722 1428 952 1472 uilesceret
979 1444 1007 1471 a
1033 1428 1240 1472 scandalo
1266 1428 1506 1471 Iudeorum
1526 1444 1630 1486 gen-

159 1497 360 1554 tiumque
386 1497 592 1548 stultitia,
619 1512 754 1555 opera
778 1497 1007 1549 Crucifixi,
1033 1513 1146 1555 quae
1172 1498 1307 1540 etiam
1335 1497 1480 1540 famae
1505 1499 1631 1541 testi-

161 1566 308 1610 monio
335 1566 669 1618 roborabantur,
690 1568 920 1625 exposuit3
950 1582 1050 1611 cum
1078 1567 1197 1625 apud
1227 1582 1378 1610 omnes
1406 1571 1631 1611 constaret

101 1651 146 1677 ιο
162 1636 279 1694 quod
310 1651 362 1680 ea
390 1651 480 1680 non
507 1640 655 1694 posset
679 1636 823 1680 facere
850 1637 936 1680 nisi
964 1636 1098 1682 Deus.
1158 1636 1246 1680 Sed
1275 1636 1381 1694 quia
1408 1637 1552 1680 multa
1582 1638 1629 1680 in

160 1708 394 1764 utramque
433 1710 605 1764 partem
645 1707 797 1750 crebro
837 1706 960 1751 fama
998 1707 1227 1758 mentitur,
1261 1707 1403 1764 ipsam
1443 1706 1630 1750 iuuabat

160 1774 338 1827 famam,
378 1775 495 1833 quod
535 1775 739 1834 discipuli
778 1776 900 1819 illius
938 1776 1108 1819 maiora
1148 1775 1383 1826 faciebant,
1423 1775 1530 1818 dum
1571 1777 1628 1819 ad

159 1845 362 1888 umbram
404 1845 609 1902 discipuli
655 1860 683 1888 a
728 1860 1004 1903 quacumque
1051 1845 1311 1888 infirmitate
1354 1845 1628 1888 sanabantur

159 1914 343 1972 aegroti.
404 1913 522 1967 Quid
551 1914 724 1958 multa?
783 1914 988 1958 Astutias
1017 1914 1277 1966 Aristotilis,
1303 1913 1498 1971 Crisippi
1525 1929 1626 1958 acu-

102 2001 144 2035 ²⁵
161 1984 294 2035 mina,
342 1984 626 2042 omniumque
674 1984 1038 2042 philosophorum
1093 1984 1340 2027 tendiculas
1393 1999 1628 2042 resurgens

160 2057 361 2098 mortuus
383 2053 655 2098 confutabat.
717 2054 875 2098 Decios
895 2053 1027 2097 duces
1047 2053 1347 2096 Romanorum
1367 2068 1413 2096 se
1434 2068 1515 2110 pro
1535 2054 1628 2097 suis

160 2123 424 2167 exercitibus
448 2123 679 2167 deuouisse
703 2123 951 2182 percelebre
976 2126 1055 2166 est.
1103 2123 1247 2166 Iulius
1270 2138 1443 2180 quoque
1465 2122 1624 2167 Cesar:
1643 2139 1668 2168 c

209 2237 225 2264 1
252 2228 410 2263 Paulum
435 2229 528 2263 etc.:
555 2226 637 2264 Non
663 2225 822 2262 dubium
848 2227 904 2262 est
925 2224 1018 2272 quin
1041 2224 1118 2262 ista
1137 2236 1158 2262 e
1179 2223 1216 2261 S.
1239 2225 1348 2261 Pauli
1370 2225 1467 2262 actis
1487 2225 1627 2273 spuriis

158 2274 337 2320 traxerit3
357 2286 390 2310 v.
400 2274 452 2312 M.
465 2272 508 2310 R.
520 2274 542 2310 J
546 2286 658 2319 ames,
672 2274 888 2320 Apocrypha
904 2275 1088 2309 Anecdota
1105 2272 1339 2320 (Cantabrig.
1358 2275 1474 2319 1893),
1487 2286 1551 2320 pp.
1571 2276 1627 2320 56,

162 2329 228 2367 57;
253 2321 300 2358 cf.
319 2322 411 2358 Acta
435 2323 497 2358 SS.
515 2321 648 2359 Octob.
665 2331 698 2367 9.
717 2323 824 2363 (tom.
843 2320 890 2363 iv,
909 2333 946 2367 p.
965 2323 1051 2366 704)
1078 2324 1118 2358 et
1145 2319 1293 2357 Ricard.
1317 2321 1364 2357 de
1387 2320 1454 2357 Sto
1471 2321 1625 2358 Victore

160 2370 204 2404 de
224 2369 333 2404 Verbo
348 2370 558 2411 Incamato,
576 2381 607 2406 c.
630 2379 671 2414 13
692 2367 838 2415 (Migne
855 2370 896 2404 P.
915 2370 958 2404 L.
972 2367 1088 2404 cxcvi.
1107 2370 1223 2414 1007).
1354 2378 1375 2404 2
1394 2371 1629 2415 praedicator

161 2417 338 2461 cyreqius:
364 2415 417 2452 sic
442 2416 659 2462 appellatur
681 2415 820 2452 Paulus
844 2427 868 2452 a
892 2414 1076 2462 Gregorio
1102 2415 1230 2462 Magn.
1254 2416 1325 2462 Ep.
1353 2427 1385 2453 v.
1411 2427 1460 2460 40
1477 2415 1624 2463 (Migne

161 2463 202 2499 P.
220 2464 263 2498 L.
282 2461 408 2498 lxxvii.
426 2465 523 2508 767).
691 2472 732 2508 17
759 2476 782 2499 a
797 2465 968 2499 scandalo
985 2466 1081 2501 etc.:
1108 2475 1140 2498 v.
1162 2474 1176 2500 1
1197 2462 1282 2500 Cor.
1301 2462 1327 2499 i.
1345 2473 1402 2509 23.
1578 2474 1623 2500 22

162 2511 286 2545 illius:
313 2521 362 2546 sc.
381 2509 542 2553 christi3
565 2522 597 2547 v.
617 2509 747 2547 Ioann.
763 2510 836 2547 xiv.
859 2521 913 2547 12.
1099 2520 1142 2556 23
1167 2511 1334 2547 umbram
1351 2512 1544 2556 discipuli:
1572 2523 1622 2547 sc.

161 2555 290 2598 Petri3
314 2568 349 2594 v.
364 2555 448 2592 Act.
466 2556 562 2603 App.
580 2569 612 2593 v.
633 2566 686 2604 15.
852 2568 898 2603 ²4
924 2559 1090 2594 Astmias
1106 2559 1201 2595 etc.:
1227 2570 1258 2595 v.
1277 2558 1430 2595 Hieron.
1447 2560 1519 2604 Ep.
1546 2557 1624 2595 lvii.

164 2613 207 2641 12
227 2602 369 2650 (Migne
385 2605 425 2639 P.
443 2605 486 2640 L.
503 2603 594 2641 xxii.
613 2604 711 2651 579).
815 2614 871 2652 25,
891 2606 937 2642 26
960 2618 1149 2651 resuryens
1164 2611 1350 2642 mortuus:
1375 2617 1424 2642 sc.
1443 2604 1624 2649 Christus,

161 2662 239 2687 non
272 2652 332 2694 (ut
363 2649 499 2694 Jamen,
526 2653 561 2687 A
588 2653 742 2698 ocrypha
775 2654 967 2695 Aneodota,
993 2665 1030 2699 p.
1061 2662 1103 2699 57
1133 2652 1344 2700 suspicatus
1369 2654 1441 2698 est)
1467 2653 1623 2699 quidam

161 2709 185 2734 a
213 2697 332 2733 Paulo
354 2708 481 2734 coram
502 2697 553 2734 At
581 2697 795 2736 eniensibus
824 2699 1087 2742 resuscitatus;
1114 2711 1203 2736 nam
1227 2701 1321 2738 haec
1348 2712 1424 2736 non
1450 2712 1498 2737 ex
1522 2702 1624 2736 Actis

162 2746 274 2781 Pauli
290 2744 354 2781 sed
371 2755 418 2780 ex
434 2744 656 2791 Hieronymi
673 2745 742 2783 loc.
764 2746 827 2783 cit.
846 2747 975 2783 hausit
993 2749 1143 2784 Noster.
1311 2749 1357 2784 26
1383 2749 1510 2784 Decios
1526 2749 1598 2784 etc.
1616 2760 1624 2783 :

160 2803 193 2827 v.
210 2791 291 2827 Val.
308 2791 409 2827 Max.
430 2799 462 2838 5.
477 2793 501 2828 6
520 2791 561 2838 ἐξ
583 2801 613 2838 5,
631 2794 676 2835 6;
699 2793 796 2840 Aug.
812 2795 855 2830 de
878 2795 950 2830 Cin.
971 2795 1041 2830 Dei
1056 2794 1102 2831 iv.
1121 2805 1178 2831 20.
1323 2803 1367 2840 27
1391 2796 1515 2831 Julius
1530 2797 1626 2831 etc.:

161 2851 193 2875 v.
210 2838 412 2876 Woelfflin.
431 2839 528 2876 Caec.
546 2840 650 2876 Batb.
666 2851 703 2886 p.
722 2850 779 2887 32.

1451 2923 1515 2955 ²43
