1994 3190
217 198 301 246 ⁵46
317 197 349 238 u
600 178 603 179 ’
692 195 953 240 IOANNIS
993 194 1506 240 SARESBERIENSIS
1675 192 1786 255 [m.
1801 205 1832 237 v

367 318 582 373 quattuor
613 316 731 367 locis,
759 320 958 367 naturae,
992 315 1134 367 officii,
1165 331 1349 366 morum,
1382 315 1659 367 conditionis,
1692 315 1833 358 totius

366 385 640 428 reuerentiae
661 400 840 428 manare
858 385 999 429 credit
1017 385 1243 442 originem.
1303 384 1664 442 Superstitiosius
1682 386 1832 427 tamen

366 455 450 497 hoc
475 454 720 497 infidelium
747 469 870 497 more
897 455 1156 511 exequitur;
1186 454 1304 498 unde
1328 453 1565 497 nonnullas
1590 453 1834 496 sententias

367 524 462 567 eius
477 538 608 566 sensu
628 526 674 566 et
693 538 891 567 sermone
906 523 1121 567 catholico
1136 524 1290 567 curaui
1304 523 1507 566 inserere.
1555 522 1640 565 Ille
1655 522 1833 579 quidem

367 593 416 635 in
445 593 569 636 cultu
598 593 780 636 deorum
810 607 884 635 eos
912 593 1146 650 praecipue
1175 592 1333 636 asserit
1364 591 1647 642 uenerandos,
1679 591 1757 648 qui
1792 591 1833 633 ei
1851 610 1870 643 5

368 662 634 705 familiarius
677 665 723 705 et
771 662 961 705 uicinius
1006 662 1221 705 accedunt
1267 665 1346 704 aut
1391 664 1566 714 natura,
1606 664 1659 704 ut
1701 660 1835 703 Liber

368 732 582 774 Indorum
602 731 804 782 domitor,
826 732 1039 775 Hercules
1065 732 1141 788 qui
1170 746 1220 774 eo
1245 731 1342 788 ipso
1366 731 1415 773 in
1435 745 1481 774 se
1506 730 1661 773 Iouem
1688 733 1834 787 prote-

368 804 514 844 status
544 803 622 851 est,
642 801 760 858 quod
790 816 956 858 angues
986 800 1211 858 iugulauit
1239 800 1287 842 in
1313 800 1468 854 cunis;
1503 802 1585 843 aut
1610 799 1763 851 officio,
1783 802 1837 842 ut

369 870 598 927 pontifices
627 870 958 927 praefectosque
989 884 1235 923 sacrorum;
1267 873 1347 912 aut
1375 869 1583 920 moribus,
1612 872 1666 912 ut
1694 868 1836 926 philo-

327 956 352 985 c
370 939 540 996 sophos,
585 940 661 996 qui
710 940 873 982 mentis
922 939 1100 982 diuinae
1147 940 1357 982 haustum
1403 938 1748 996 inuestigatione
1791 940 1837 981 et
1857 955 1897 980 xo

370 1008 695 1065 dispensatione
723 1008 966 1065 sapientiae
996 1008 1219 1060 indicant3
1248 1011 1329 1050 aut
1357 1007 1619 1058 conditione,
1645 1010 1699 1050 ut
1727 1021 1837 1064 quos

371 1077 501 1120 fauor
529 1077 724 1120 numinis
755 1077 918 1120 extulit
949 1080 1001 1119 ut
1030 1077 1130 1120 aliis
1159 1079 1412 1134 praeessent
1443 1092 1500 1120 ex
1528 1091 1661 1121 causa
1688 1077 1837 1134 potius

372 1145 582 1188 familiari
603 1161 735 1202 quam
756 1145 896 1189 officio
916 1146 1101 1203 publico.

429 1214 584 1258 Sermo
604 1215 782 1272 quidem
803 1215 996 1272 perfidus
1021 1219 1089 1258 est
1112 1218 1157 1258 et
1183 1215 1303 1258 omni
1330 1215 1638 1273 reprobatione
1664 1214 1837 1273 dignus,

370 1298 610 1341 sensusque
650 1284 887 1326 uerborum
920 1283 997 1340 qui
1032 1284 1343 1341 philosophum
1377 1299 1467 1327 non
1506 1284 1690 1328 deceret.
1749 1283 1838 1327 Sed
1858 1305 1898 1339 15

372 1353 488 1396 forte
521 1353 627 1410 quid
657 1353 712 1396 de
739 1356 902 1396 natura
928 1353 1110 1396 deorum
1137 1353 1334 1404 sentiret,
1355 1354 1402 1396 in
1432 1354 1614 1397 auribus
1640 1353 1837 1410 corrupti

371 1423 522 1480 populi
558 1423 759 1480 proloqui
796 1437 885 1466 non
921 1423 1115 1466 audebat
1150 1423 1226 1480 qui
1261 1423 1430 1481 legerat
1463 1424 1714 1467 combustos
1745 1437 1838 1467 esse

371 1492 507 1535 libros
533 1492 782 1549 philosophi
805 1492 1038 1550 Pitagorae
1064 1495 1110 1535 et
1136 1492 1281 1549 ipsum
1305 1495 1454 1536 actum
1474 1508 1567 1536 esse
1587 1493 1634 1535 in
1655 1492 1839 1536 exilium

371 1561 429 1604 ab
441 1561 788 1604 Atheniensibus
809 1576 859 1604 eo
875 1562 992 1618 quod
1013 1561 1298 1605 dubitauerat
1317 1577 1375 1605 an
1396 1562 1450 1605 de
1465 1562 1551 1605 diis
1571 1577 1679 1606 uera
1693 1566 1840 1606 essent
1926 1589 1932 1596 -

372 1645 484 1686 quae
506 1630 642 1687 uulgo
663 1630 934 1674 dicebantur.
970 1630 1087 1683 Quid
1109 1646 1214 1689 ergo
1233 1632 1504 1675 contrarium
1525 1632 1709 1675 auderet
1723 1646 1838 1675 asse-
1859 1652 1901 1676 20

372 1714 468 1743 rere
487 1700 562 1756 qui
580 1714 658 1743 nec
674 1700 814 1756 ipsam
833 1699 1156 1743 dubitationem
1170 1701 1330 1744 erroris
1346 1703 1532 1744 nouerat
1546 1701 1839 1759 impunitam?

374 1769 455 1812 Est
484 1769 634 1826 itaque
662 1769 900 1812 uerisimile
931 1769 1048 1825 quod
1076 1784 1240 1812 morem
1266 1770 1545 1814 auditoribus
1570 1770 1757 1828 gesserit
1784 1773 1840 1821 et,

374 1843 427 1882 ut
447 1853 520 1882 eos
541 1838 598 1880 ab
619 1838 786 1881 illicitis
806 1842 1044 1882 reuocaret.
1066 1839 1234 1896 aliquid
1262 1840 1496 1883 indulsisse
1516 1840 1665 1884 errori.
1724 1840 1840 1883 Nam

329 1910 358 1950 d
377 1908 422 1950 in
438 1907 640 1951 doctrina
660 1921 830 1950 morum
853 1907 1226 1951 luculentissimus
1241 1912 1319 1952 est.
1362 1909 1511 1967 quue
1527 1909 1629 1952 huic
1645 1909 1840 1967 opinioni

376 1976 550 2020 facilius
579 1976 823 2033 adquiesco,
853 1976 969 2033 quod
1002 1977 1239 2035 Apostolus
1269 1978 1468 2036 gentium
1499 1978 1586 2021 fide
1616 1981 1765 2021 tamen
1797 1983 1842 2023 et
1861 1998 1902 2030 ²5
1960 2029 1963 2033 Ι

375 2045 586 2103 religione
626 2044 834 2088 incolumi
875 2045 1079 2089 omnibus
1119 2047 1267 2089 omnia
1308 2047 1454 2091 factus
1492 2050 1569 2098 est,
1605 2051 1658 2091 ut
1691 2062 1842 2091 omnes

374 2114 664 2159 lucrifaceret.
737 2114 831 2157 Nos
871 2118 1032 2165 autem,
1066 2116 1228 2172 quibus
1262 2116 1317 2159 de
1352 2116 1443 2159 celo
1478 2116 1644 2160 ueritas
1680 2117 1842 2168 illuxit,

374 2199 461 2227 non
484 2184 678 2234 deorum,
699 2183 774 2240 qui
798 2183 907 2226 nulli
929 2188 1046 2234 sunt,
1067 2184 1143 2227 sed
1170 2185 1263 2228 ueri
1287 2185 1369 2228 Dei
1391 2186 1607 2229 ministris
1626 2188 1672 2228 et
1691 2186 1844 2230 amicis

375 2268 581 2310 magnam
605 2252 898 2296 reuerentiam
920 2253 1139 2296 credimus
1154 2254 1473 2307 exhibendam;
1502 2255 1578 2298 sed
1595 2258 1640 2298 et
1655 2255 1844 2299 inimicis

375 2322 470 2366 eius
491 2321 727 2372 interdum,
748 2322 956 2378 quoniam
985 2322 1066 2366 hoc
1087 2323 1179 2381 ipse
1201 2324 1423 2381 praecepit
1447 2324 1523 2382 qui
1551 2339 1680 2382 saepe
1704 2324 1843 2368 maxi-
1864 2342 1906 2375 30

378 2478 392 2505 ι
421 2469 584 2514 quatuor
603 2466 717 2504 CAS:
745 2466 838 2504 iiii⁰¹
856 2467 894 2503 M
1079 2496 1086 2509 ‚
1112 2479 1154 2505 10
1177 2468 1431 2516 phylosophos
1448 2469 1488 2506 M
1651 2478 1691 2517 13
1745 2469 1847 2518 hylo·

375 2515 536 2563 sophum
557 2514 594 2551 M
743 2517 784 2552 18
810 2514 1037 2562 phylo-ophi
1053 2478 1094 2551 {a
1192 2518 1400 2564 pytagorae
1418 2517 1481 2555 M:
1509 2482 1752 2565 protagora}

423 2655 447 2691 9
467 2646 667 2699 pmesepepa
682 2656 891 2681 noer-orum:
919 2644 979 2699 Sic
1004 2645 1125 2701 dictos
1147 2647 1357 2685 sacerdotes
1383 2659 1460 2685 non
1486 2648 1559 2685 nisi
1586 2648 1688 2696 apud
1713 2647 1847 2687 'ru-ou·

376 2693 484 2729 lano·
507 2694 696 2729 emm-⁸0
721 2695 910 2729 tentantur
934 2697 1222 2741 inscriptionem
1249 2707 1279 2731 v.
1301 2695 1522 2742 Marquardt
1538 2698 1639 2734 Rom.
1655 2698 1848 2733 stacam

377 2742 537 2785 muunq
555 2740 627 2785 (ed.
651 2742 754 2787 1885)
773 2739 826 2775 iii.
846 2751 881 2787 p.
901 2742 982 2785 ⁴7⁶·
1142 2744 1183 2779 18
1209 2743 1421 2788 Pitaqomo:
1449 2742 1576 2790 potius
1594 2743 1846 2790 Protagoram

377 2798 408 2823 v.
428 2787 504 2824 Cic.
521 2788 564 2823 de
580 2788 664 2823 Nat.
680 2788 786 2844 Iuor.
806 2786 830 2824 i.
850 2798 894 2833 ²3
913 2787 930 2845 Q
950 2789 1009 2834 63.
1151 2799 1194 2836 25
1222 2792 1413 2845 Apostolus
1425 2793 1607 2838 fantium:
1633 2791 1782 2829 v.Rom.
1795 2789 1846 2829 xi.

382 2845 393 2871 ι
402 2845 435 2881 3.
578 2835 624 2872 2⁶
647 2835 814 2872 omnbus
828 2846 952 2872 omnm
969 2838 1061 2873 eta:
1090 2847 1119 2872 v.
1143 2847 1157 2875 1
1178 2836 1259 2874 Cor.
1277 2849 1328 2875 ix.
1347 2848 1404 2875 22.

489 2921 552 2956 29⁴
