1994 3190
159 238 257 273 οΑΡ.
273 228 342 285 xl]
690 223 1127 270 POLICRATICVS
1643 223 1725 274 567
1736 221 1770 262 d*

161 348 280 392 uires
300 347 557 406 exequendi,
577 349 623 390 et
638 348 912 390 sacramento
926 345 1085 388 debeat
1100 358 1193 387 esse
1212 343 1386 401 legibus
1401 343 1626 401 obligatus

159 419 213 460 ut
256 417 341 460 sibi
389 416 568 461 omnino
613 414 817 458 illicitum
863 413 1040 456 nouerit
1078 412 1135 455 ab
1174 427 1326 456 earum
1373 412 1626 456 sinceritate

159 485 391 530 diuertere.
451 486 570 529 Nam
590 485 644 528 de
664 483 882 541 sapientia
906 483 1000 526 eius
1020 481 1250 539 Sapientia
1270 482 1408 526 docet.
1470 482 1626 534 Iudex,

160 555 308 613 inquit
347 555 532 613 sapiens,
571 553 786 598 iudicauit
830 551 1043 609 populum
1090 565 1220 594 suum
1265 554 1310 594 et
1349 551 1626 608 principatus

123 636 142 671 5
160 625 325 668 sensati
365 623 538 668 stabilis
576 623 671 666 erit.
751 620 1002 665 Secundum
1046 620 1235 663 iudicem
1275 620 1439 676 populi,
1478 620 1540 663 sic
1580 624 1626 664 et

158 693 352 737 ministri
374 693 486 746 eius3
516 694 562 735 et
590 691 732 748 qualis
759 693 903 734 rector
927 692 995 733 est
1017 689 1226 739 ciuitatis,
1247 688 1359 732 tales
1387 692 1432 732 et
1452 689 1624 731 inhabi-

159 765 307 806 tantes
346 762 394 805 in
433 777 496 806 ea.
555 760 643 804 Sed
681 763 727 804 et
765 759 883 802 uires
921 758 1188 802 necessarias
1220 772 1312 800 esse
1348 772 1437 800 non
1472 758 1624 809 tacuit,

159 831 331 875 dicens:
361 831 466 875 Noli
483 844 690 888 quaerere
710 829 846 872 iudex
868 828 977 879 fieri,
997 827 1084 870 nisi
1104 827 1254 870 ualeas
1274 827 1444 870 uirtute
1465 827 1625 870 irrum-

159 915 263 958 pere
297 900 567 958 iniquitates,
604 913 661 942 ne
701 897 817 942 forte
856 898 1117 941 extimescas
1152 896 1311 940 faciem
1350 896 1545 954 potentis
1581 900 1626 939 et
1642 895 1725 945 568
1746 906 1777 935 a

101 982 144 1007 10
159 984 299 1028 ponas
327 968 582 1013 scandalum
611 968 658 1010 in
688 967 889 1025 agilitate
918 969 1009 1010 tua.
1080 965 1183 1008 Non
1214 980 1364 1023 pecces
1396 965 1443 1008 in
1475 965 1623 1008 multi-

159 1039 315 1083 tudine
334 1038 531 1082 ciuitatis
550 1051 629 1082 nec
653 1040 699 1080 te
728 1036 944 1079 immittas
971 1036 1018 1078 in
1042 1035 1278 1093 populum;
1309 1050 1450 1093 neque
1471 1035 1626 1092 alliges

159 1109 354 1166 duplicia
372 1110 654 1166 peccata,nec
674 1107 791 1150 enim
815 1106 863 1149 in
883 1120 973 1149 uno
1001 1105 1088 1148 eris
1112 1105 1335 1149 immunis.
1397 1105 1501 1148 Noli
1532 1119 1626 1147 esse

158 1177 452 1236 pusillanimis
483 1177 530 1220 in
560 1176 709 1220 anima
739 1178 841 1227 tua;
881 1190 1062 1218 exorare
1092 1176 1138 1217 et
1168 1173 1311 1218 facere
1342 1174 1625 1217 elemosinam

158 1262 249 1290 non
269 1247 492 1304 despicias.
542 1245 612 1289 Ne
632 1245 774 1288 dicas:
799 1244 854 1287 In
869 1243 1156 1287 multitudine
1172 1258 1406 1286 munerum
1427 1257 1625 1287 meorum

101 1328 141 1363 15
160 1316 364 1374 respiciet
383 1315 514 1369 Deus,
534 1318 580 1358 et
599 1314 808 1358 offerente
828 1328 898 1357 me
925 1313 1019 1356 Deo
1045 1313 1262 1356 altissimo
1288 1313 1498 1371 suscipiet
1527 1329 1627 1358 mu-

159 1401 268 1429 nera
286 1400 394 1429 mea.
454 1384 557 1428 Non
585 1383 770 1426 irrideas
798 1383 1020 1426 hominem
1041 1383 1088 1425 in
1109 1382 1407 1426 amaritudine
1426 1383 1626 1437 animae;

159 1457 228 1498 est
246 1455 364 1498 enim
391 1453 468 1511 qui
491 1453 698 1496 humiliat
724 1455 770 1495 et
796 1452 967 1495 exaltat
995 1453 1335 1510 circumspector
1364 1451 1497 1496 Deus.
1554 1453 1624 1496 Ex

157 1524 228 1567 his
248 1523 451 1582 diligenti
470 1522 622 1566 lectori
642 1524 840 1566 occurret
861 1521 978 1578 quod
998 1521 1206 1564 uoluntas
1227 1521 1330 1564 boni
1357 1536 1446 1564 non
1476 1522 1625 1566 minus

158 1593 293 1637 iudici
327 1592 570 1637 necessaria
604 1595 672 1636 est
703 1606 835 1649 quam
871 1591 1033 1635 notitia
1063 1591 1136 1634 uel
1166 1593 1373 1648 potestas,
1403 1606 1503 1635 cum
1534 1607 1624 1636 non

100 1682 141 1707 20
159 1663 289 1707 modo
322 1662 376 1706 de
415 1662 508 1706 suis
541 1661 618 1705 sed
653 1677 709 1705 ex
743 1661 899 1704 alienis
931 1661 1103 1704 delictis
1139 1663 1345 1704 teneatur
1379 1663 1425 1704 et
1458 1661 1623 1719 duplici

158 1746 338 1776 suorum
368 1734 414 1775 et
442 1731 628 1775 aliorum
657 1733 886 1789 prematur
911 1745 1042 1774 onere
1072 1733 1125 1773 ut
1151 1745 1231 1774 nec
1261 1730 1308 1772 in
1335 1730 1624 1774 multitudine

157 1815 391 1846 munerum
424 1801 537 1845 citra
570 1800 837 1844 munditiam
869 1800 1116 1844 uoluntatis
1150 1800 1210 1843 sit
1250 1800 1290 1843 ei
1322 1800 1484 1843 fiducia
1520 1805 1624 1844 ante
1642 1810 1671 1848 b

157 1870 314 1914 Deum.
372 1870 500 1914 Vnde
533 1873 579 1914 et
612 1870 738 1913 Plato
772 1870 947 1927 egregie
987 1869 1165 1927 quidem
1205 1872 1250 1912 et
1289 1869 1536 1912 luculenter
1570 1868 1623 1925 (si

158 1943 308 1983 tamen
328 1939 554 1998 audiatur)
572 1954 644 1983 eos
666 1939 742 1996 qui
764 1939 819 1982 de
839 1939 903 1982 rei
924 1939 1126 1996 publicae
1145 1938 1337 1996 gerendo
1357 1939 1625 1997 magistratu

99 2030 116 2053 2
122 2030 140 2064 5
158 2008 443 2060 contendunt,
472 2009 538 2052 ita
571 2008 689 2052 inter
717 2023 764 2052 se
793 2009 962 2052 uersari
994 2008 1152 2052 asserit
1187 2011 1239 2052 ut
1274 2008 1311 2051 si
1343 2012 1507 2051 nautae
1542 2009 1626 2052 sub

158 2077 345 2121 aduersa
362 2080 624 2136 tempestate
644 2078 870 2122 decertent
885 2077 985 2134 quis
1001 2092 1152 2120 eorum
1168 2077 1327 2120 debeat
1345 2078 1626 2135 potissimum

157 2147 415 2204 gubernare.
474 2147 530 2190 In
560 2162 646 2204 quo
673 2146 881 2190 fortunae
909 2146 1076 2190 calculo
1102 2150 1183 2190 aut
1214 2147 1364 2189 nullus
1392 2149 1472 2189 aut
1498 2161 1625 2190 rarus

157 2215 360 2272 idemque
391 2216 651 2260 temerarius
681 2219 749 2259 est
779 2216 855 2273 qui
885 2216 980 2259 sine
1011 2218 1183 2259 arte-et
1217 2216 1390 2258 uiribus
1419 2216 1625 2260 uendicet

157 2284 478 2342 magistratum.
539 2285 597 2328 Et
616 2300 714 2329 meo
739 2285 916 2342 quidem
944 2288 1141 2342 tempore
1168 2285 1306 2328 nichil
1329 2285 1625 2328 miserabilius

97 2376 140 2409 30
157 2353 252 2396 uidi
273 2367 405 2410 quam
429 2353 594 2397 iudices
623 2354 832 2397 scientiae
859 2354 970 2411 legis
999 2354 1189 2411 ignaros,
1209 2353 1350 2396 bonae
1377 2354 1624 2398 uoluntatis

157 2423 323 2473 inanes,
354 2422 471 2478 quod
505 2423 728 2466 conuincit
759 2437 883 2466 amor
916 2437 1151 2466 munerum
1185 2426 1230 2466 et
1265 2423 1623 2474 retributionum,

156 2491 204 2535 id
223 2490 387 2534 uirium
408 2491 524 2547 quod
543 2491 710 2535 habent
728 2491 776 2534 in
803 2492 1011 2549 obsequio
1035 2492 1251 2535 auaritiae
1279 2492 1518 2535 iactantiae
1543 2495 1623 2535 aut

155 2560 301 2605 carnis
331 2561 376 2603 et
405 2560 633 2618 sanguinis
663 2564 917 2604 exercentes
944 2564 989 2604 et
1015 2575 1043 2604 a
1068 2561 1328 2605 necessitate
1356 2561 1622 2606 sacramenti

160 2679 203 2709 12
228 2667 420 2715 dupplitia
435 2668 468 2704 A
609 2670 655 2706 26
679 2680 813 2706 auersa
830 2669 870 2705 M

204 2782 225 2818 3
248 2773 367 2807 Iudex
394 2773 486 2808 etc.:
521 2770 625 2808 Eccli
649 2782 684 2806 x.
713 2781 744 2814 1,
770 2781 804 2809 2,
1014 2783 1038 2818 4
1062 2774 1263 2810 iudicauit:
1301 2775 1463 2810 iudicab
1458 2776 1480 2810 ‘t
1504 2774 1618 2821 Vulg.

157 2820 180 2856 8
204 2820 290 2855 Noli
313 2830 481 2873 quaerere
504 2819 597 2855 etc.·
622 2817 729 2855 Eccli
744 2817 805 2854 vii.
821 2819 928 2855 6-12.
1083 2830 1127 2866 23
1159 2822 1258 2857 Vnde
1282 2827 1315 2858 et
1337 2822 1442 2859 Plato
1467 2823 1561 2858 ete:
1586 2834 1619 2859 v.

155 2866 234 2904 Cic.
250 2867 378 2912 deOff.
400 2865 425 2902 1.
447 2874 490 2913 25
511 2864 529 2912 ξ
551 2867 594 2911 87
615 2865 791 2912 (exPlat.
806 2867 909 2912 Reip.
926 2865 976 2903 vi.
993 2868 1132 2914 4883).

1081 2959 1084 2962 ·
1446 2948 1506 2981 331
