1994 3190
201 187 282 228 507
303 188 334 218 a
678 176 940 221 IOANNIS
984 138 1497 222 SABESBERIENSIS
1629 173 1743 237 [mn.
1759 189 1820 222 111

350 296 538 354 Egregie
551 296 729 353 quidem
743 295 934 341 Ceeilius
949 296 1138 340 Balbus:
1160 296 1419 354 Imperator,
1434 297 1593 355 inquit,
1606 298 1820 356 Auguste,

348 380 450 409 cum
485 365 533 407 in
564 365 730 418 multis,
761 368 859 408 tum
893 366 941 408 in
972 380 1023 408 eo
1058 366 1250 408 maxime
1284 365 1427 409 elucet
1460 366 1697 423 prudentia
1728 370 1819 417 tua,

350 434 468 491 quod
496 434 572 477 isti
596 435 794 478 nondum
820 437 867 478 te
893 435 1073 478 omnino
1100 435 1305 478 insanum
1333 435 1634 487 reddiderunt,
1659 436 1737 493 qui
1767 439 1820 479 ut

350 504 434 546 tibi
474 504 761 561 applaudant,
792 519 882 547 non
922 504 1051 547 modo
1085 504 1171 547 diis
1209 504 1286 547 sed
1324 505 1408 547 tibi
1447 505 1533 562 ipsi
1573 508 1619 548 et
1656 505 1820 562 populo

350 573 561 616 iniuriam
581 573 766 617 faciunt.
826 574 1020 617 Deorum
1046 574 1264 631 siquidem
1283 575 1494 617 minuunt
1512 575 1820 627 reuerentiam,
1837 592 1856 627 5

350 657 460 700 quos
490 643 725 700 parificant
756 643 867 696 tibi;
910 647 957 686 te
987 646 1184 700 arguunt
1216 643 1510 700 insipientiae,
1534 643 1641 686 dum
1671 644 1820 687 condi-

350 713 486 755 tionis
517 715 621 755 tuae
652 715 928 770 repugnante
959 716 1123 755 natura
1156 715 1202 755 te
1241 726 1392 769 parem
1431 712 1689 755 numinibus
1728 727 1822 756 esse

349 781 615 839 persuadere
643 785 957 839 praesumunt;
988 784 1095 824 nota
1118 781 1446 838 superstitionis
1470 781 1658 824 inurunt
1683 796 1821 839 popu-

350 852 457 903 lum,
489 851 560 894 cui
591 851 800 894 mortales
827 851 931 894 deos
962 865 1043 908 pro
1074 850 1400 893 immortalibus
1431 851 1700 907 persuadent
1728 865 1822 894 esse

350 920 565 964 colendos.
626 920 743 963 Sane
782 920 829 962 in
865 935 915 963 eo
955 919 1123 976 aliquid
1158 919 1362 962 diuinum
1393 919 1478 962 tibi
1517 919 1659 963 inesse
1697 934 1820 963 mon·
1841 939 1883 965 10

351 989 526 1040 strabis,
560 990 598 1032 si
637 1004 788 1032 omnes
828 990 948 1040 istos,
984 989 1060 1046 qui
1101 988 1331 1032 diuinitati
1370 991 1475 1032 tuae
1514 988 1823 1033 fraudulenter

402 1178 416 1205 1
449 1170 602 1205 Cecilius
635 1170 798 1205 Balbus:
836 1167 937 1212 Quae
970 1170 1178 1214 sequuntur
1205 1179 1323 1214 usque
1356 1167 1404 1204 ad
1433 1170 1571 1215 punias
1603 1168 1689 1215 (507
1701 1169 1744 1213 Β)
1776 1180 1822 1206 ex

351 1214 515 1252 Caecilio
534 1215 663 1258 Balbo,
683 1219 836 1252 auctore
854 1215 947 1251 alias
964 1215 1111 1262 ignoto,
1126 1215 1222 1252 citat
1239 1215 1400 1252 Ioannes
1417 1218 1556 1253 noster.
1606 1215 1823 1253 Sententias

353 1262 668 1310 philosophorum
685 1268 723 1300 et
743 1263 1013 1309 imperatorum
1031 1275 1117 1299 eum
1134 1262 1175 1298 in
1192 1262 1264 1299 hoe
1281 1275 1325 1299 ea
1354 1263 1451 1299 itulo
1468 1265 1551 1300 tum
1572 1262 1614 1299 in
1632 1264 1823 1301 codicibus

328 1310 576 1356 ·quibusdam
610 1310 886 1356 Hamburgensi
926 1310 1145 1347 Monaeensi
1187 1310 1334 1347 Linden
1362 1310 1527 1358 rogiensi
1559 1310 1741 1359 Parisinis
1774 1311 1822 1348 ab

350 1357 432 1404 ipso
466 1360 632 1411 repertas
655 1362 858 1411 ‚tamquam
894 1359 1043 1411 Caecilii
1067 1359 1177 1410 Balbi
1193 1360 1248 1411 ‚de
1276 1360 1385 1412 augis
1412 1359 1708 1412 pbilosophorum
1733 1371 1824 1405 quae

350 1404 1824 1506 raamias?1053}3¹3³321300132532532315affiaafflessgae

351 1501 450 1535 sches
482 1502 659 1544 Museum,
689 1500 734 1536 N.
762 1499 803 1536 F.
829 1499 903 1536 xvi.
934 1502 991 1547 12)
1018 1499 1172 1536 Caecilii
1200 1499 1310 1536 Balbi
1333 1499 1473 1536 librum
1499 1502 1543 1536 de
1569 1503 1678 1555 nugis
1700 1502 1823 1546 philo-

353 1559 391 1582 so
418 1548 555 1590 horum,
591 1547 696 1583 ouius
729 1547 963 1584 mentionem
1003 1547 1045 1583 in
1078 1547 1271 1584 codicibus
1311 1547 1394 1583 istis
1434 1547 1576 1584 factam
1616 1548 1823 1585 invenisset

403 1594 598 1637 oeffllinus,
628 1606 705 1631 non
733 1595 850 1630 alium
879 1595 994 1632 fuisse
1021 1607 1136 1641 quam
1168 1597 1424 1631 Polior-aticum
1449 1597 1620 1632 nostrum
1647 1598 1690 1632 de
1716 1598 1826 1642 παρῶ

353 1644 551 1677 curialium
580 1647 612 1678 et
640 1644 796 1688 testi-qius
818 1643 1125 1688 philosophorum,
1143 1654 1429 1688 nonnumquam
1456 1641 1571 1680 titulo
1595 1642 1756 1680 breviori
1780 1645 1824 1680 de

354 1691 461 1734 nuqn's
475 1691 770 1744 philosophorum
787 1690 834 1726 ab
852 1689 1072 1727 auctoribus
1089 1690 1237 1727 mediae
1255 1689 1392 1727 aetatis
1409 1690 1580 1734 citatum,
1598 1692 1638 1727 et
1658 1689 1823 1728 Caecilio

354 1736 474 1773 Balbo
500 1749 523 1772 a
547 1737 718 1773 codicum
744 1737 1108 1782 Woelfflinianorum
1132 1737 1389 1784 scriptoribus,
1407 1737 1474 1783 qui
1498 1737 1623 1774 locum
1651 1740 1823 1775 nostrum

354 1783 453 1819 male
471 1783 760 1826 intellexissent,
772 1796 971 1831 perperam
989 1785 1218 1821 attributum
1231 1784 1293 1831 (ef.
1310 1785 1423 1821 etiam
1443 1785 1487 1822 V.
1503 1784 1600 1821 Rose
1617 1784 1659 1821 in
1674 1786 1826 1822 Herma

353 1830 1161 1916 ΞᾉΡὲῖῗζεέῗέἕέὦῖωἶὲἓέἔῗεξέὼθὶῧὲῗς
1175 1831 1825 1918 Ἓῖῃὶζῖἑιξῖἑθῇξῖζᾚὲἑήὲἑξ

355 1924 570 1961 nominibus
592 1926 756 1972 propriis
777 1926 980 1972 aliquando
1002 1926 1246 1981 titubantem,
1272 1929 1429 1963 Balbum
1452 1926 1590 1964 dixisse
1615 1939 1675 1964 sus
1703 1908 1826 1964 ie’atus

382 1983 467 2009 uem
486 1972 621 2010 melius
639 1975 801 2009 Plinium
826 1976 892 2010 aut
916 1975 1118 2010 Secundum
1143 1976 1387 2017 nominasset,
1401 1975 1469 2010 sub
1490 1974 1643 2011 nomine
1698 1974 1827 2012 aecilii

389 2019 466 2055 albi
496 2020 534 2056 C.
560 2020 767 2058 Caecilium
796 2020 962 2057 Plinium
995 2021 1207 2058 Secundum
1238 2021 1355 2059 latere
1384 2021 1624 2058 existimavit.
1685 2021 1826 2059 Locum

355 2066 486 2113 itatius
506 2070 677 2105 nostrum
696 2081 716 2105 e
735 2070 954 2114 Panegyrico
975 2070 1130 2105 Traiani
1152 2068 1324 2105 Pliniano
1348 2069 1530 2106 Ioannem
1548 2068 1720 2112 traxisse,
1736 2080 1826 2107 suae

355 2117 485 2151 tamen
512 2116 652 2152 aetatis
678 2115 887 2152 Latinitate
913 2128 1019 2152 usum
1046 2128 1124 2153 esse
1151 2128 1216 2163 pro
1247 2119 1350 2153 certo
1379 2116 1515 2153 habuit
1541 2116 1598 2152 vir
1623 2116 1824 2164 egregius:

355 2161 464 2198 cuius
490 2163 718 2199 sententiam
745 2162 786 2199 in
814 2163 886 2199 hae
916 2175 955 2199 re
983 2165 1131 2200 secutus
1159 2167 1216 2200 est
1242 2163 1616 2207 Schaarschmidtius,
1646 2165 1828 2201 Iohannes

354 2210 643 2252 saresberiensis,
714 2238 722 2246 .
739 2219 798 2257 95,
820 2219 897 2255 107,
913 2213 976 2247 108
993 2210 1090 2253 (vide
1107 2214 1235 2248 tamen
1247 2211 1450 2248 Woelfflin.
1468 2212 1595 2247 Rheon.
1614 2212 1708 2248 Mus.
1728 2211 1773 2248 N.
1785 2211 1826 2249 F.

356 2256 429 2294 xvi.
447 2259 521 2301 61).
571 2258 664 2295 Woe
722 2258 807 2294 inus
825 2261 950 2295 autem
978 2260 1117 2300 (Rhein.
1143 2261 1237 2295 Mus.
1264 2258 1307 2295 N.
1331 2258 1369 2295 F.
1395 2258 1467 2295 xvi.
1492 2258 1578 2305 617)
1596 2270 1762 2296 errorem
1779 2259 1826 2297 de

357 2303 553 2341 citationis
569 2304 732 2342 formula
748 2317 856 2342 suum
879 2305 1045 2342 libenter
1068 2306 1267 2346 confessus.
1287 2306 1410 2342 locum
1436 2310 1566 2343 tamen
1594 2308 1765 2343 nostrum
1787 2308 1827 2344 et

357 2363 380 2388 a
397 2351 487 2387 libri
507 2352 672 2389 Pliniani
689 2352 855 2390 dictione
870 2364 986 2400 prope
999 2353 1154 2389 omnino
1167 2353 1332 2390 alienum
1350 2365 1427 2390 esse
1443 2354 1616 2397 affirmat,
1632 2356 1672 2390 et
1686 2358 1827 2400 (quam-

357 2411 482 2445 quam,
495 2399 595 2446 quod
609 2400 656 2437 ad
672 2399 919 2437 Latinitatem
934 2400 1110 2446 attineat,
1124 2401 1302 2437 Ioannem
1317 2401 1438 2448 ipsum
1452 2400 1620 2438 redolere
1637 2401 1827 2447 videatur)

359 2459 416 2482 res
439 2449 602 2484 tractare
624 2459 722 2493 quae
738 2450 780 2484 ut
800 2460 824 2484 a
847 2447 970 2484 Plinio
990 2459 1063 2484 non
1083 2450 1258 2485 narratae
1277 2451 1375 2491 sunt,
1395 2448 1451 2485 ita
1469 2448 1621 2486 saeculo
1638 2450 1725 2495 post
1741 2448 1827 2487 Chr.

359 2493 431 2530 XII
451 2495 569 2531 multo
587 2498 675 2531 sunt
695 2494 936 2542 antiquiores.
986 2494 1137 2532 loannis
1163 2495 1331 2533 incuriae
1356 2494 1396 2531 in
1423 2495 1638 2533 nominibus
1693 2496 1829 2543 ropriis

360 2542 568 2578 referendis
585 2554 692 2580 exem
723 2542 760 2579 la
776 2542 929 2579 induxit
946 2541 1284 2585 Reiffereclieidius,
1302 2544 1445 2579 Enthet.
1467 2545 1532 2589 198
1545 2555 1646 2590 seqq.
1684 2544 1829 2581 Fur-vus

359 2601 428 2635 pro
457 2591 613 2630 virbium)
636 2591 685 2626 1’0
703 2592 763 2627 ier.
782 2589 858 2627 viii.
876 2591 949 2627 600
980 2602 1014 2635 q.
1034 2593 1296 2631 ‹Por-tunsam
1342 2602 1381 2627 ro
1405 2591 1677 2637 Postuminam)
1696 2593 1826 2629 Polior.

359 2635 435 2672 viii.
460 2647 498 2682 ¹4
519 2639 684 2675 (Publius
710 2638 857 2674 Clodius
872 2649 940 2695 pro
953 2602 1108 2674 ‘immina
1124 2639 1261 2684 Syr-um).
1340 2638 1383 2675 ed
1402 2638 1544 2675 Fumm
1561 2650 1647 2675 cum
1671 2639 1828 2684 Virbius,

359 2685 608 2720 Portmeianua
624 2697 709 2722 cum
722 2686 977 2722 Postumaanua
992 2685 1148 2731 aliquid.
1166 2686 1301 2721 Balbus
1310 2697 1394 2721 oum
1410 2687 1555 2722 Plinius
1566 2689 1632 2723 aut
1644 2687 1830 2724 Secundus

360 2730 454 2767 nihil
484 2743 683 2769 commune
712 2732 852 2777 habet;
879 2735 1074 2779 praeterea
1099 2744 1234 2769 nomen
1264 2734 1414 2769 Clodius
1439 2744 1507 2780 pro
1537 2732 1691 2770 nomine
1716 2735 1829 2781 Syma
1871 2772 1876 2778 ,

360 2790 461 2862 guero
480 2791 604 2816 errore
622 2779 804 2828 scriptum
821 2791 900 2818 esse
917 2791 993 2818 non
1009 2782 1180 2824 constat3
1206 2780 1290 2818 vide
1307 2780 1620 2818 commentarium
1639 2781 1685 2818 ad
1703 2780 1827 2820 locum

359 2837 399 2863 in
420 2838 460 2862 ra
478 2835 544 2871 772
560 2836 599 2863 Α.
