1994 3190
228 156 313 205 448
331 156 361 195 d
706 153 968 198 IOANNIS
1009 153 1524 198 SARESBERIENSIS
1677 152 1787 214 [111ss.
1803 164 1844 199 11

376 272 677 331 impossibilia,
708 277 754 317 et
788 289 845 317 ex
876 274 1034 331 quouis
1069 273 1184 317 falso
1214 273 1438 331 quaelibet
1469 272 1594 317 falsa.
1655 273 1703 317 Si
1739 288 1846 318 uero

376 343 644 387 obtinuisses
671 359 729 387 ex
762 358 871 387 uero
905 343 1080 394 falsum,
1109 343 1205 386 iure
1236 346 1281 386 et
1312 358 1368 386 ex
1397 343 1619 386 sententia
1648 343 1847 386 omnium

377 427 583 468 quererer
602 428 672 456 me
699 428 727 456 a
750 413 908 456 semita
931 412 1136 456 ueritatis
1160 412 1412 455 abductum.
1473 412 1576 455 Non
1601 415 1752 455 tamen
1776 412 1847 455 his

377 482 792 538 importunitatibus
821 485 1003 525 eatenus
1033 496 1219 539 premor,
1243 485 1296 525 ut
1325 475 1459 538 quod
1474 482 1743 538 inopinabile
1767 485 1846 531 est,

377 550 482 594 licet
513 551 738 594 inueniam
772 554 995 595 consortes
1025 551 1195 601 erroris,
1230 551 1411 608 propria
1443 551 1695 594 temeritate
1731 551 1847 594 tueri
1867 570 1885 604 5

224 633 313 672 449
333 633 363 662 a
378 620 652 664 contendam.
712 621 830 664 Malo
854 635 954 663 cum
983 620 1268 670 Academicis,
1287 620 1324 663 si
1354 623 1505 663 tamen
1535 620 1623 662 alia
1651 620 1729 662 uia
1757 634 1848 662 non

378 692 543 746 pateat,
573 690 627 733 de
657 690 844 748 singulis
879 690 1084 732 dubitare
1118 704 1251 746 quam
1286 689 1531 746 perniciosa
1564 689 1848 732 simulatione

378 759 586 802 scientiae
608 760 725 816 quod
745 760 948 817 ignotum
965 758 1037 802 uel
1057 759 1365 802 absconditum
1381 761 1449 801 est
1466 761 1631 801 temere
1646 757 1848 808 diffinire,

377 829 638 884 praesertim
669 829 716 871 in
741 844 828 885 quo
854 828 1086 871 assertioni
1113 842 1236 871 meae
1263 827 1356 871 fere
1386 831 1508 871 totus
1538 827 1850 870 aduersabitur

378 897 582 940 mundus.
642 897 792 954 quue
823 897 1033 939 libentius
1063 896 1347 940 Academicos
1376 896 1520 948 audio,
1547 897 1666 954 quod
1695 909 1848 939 eorum
1870 914 1911 938 10

378 981 491 1023 quae
521 966 626 1009 noui
654 965 791 1010 nichil
816 966 1040 1016 auferunt,
1060 969 1106 1009 et
1132 965 1179 1008 in
1209 966 1363 1009 multis
1393 966 1567 1010 faciunt
1595 965 1849 1015 cautiorem,

378 1050 640 1092 magnorum
671 1035 869 1078 uirorum
899 1035 1164 1078 auctoritate
1193 1035 1377 1085 suffulti,
1401 1050 1502 1078 cum
1532 1035 1590 1078 ad
1614 1050 1686 1078 eos
1713 1037 1849 1079 etiam

378 1106 427 1146 in
458 1108 683 1148 senectute
722 1105 952 1147 transierit
986 1104 1071 1154 ille,
1104 1104 1151 1146 in
1187 1119 1274 1161 quo
1309 1104 1531 1148 Latinitas
1565 1108 1718 1148 nostra
1756 1106 1850 1150 solo

378 1174 565 1224 inuenit,
601 1174 809 1230 quicquid
838 1173 1045 1216 insolenti
1076 1173 1258 1216 Greciae
1293 1174 1519 1231 eleganter
1548 1174 1733 1231 opponit
1768 1178 1850 1219 aut

378 1243 587 1300 praefert,
608 1243 862 1287 Ciceronem
883 1243 1048 1300 loquor,
1070 1243 1257 1286 Romani
1282 1248 1505 1287 auctorem
1522 1244 1696 1301 eloquii,
1717 1259 1848 1301 quem
1870 1259 1909 1293 15

379 1312 437 1355 ad
469 1327 542 1356 eos
581 1313 706 1369 quasi
747 1313 794 1354 in
834 1313 950 1355 calce
989 1313 1111 1355 uitae
1150 1313 1383 1357 diuertisse
1418 1314 1530 1356 liber
1569 1313 1635 1356 De
1671 1314 1849 1357 Natura

379 1382 575 1425 Deorum
625 1381 864 1438 inscriptus
909 1381 1046 1424 docet.
1127 1381 1326 1425 Efferant
1373 1382 1511 1426 Stoici
1558 1382 1850 1440 inopinabiles

380 1451 624 1494 sententias
670 1465 784 1500 suas,
828 1465 938 1507 quas
984 1450 1232 1508 paradoxas
1278 1455 1451 1502 uocant,
1498 1467 1627 1495 ueras
1671 1453 1850 1509 quidem

334 1527 363 1565 b
381 1520 628 1577 praeclaras
655 1522 700 1562 et
727 1519 1031 1572 admirabiles;
1061 1534 1141 1563 nos
1166 1521 1322 1577 pingui
1345 1519 1413 1577 (ut
1439 1521 1621 1578 dicitur)
1646 1521 1850 1565 Minerua

380 1593 563 1647 agentes
609 1589 744 1632 nichil
794 1603 946 1632 eorum
1000 1590 1306 1646 approbamus,
1354 1605 1466 1647 quae
1515 1591 1720 1634 omnibus
1769 1594 1849 1634 aut
1869 1609 1912 1632 20

380 1659 584 1716 pluribus
623 1663 703 1702 aut
741 1659 1015 1715 sapientibus
1055 1659 1242 1717 singulis
1282 1660 1330 1703 in
1375 1659 1589 1703 facultate
1628 1675 1709 1703 sua
1748 1676 1848 1719 pro-

380 1728 670 1771 babilioribus
700 1728 814 1771 falsa
843 1743 936 1771 esse
972 1729 1193 1772 uidentur.
1255 1729 1359 1779 Nec,
1390 1730 1426 1772 si
1463 1729 1616 1774 Cicero
1647 1731 1741 1788 ipse
1771 1735 1851 1775 aut

380 1797 635 1840 Aristotiles
665 1797 934 1855 impossibile
964 1813 1019 1841 ex
1050 1798 1247 1855 possibili
1278 1799 1535 1856 producant,
1568 1800 1851 1857 adquiescen-

380 1868 487 1911 dum
528 1882 692 1918 censeo,
732 1882 802 1910 me
842 1867 991 1924 potius
1031 1868 1180 1925 aliqua
1220 1867 1421 1911 fallaciae
1461 1869 1579 1912 nube
1618 1870 1850 1927 deceptum

380 1936 683 1979 uerisimiliter
724 1936 948 1993 opinabor.
1029 1936 1125 1980 Hac
1170 1951 1275 1993 ergo
1325 1938 1400 1979 uia
1451 1938 1697 1982 tendiculas
1748 1943 1850 1983 tuas
1872 1951 1912 1986 25

380 2007 592 2065 egredior,
612 2010 666 2049 ut
685 2006 828 2049 dicam
849 2005 1176 2063 prouidentiam
1200 2007 1293 2049 falli
1320 2022 1407 2050 non
1428 2022 1565 2064 posse,
1587 2023 1678 2051 rem
1700 2012 1851 2052 tamen

381 2090 494 2133 quae
534 2075 714 2132 prouisa
752 2078 830 2125 est,
867 2089 992 2132 posse
1028 2090 1115 2118 non
1152 2076 1340 2119 euenire.
1413 2077 1501 2119 Sed
1543 2077 1650 2134 quid
1686 2077 1851 2122 inferre

380 2145 661 2190 consueueris
695 2145 795 2188 scio.
856 2144 974 2201 Ergo
1007 2145 1213 2202 possibile
1246 2149 1313 2188 est
1348 2161 1443 2189 cam
1480 2161 1568 2188 non
1604 2161 1696 2190 esse
1727 2162 1851 2204 prae-

382 2215 535 2256 uisatn.
617 2214 735 2264 Esto,
776 2214 969 2270 inquam.
1051 2214 1150 2266 Quo
1189 2214 1308 2257 ultra
1347 2216 1657 2271 progrederis?
1723 2216 1852 2274 Ergo,

383 2284 541 2340 inquis,
577 2282 842 2326 reclamante
882 2283 1172 2340 philosophia,
1205 2287 1251 2326 et
1290 2284 1404 2340 quod
1443 2287 1511 2327 est
1543 2299 1631 2328 non
1667 2300 1771 2336 esse,
1807 2289 1852 2330 et
1871 2302 1915 2336 30

382 2352 498 2409 quod
523 2352 611 2395 fuit
631 2352 835 2409 possibile
852 2356 919 2394 est
940 2367 1026 2394 non
1050 2352 1197 2402 fuisse,
1213 2357 1259 2395 et
1274 2367 1386 2409 quae
1408 2354 1494 2396 iam
1516 2354 1853 2411 praeterierunt,

341 2436 365 2466 c
384 2421 577 2465 reuocari
601 2426 785 2479 possunt
806 2436 859 2464 ne
883 2421 1060 2464 fuerint.
1123 2421 1337 2479 Equidem
1364 2422 1585 2466 infinitam
1607 2424 1853 2480 potentiam

382 2543 405 2578 6
429 2538 691 2576 achademicoa
710 2539 740 2574 A
867 2549 910 2585 23
936 2538 1248 2585 acquiescendum
1267 2538 1361 2576 CBA
1486 2551 1533 2587 30
1558 2541 1809 2590 phylosophia
1825 2541 1854 2580 C

384 2597 428 2634 32
456 2586 506 2623 Et
524 2586 678 2633 quidem
699 2586 735 2621 M

433 2693 485 2733 16,
508 2700 548 2736 17
579 2693 631 2727 De
649 2692 791 2727 Natura
816 2692 993 2726 Deorum:
1020 2702 1050 2726 v.
1071 2690 1145 2727 Cic.
1166 2692 1208 2726 ‹10-
1226 2692 1271 2728 N.
1296 2693 1337 2727 1).
1359 2691 1427 2727 i-v.
1447 2691 1488 2739 ἕξ
1513 2703 1615 2730 1-12.
1811 2702 1852 2740 17

382 2741 644 2786 inopinabiles:
672 2739 719 2775 cf.
743 2737 837 2775 Gon.
865 2740 906 2774 N.
936 2741 979 2774 A.
1009 2738 1092 2775 xvii.
1117 2749 1180 2781 ¹23
1206 2739 1253 2775 ef.
1282 2739 1355 2776 Οιο.
1385 2742 1565 2777 I'aradox.
1588 2741 1757 2779 Prooem.
1780 2740 1797 2790 ξ
1817 2752 1850 2788 4.

386 2797 429 2834 19
451 2789 586 2834 pinqm‘
607 2787 795 2823 Minerva:
822 2785 896 2823 Cic.
917 2787 1013 2822 lael.
1037 2796 1052 2832 5
1075 2792 1092 2834 ᾗ
1117 2796 1167 2832 19.
