1994 3190
152 237 252 273 on».
267 224 318 288 v]
511 191 515 195 ’
665 222 1100 268 PomcRArIcvs
1625 231 1708 272 420
1724 221 1754 262 d

152 346 347 391 ciuitatis
395 343 673 387 Hierusalem
716 344 884 400 quanta
931 341 1121 384 uastitas
1165 343 1210 384 et
1259 343 1426 398 quanta
1475 340 1613 384 fuerit

151 416 424 459 diuersarum
444 412 654 456 mortium
669 414 850 469 strages,
863 411 962 467 quis
982 425 1061 467 per
1080 411 1187 453 haec
1202 411 1378 467 singula
1398 410 1612 453 bellorum

150 483 352 528 extiterit
377 482 543 532 modus,
563 484 608 524 et
637 483 689 523 ut
709 480 968 538 (secundum
998 479 1043 521 id
1074 479 1191 535 quod
1220 480 1461 536 prophetae
1490 479 1613 522 dixe-

150 552 269 608 rant)
289 551 557 594 abominatio
577 549 859 593 desolationis
879 548 926 590 in
946 548 1041 605 ipso
1067 548 1287 604 quondam
1309 549 1391 590 Dei
1414 548 1613 591 famosis-

113 638 133 672 5
150 621 260 664 simo
289 620 498 663 collocata
527 620 586 662 sit
614 619 791 676 templo,
818 620 955 674 utque
986 617 1042 659 ad
1072 617 1280 659 ultimum
1310 620 1468 660 cuncta
1498 618 1614 674 ignis

150 689 386 746 populatus
409 689 468 731 sit
492 691 538 731 et
556 689 735 731 flamma
754 686 1084 743 consumpserit,
1105 686 1142 728 si
1171 686 1269 742 quis
1293 686 1466 742 plenius
1487 700 1613 734 nosse

149 759 260 809 uult,
280 758 508 801 historiam
529 757 704 814 Iosephi
725 757 902 813 relegat.
953 755 1046 798 Nos
1061 770 1168 798 uero
1187 770 1243 798 ex
1263 755 1333 797 his
1353 770 1405 797 ea
1424 758 1612 803 tantum,
1629 763 1702 803 421
1721 764 1752 792 a

150 842 262 885 quae
293 827 351 870 ad
379 826 732 884 explanationem
763 825 953 882 suscepti
983 825 1127 882 operis
1157 823 1392 873 sufficiunt,
1421 839 1612 867 assume-

152 911 274 950 mus;
302 897 350 939 in
370 896 530 954 quibus
559 895 709 945 refert,
741 895 858 952 quod
885 909 942 937 ex
969 894 1088 937 omni
1118 893 1256 937 Iudea
1282 893 1434 950 populi
1466 894 1512 935 in
1542 893 1613 936 die

95 982 137 1006 ιο
152 966 319 1010 solenni
351 965 541 1008 Paschae
571 964 882 1013 Ierosolimam,
902 963 1027 1006 uelut
1057 963 1226 1005 exitiali
1258 963 1448 1019 quadam
1478 976 1613 1004 manu

151 1037 343 1093 cogente,
381 1036 691 1078 conuenerant.
769 1032 890 1085 Quos
934 1032 1082 1075 tricies
1120 1034 1306 1074 centena
1344 1031 1468 1074 milia
1506 1031 1615 1073 dicit

149 1104 377 1147 hominum
417 1103 564 1152 fuisse,
599 1103 716 1145 iusto
756 1102 920 1144 scilicet
960 1101 1043 1144 Dei
1083 1101 1257 1151 iudicio,
1296 1104 1492 1158 ternpore
1533 1100 1614 1142 hoc

150 1172 332 1216 ultionis
361 1172 508 1222 electo,
527 1174 580 1214 ut
604 1171 679 1228 qui
710 1171 757 1212 in
781 1170 936 1213 diebus
967 1170 1158 1213 Paschae
1188 1170 1454 1213 saluatorem
1485 1183 1614 1211 suum

151 1244 196 1286 et
215 1241 479 1286 saluatorem
500 1240 728 1284 Christum
750 1239 929 1282 Domini
954 1240 1148 1283 cruentis
1173 1239 1378 1282 manibus
1409 1242 1453 1282 et
1483 1238 1614 1280 sacri-

27 1368 29 1371 ·
93 1329 132 1363 15
151 1311 260 1369 legis
298 1310 480 1354 uocibus
518 1310 756 1360 uiolarunt,
795 1309 842 1352 in
882 1309 990 1366 ipsis
1030 1309 1185 1352 diebus
1225 1308 1349 1351 uelut
1388 1308 1435 1350 in
1475 1322 1613 1350 unum

150 1395 365 1424 carcerem
394 1380 537 1423 omnis
567 1378 807 1422 multitudo
834 1378 1038 1421 conclusa
1069 1378 1219 1421 feralis
1249 1392 1387 1435 penae
1415 1377 1615 1425 exitium,

151 1450 267 1507 quod
301 1449 563 1499 merebatur,
593 1448 826 1505 exciperet.
902 1447 1155 1490 Praeteribo
1186 1461 1291 1489 sane
1322 1461 1434 1503 quae
1466 1447 1511 1488 in
1542 1460 1615 1488 eos

150 1519 222 1562 uel
251 1518 387 1577 gladii
414 1518 544 1562 caede
573 1517 645 1560 uel
671 1517 770 1560 aliis
795 1516 898 1559 belli
923 1516 1138 1560 machinis
1159 1516 1319 1559 collata
1338 1519 1455 1565 sunt,
1475 1514 1614 1570 expli-

149 1602 272 1641 care3
301 1603 353 1632 ea
371 1586 690 1637 tantummodo,
710 1601 822 1643 quae
849 1586 972 1629 dirae
994 1586 1125 1629 famis
1147 1586 1294 1629 inedia
1321 1585 1614 1642 pertulerunt,

93 1673 136 1698 πο
151 1657 391 1715 supradicti
411 1656 754 1714 historiographi
770 1656 1044 1699 sermonibus
1058 1655 1293 1712 proferam,
1309 1670 1396 1712 quo
1416 1654 1612 1711 legentes

151 1725 256 1770 haec
298 1726 551 1784 intelligant
594 1728 810 1783 quantum
850 1725 1011 1783 piaculi
1051 1725 1110 1768 sit
1152 1725 1314 1767 audere
1354 1724 1522 1780 aliquid
1562 1723 1609 1765 in
1627 1729 1657 1768 b

151 1794 376 1840 Christum
419 1798 465 1839 et
505 1809 638 1852 quam
682 1795 895 1853 grauibus
939 1809 1047 1838 ausa
1095 1794 1322 1852 suppliciis
1365 1793 1612 1850 expientur.

151 1864 247 1923 Age
275 1865 436 1922 itaque,
467 1865 649 1922 quintus
680 1864 855 1921 Iosephi
887 1864 1173 1907 historiarum
1204 1863 1316 1906 liber
1345 1865 1538 1920 ponatur
1568 1862 1615 1903 in

68 1951 71 1954 ⁴
152 1933 306 1984 medio,
326 1949 382 1978 ex
401 1949 488 1991 quo
508 1934 650 1977 omnis
677 1949 828 1977 eorum
856 1933 1055 1976 luctuosa
1085 1933 1286 1991 tragedia
1316 1934 1616 1990 pernoscatur.

95 2021 135 2056 ²5
154 2002 381 2046 Diuitibus
406 2006 555 2046 autem
579 2018 846 2061 permanere,
867 2003 1024 2060 inquit,
1045 2005 1124 2045 aut
1150 2002 1293 2060 perire
1318 2016 1456 2044 unum
1480 2004 1615 2057 atque

151 2071 268 2114 idem
307 2074 412 2115 erat.
477 2072 525 2115 Si
566 2073 683 2116 enim
722 2072 769 2115 in
807 2072 916 2114 urbe
955 2071 1309 2128 permansissent,
1349 2070 1615 2114 facultatum

151 2154 330 2184 suarum
359 2156 490 2185 causa
519 2142 700 2185 crimine
727 2141 908 2194 obiecto,
929 2141 1053 2198 quasi
1084 2141 1161 2197 qui
1192 2140 1246 2183 de
1276 2139 1616 2197 transfugiendo

151 2209 405 2266 cogitarent,
428 2210 770 2267 perimebantur.
830 2210 1090 2268 Necessitas¹
1112 2225 1218 2254 uero
1248 2210 1380 2253 famis
1410 2209 1614 2252 factioso-

150 2291 249 2320 rum
287 2278 527 2322 extollebat
568 2279 894 2337 arrogantiam3
938 2282 983 2322 et
1018 2282 1256 2336 utrumque
1296 2278 1427 2322 simul
1467 2277 1615 2320 inedia

95 2363 137 2397 30
151 2361 250 2390 cum
297 2348 546 2391 temeritate
594 2348 824 2391 crescebat.
904 2349 1081 2392 Publice
1121 2348 1298 2405 quidem
1339 2347 1614 2390 frumentum

152 2430 367 2473 nusquam
396 2418 574 2460 omnino
604 2420 710 2468 erat,
739 2418 815 2460 sed
845 2418 1063 2461 irruentes
1092 2418 1215 2460 urbis
1245 2417 1486 2475 praedones
1517 2431 1614 2473 per·

153 2485 463 2528 scrutabantur
481 2486 647 2537 domus,
668 2489 713 2530 et
733 2487 769 2530 si
791 2487 898 2544 quid
918 2487 1203 2537 inuenissent,
1220 2489 1448 2543 tamquam
1469 2486 1523 2529 de
1544 2486 1614 2528 his

154 2551 230 2607 qui
257 2551 516 2604 fefellerant,
547 2569 682 2611 penas
711 2556 967 2607 sumebant3
998 2556 1034 2598 si
1070 2570 1176 2599 uero
1206 2570 1295 2598 non
1328 2555 1613 2604 inuenissent,

158 2686 174 2712 1
201 2675 399 2714 ierusalem
416 2678 440 2715 S
603 2690 627 2726 4
650 2680 908 2717 abhominatio
927 2680 992 2717 SM
1172 2690 1190 2728 5
1218 2680 1357 2717 collata
1375 2679 1414 2716 M
1498 2727 1503 2733 ⁴
1524 2727 1530 2732 ο
1591 2688 1611 2724 7

155 2756 360 2811 hystoriam
376 2758 449 2794 AM
614 2771 657 2796 ιο
680 2761 843 2815 sollenni
860 2761 905 2796 Αι
920 2775 928 2797 :
953 2761 1128 2799 sollemni
1146 2761 1170 2797 S
1336 2727 1587 2806 19(ῗέἔῖὶὲοἏ
1602 2773 1612 2797 :

155 2803 317 2861 exicioS
399 2853 406 2861 .
506 2816 552 2842 20
575 2807 740 2853 hystono
810 2808 877 2854 phi
894 2808 934 2844 M
1135 2819 1179 2854 23
1205 2810 1331 2844 sextus
1355 2806 1479 2843 (ῬΒΑι
1511 2809 1614 2854 (quid

155 2851 318 2886 habuerat
333 2850 374 2887 0²
391 2858 564 2889 moeream
580 2853 644 2900 est)
779 2855 1006 2901 ystoriamm
1022 2856 1062 2891 M
1216 2865 1260 2899 27
1285 2855 1351 2901 qui
1367 2867 1434 2891 om.
1455 2855 1494 2889 M

1463 2933 1503 2968 75
