1994 3190
228 171 310 222 580
328 173 359 212 b
707 168 967 214 IOANNIS
1007 167 1520 213 SARESBERIENSIS
1689 167 1803 229 [ΠΒ.
1815 180 1848 214 v

331 293 360 333 b
380 293 448 335 est
476 289 766 334 muneribus?
839 289 1159 332 Felicissimum
1188 304 1337 347 regem
1369 289 1627 347 Anglorum,
1657 291 1703 333 et
1731 289 1847 333 Nor-

378 374 644 402 mannorum
683 362 730 402 et
778 358 1047 416 Aquitaniae
1097 359 1242 402 adhuc
1295 359 1638 402 inuictissimum
1691 352 1848 402 ducem

377 430 604 486 interroga
650 429 758 486 quid
801 429 935 472 etiam
980 428 1035 472 de
1083 429 1153 472 his
1201 429 1367 472 sentiat
1410 443 1519 485 quos
1558 428 1762 479 intrudit,
1802 431 1849 472 et

378 499 506 549 dicet,
541 501 593 541 ut
625 498 792 555 opinor,
824 498 930 555 quia
962 512 1050 541 non
1085 501 1154 541 est
1184 498 1351 541 malum
1384 497 1432 540 in
1467 498 1584 541 clero
1619 497 1736 555 quod
1771 497 1848 541 isti

378 583 468 611 non
498 567 677 611 faciant.
1868 582 1887 618 5

438 637 754 694 Episcoporum
783 650 943 680 nomen
973 639 1019 679 et
1048 635 1239 679 officium
1268 636 1521 679 uenerabile
1550 638 1630 687 est,
1653 636 1691 679 si
1720 638 1850 679 tanta

378 706 639 763 impleretur
658 705 954 748 sollicitudine
970 708 1139 762 quanta
1158 705 1385 748 interdum
1405 706 1576 762 petitur
1595 705 1848 748 ambitione.

380 775 439 818 Et
458 776 751 832 diligerentur
777 776 830 818 ut
856 778 1016 832 patres,
1037 774 1303 817 timerentur
1322 777 1374 817 ut
1402 774 1581 825 domini,
1601 773 1851 818 colerentur

378 848 432 888 ut
452 845 606 895 sancti,
625 844 662 887 si
683 844 987 887 exactionibus
1008 847 1240 901 parcerent
1267 845 1313 887 et
1339 843 1588 900 proicerent
1615 858 1672 886 ex
1699 843 1849 887 animo

379 915 589 972 quicquid
604 914 810 972 prouenit
829 929 886 957 ex
897 913 1149 970 calumpnia
1169 915 1214 956 et
1225 927 1399 955 omnem
1420 917 1652 970 quaestum
1668 913 1849 956 minime
1869 927 1911 951 10

378 985 608 1028 crederent
630 984 854 1042 pietatem.
915 983 1122 1027 Ceterum
1143 982 1228 1025 sibi
1256 982 1551 1025 reuerentiam
1578 983 1851 1026 subtrahunt

380 1057 426 1097 et
457 1068 662 1104 amorem,
694 1053 801 1096 dum
836 1054 1024 1095 honores
1058 1052 1273 1102 ambiunt,
1307 1051 1539 1108 pecuniam
1573 1051 1771 1109 cupiunt,
1803 1054 1849 1096 et

379 1123 452 1166 uel
473 1138 575 1166 suas
595 1122 767 1166 faciunt
786 1122 859 1166 uel
878 1123 1045 1165 alienas
1064 1121 1338 1179 calumpnias
1365 1120 1532 1164 fouent.
1593 1121 1652 1164 Et
1671 1121 1850 1178 quidem

380 1193 526 1236 nescio
566 1192 783 1249 quomodo
822 1195 974 1235 notam
1023 1193 1069 1234 et
1117 1205 1277 1247 penam
1316 1205 1490 1233 omnem
1530 1190 1725 1234 euadant
1773 1191 1851 1248 qui
1930 1204 1935 1210 ’

339 1273 365 1303 c
382 1261 655 1304 exactionem
686 1263 732 1303 et
760 1260 898 1303 totius
928 1259 1216 1317 calumpniosi
1247 1262 1456 1316 quaestus
1491 1259 1576 1302 sibi
1611 1259 1669 1302 ad
1702 1259 1850 1304 minus
1870 1277 1910 1312 15

381 1331 549 1374 bessem
577 1330 826 1373 uendicant.
885 1329 1004 1372 Nam
1030 1331 1111 1372 aut
1137 1328 1326 1372 solidum
1353 1343 1494 1371 assem
1520 1331 1741 1386 usurpant
1766 1329 1852 1372 sibi

380 1402 471 1450 aut,
501 1402 555 1442 ut
588 1399 791 1449 multum,
820 1399 1030 1442 trientem
1064 1398 1301 1441 dumtaxat
1330 1398 1649 1442 archidiaconis
1679 1401 1725 1442 et
1753 1398 1853 1442 aliis

381 1469 641 1513 officialibus
683 1470 754 1521 (ne
793 1469 937 1512 dicam
977 1483 1077 1512 cum
1119 1468 1283 1526 populo
1321 1468 1539 1512 ministris
1578 1468 1853 1528 iniquitatis)

381 1539 555 1582 cedunt.
636 1538 723 1582 Sed
762 1553 842 1582 nec
890 1538 1027 1596 legati
1078 1538 1204 1581 Sedis
1249 1538 1514 1595 apostolicae
1552 1553 1710 1582 manus
1749 1553 1852 1582 suas

382 1609 617 1652 excutiunt
657 1609 714 1651 ab
753 1608 873 1652 omni
912 1623 1105 1658 munere,
1145 1607 1221 1665 qui
1260 1607 1485 1651 interdum
1523 1608 1571 1650 in
1610 1609 1851 1666 prouinciis
1869 1624 1913 1649 πο

382 1678 448 1721 ita
479 1678 776 1722 debaoeantur
805 1693 855 1722 ac
886 1678 923 1721 si
954 1678 1010 1720 ad
1043 1676 1280 1721 Ecclesiam
1309 1677 1620 1734 flagellandam
1650 1693 1853 1736 egressus

382 1748 443 1791 sit
478 1747 649 1790 Sathan
681 1762 708 1790 a
743 1747 856 1790 facie
891 1747 1083 1790 Domini.
1155 1746 1430 1791 Concutiunt
1469 1747 1656 1804 angulos
1696 1747 1853 1791 domus

382 1820 436 1860 ut
462 1819 745 1874 prosternant
771 1816 886 1859 filios
913 1820 958 1859 et
984 1816 1099 1859 filias
1125 1816 1220 1859 eius
1247 1816 1323 1873 qm‘
1350 1816 1584 1874 languores
1611 1819 1657 1860 et
1682 1817 1854 1861 dolores

382 1886 633 1929 animarum
664 1886 840 1929 curauit
878 1885 926 1927 in
960 1900 1099 1929 cruce.
1170 1884 1462 1929 Commouent
1501 1889 1546 1928 et
1585 1886 1854 1930 conturbant

384 1959 550 1998 terram
586 1958 638 1998 ut
669 1954 908 1998 uideantur
942 1955 1103 1997 habere
1138 1954 1255 2012 quod
1289 1955 1437 1998 sanari
1476 1958 1691 2012 oporteat.
1766 1955 1853 2000 Hic
1873 1970 1912 2006 ²5
1987 1957 1994 2006 .,3

386 2027 536 2068 tamen
573 2039 662 2068 non
693 2024 748 2067 de
778 2024 981 2067 omnibus
1011 2038 1154 2067 sermo
1184 2027 1263 2074 est,
1293 2024 1369 2068 sed
1410 2024 1463 2068 de
1500 2025 1568 2068 his
1599 2025 1675 2082 qui
1707 2024 1854 2069 Patris
1983 2024 1994 2061 3²

388 2093 620 2137 uoluntate
653 2096 905 2150 contempta
941 2093 1144 2137 seruiunt
1176 2108 1292 2136 suae.
1365 2093 1552 2137 Constat
1592 2094 1710 2138 enim
1749 2093 1856 2151 quia

343 2163 372 2203 d
391 2163 436 2205 in
471 2162 591 2205 omni
630 2161 770 2205 officio
808 2162 964 2205 domus
1003 2161 1182 2205 Domini
1221 2163 1283 2205 sic
1323 2162 1636 2220 relinquuntur
1673 2163 1855 2220 quidam

389 2236 441 2275 ut
462 2231 536 2274 alii
558 2233 851 2274 assumantur.
911 2231 1013 2274 Vidi
1043 2246 1123 2288 ego
1152 2231 1243 2288 ipsc
1272 2232 1318 2274 in
1340 2231 1550 2275 'omnibus
1578 2232 1648 2276 his
1668 2232 1855 2277 decanos

386 2301 553 2344 scilicet
573 2300 899 2344 archidiaconos
915 2300 1138 2357 episcopos
1158 2304 1203 2343 et
1224 2301 1391 2358 legatos
1412 2304 1540 2344 tanta
1559 2301 1855 2346 sollicitudine
1873 2318 1915 2353 30
1971 2301 1988 2327 ⁴·

387 2370 560 2428 operari
591 2370 637 2412 in
669 2384 806 2413 messe
837 2369 1015 2412 Domini
1049 2373 1100 2413 ut
1130 2370 1288 2414 merito
1318 2370 1421 2413 fidei
1453 2374 1498 2414 et
1528 2371 1711 2414 uirtutis
1737 2373 1856 2416 recte

389 2470 410 2496 2
479 2459 694 2496 uitanorum
709 2457 734 2494 Β
775 2469 828 2541 Μ3
845 2457 920 2506 his]
935 2457 1011 2495 suis
1026 2458 1092 2494 SM
1165 2460 1188 2496 6
1200 2465 1281 2505 post
1298 2458 1568 2507 Episcoporum
1586 2462 1670 2496 add.
1682 2462 1811 2499 tamen
1829 2459 1856 2499 S
1928 2503 1929 2506 Ἴ

389 2517 429 2543 21
487 2506 723 2544 ebachantur
742 2505 771 2541 Β
957 2516 1001 2552 23
1028 2506 1200 2552 langores
1218 2506 1242 2542 S
1341 2518 1384 2553 29
1410 2509 1632 2544 asumantur
1649 2506 1709 2544 OB
1983 2510 1986 2517 ¹

442 2593 484 2619 ιο
507 2595 645 2619 omnem
660 2587 844 2637 quaestum
861 2583 955 2618 cte.:
984 2593 1013 2616 v.
1037 2592 1050 2619 1
1072 2581 1168 2619 Tim.
1195 2582 1241 2618 vi.
1268 2592 1285 2629 5
1491 2584 1532 2620 18
1557 2585 1787 2630 officialibus:
1813 2583 1855 2622 in

389 2631 556 2677 qfflcialeo
572 2630 596 2666 i.
610 2642 641 2667 e.
661 2629 804 2666 iudices
828 2629 1060 2676 episcopale·
1084 2629 1265 2668 acerrimo
1292 2629 1485 2667 invehitur
1509 2630 1642 2668 Petrus
1668 2630 1856 2670 Blesensin

389 2677 677 2714 archidiaconus
702 2677 780 2725 ipae
800 2678 869 2723 Ep.
888 2688 958 2712 xxv
978 2676 1122 2723 (Migno
1141 2679 1181 2713 1¹.
1200 2679 1242 2714 L.
1260 2677 1364 2714 ccvii.
1383 2679 1427 2714 88
1443 2679 1572 2724 seqq).
1720 2689 1763 2725 19
1785 2680 1857 2716 Sed

389 2737 452 2761 nec
480 2727 510 2760 le
534 2726 587 2760 ati
614 2727 710 2763 etc:
739 2724 847 2761 Hanc
871 2723 1100 2760 sententiam
1127 2724 1243 2760 minio
1273 2725 1419 2762 notavit
1444 2725 1580 2762 Matth.
1607 2725 1788 2763 Parkerus
1812 2725 1854 2763 in

391 2772 470 2810 cod.
543 2785 655 2819 mam.
765 2782 803 2809 21
835 2783 991 2818 cyr-eumue
1007 2774 1101 2808 etc:
1129 2783 1159 2808 v.
1182 2772 1247 2808 lob
1264 2772 1305 2808 ii.
1323 2782 1355 2817 7.
1451 2783 1495 2809 22
1523 2774 1739 2810 Concutiunt
1755 2776 1852 2812 eta:

391 2832 422 2855 v.
444 2819 507 2856 lob
526 2818 551 2856 i.
573 2823 622 2864 18,
640 2830 693 2867 19.
789 2820 833 2857 28
858 2820 908 2855 nic
926 2821 1183 2866 relinquuntur
1195 2822 1291 2857 cte.:
1317 2832 1349 2856 v.
1370 2819 1483 2858 Matt.
1502 2819 1600 2857 xxiv.
1619 2831 1676 2867 40,
1695 2830 1753 2868 41.

501 2892 566 2926 35⁴
