1994 3190
211 207 309 243 ou.
324 195 415 257 vn]
730 193 1164 240 PouoRA'novs
1688 163 1776 244 486
1795 192 1826 235 <1

268 319 487 360 astrorum
517 315 694 372 ignoro;
733 314 870 357 funus
898 314 1156 371 promittere
1185 314 1326 371 patris

268 389 347 417 nec
375 373 477 416 uolo
506 388 585 416 nec
613 386 814 430 possum3
852 386 1060 414 ranarum
1090 372 1260 414 uiscera
1289 386 1530 428 numquam
1688 372 1769 422 487
1791 382 1822 411 a

268 431 441 488 inspexi
454 445 464 483 ;
504 430 620 473 ferre
649 430 706 472 ad
736 433 921 486 nuptam
953 444 1065 486 quae
1095 430 1238 472 mittit
1267 430 1453 479 adulter,

268 503 380 546 quae
409 488 602 538 mandat,
632 492 798 530 norunt
827 487 926 539 alii;
966 502 1036 529 me
1065 501 1194 529 nemo
1223 488 1427 530 ministro

173 570 192 604 5
268 547 343 589 fur
372 547 468 596 erit,
499 549 631 602 atque
661 545 759 588 ideo
788 545 900 587 nulli
929 559 1072 587 comes
1102 559 1220 594 exeo,
1251 548 1478 601 tamquam

266 618 447 647 mancus
477 607 522 646 et
550 603 772 646 extinctae
801 617 958 659 corpus
987 617 1076 645 non
1106 602 1216 645 utile
1246 602 1439 645 dextrae.

210 694 350 752 Fugio
381 709 484 752 ergo
511 695 665 738 urbem
690 694 829 737 tantis
856 693 1202 737 obscenitatibus
1229 693 1431 750 plenam3
1471 692 1670 736 adulato-

208 778 307 808 rum
327 764 537 808 ueneficio
558 764 798 807 toxicatam
819 764 911 806 suis
931 762 1235 806 adulatoribus
1249 762 1523 819 derelinquo.

825 856 994 898 Viuant
1023 854 1234 898 Arturius
1263 854 1363 897 istic

151 934 192 959 10
265 918 311 959 et
341 914 527 960 Catulus
540 929 550 967 ;
589 917 798 957 maneant
828 914 903 971 qui
934 914 1112 971 nigrum
1142 913 1190 956 in
1220 912 1408 956 candida
1436 915 1634 955 uertunt.

209 1007 302 1052 Nec
326 1010 475 1050 tamen
505 1008 638 1050 unius
666 1006 789 1049 urbis
818 1008 995 1048 tantum
1025 1004 1139 1047 uitia
1168 1003 1348 1062 depingi
1376 1003 1553 1056 credas3
1583 1004 1672 1046 iam

207 1076 346 1120 totius
365 1076 483 1119 orbis
510 1078 628 1119 sunt.
689 1074 817 1129 Quod
841 1074 899 1117 ad
928 1074 1050 1117 istud
1075 1073 1226 1117 orbem
1249 1073 1496 1116 Romanum
1520 1072 1675 1125 crede;

207 1145 387 1189 memini
414 1160 483 1188 me
510 1145 684 1188 audisse
714 1144 961 1187 Romanum
988 1143 1240 1200 pontificem
1268 1142 1447 1186 solitum
1475 1142 1675 1185 deridere

207 1214 492 1267 Lumbardos,
522 1214 740 1258 dicentem
771 1228 844 1257 eos
874 1213 1056 1271 pilleum
1086 1212 1291 1256 omnibus
1322 1212 1673 1269 colloquentibus

151 1302 190 1336 ¹5
208 1283 364 1336 facere,
385 1298 435 1327 eo
457 1283 573 1340 quod
598 1283 645 1326 in
676 1283 858 1326 exordio
878 1282 1084 1326 dictionis
1110 1282 1456 1325 beniuolentiam
1481 1285 1672 1339 captent,
1688 1286 1717 1324 b

208 1356 253 1396 et
283 1367 433 1396 eorum
468 1368 568 1396 cum
601 1353 761 1410 quibus
793 1352 954 1410 agitur,
985 1351 1133 1408 capita
1165 1351 1355 1408 quodam
1395 1350 1671 1394 commenda-

206 1421 341 1466 tionis
379 1422 657 1466 demulceant
695 1422 801 1465 oleo.
876 1421 962 1464 Fili
1001 1422 1075 1471 mi,
1110 1421 1257 1477 inquit
1293 1420 1513 1470 Salomon,
1549 1420 1587 1463 si
1627 1423 1673 1463 te

199 1490 471 1535 lactauerint
490 1495 750 1549 peccatores,
771 1506 827 1534 ne
847 1491 1104 1548 adquiescas
1123 1490 1195 1533 eis.
1256 1490 1348 1547 Ipsi
1377 1490 1495 1532 enim
1519 1492 1674 1533 contra

208 1561 467 1619 sanguinem
494 1576 623 1604 suum
652 1561 932 1611 insidiantur,
960 1563 1005 1603 et
1034 1559 1279 1602 moliuntur
1309 1558 1489 1602 fraudes
1519 1562 1674 1602 contra

149 1648 193 1674 ιο
208 1630 377 1674 animas
399 1645 510 1674 suas.
557 1630 744 1674 Prohibe
765 1630 921 1688 pedem
941 1633 1069 1672 tuum
1090 1643 1117 1672 a
1137 1628 1306 1672 semitis
1327 1643 1489 1671 eorum.
1536 1628 1673 1671 Pedes

207 1699 324 1742 enim
357 1714 506 1743 eorum
537 1700 594 1742 ad
623 1700 789 1742 malum
817 1702 1014 1750 currunt,
1041 1702 1086 1742 et
1117 1698 1333 1741 festinant
1359 1701 1412 1741 ut
1443 1697 1674 1740 effundant

206 1769 475 1827 sanguinem.

207 1916 312 1975 Cap.
344 1928 381 1973 7.
440 1917 666 1961 Fraudem
704 1916 1005 1960 adulatorum
1043 1915 1100 1959 in
1142 1915 1286 1959 initio
1328 1914 1591 1965 uitandam,
1631 1918 1670 1957 et

264 1986 382 2044 quod
411 1986 681 2030 muneribus
710 1990 793 2030 aut
822 1985 1135 2043 obsequiorum
1173 1984 1436 2042 difficultate
1475 1984 1671 2028 ualidis-

151 2083 191 2118 ²5
267 2056 376 2101 sime
398 2055 612 2113 procedit.

265 2159 374 2204 Ecce
389 2160 460 2203 uir
478 2159 829 2217 sapientissimus
844 2160 891 2202 in
903 2159 995 2203 filio
1010 2158 1214 2202 erudiens
1231 2158 1461 2201 uniuersos
1476 2160 1670 2200 assenta-

207 2232 354 2273 torum
366 2229 556 2286 gratiam
568 2229 772 2272 omnibus
787 2232 1035 2286 suspectam
1051 2228 1198 2271 reddit
1213 2240 1450 2283 omnesque
1465 2226 1671 2275 deterret,

209 2301 254 2342 et
272 2298 353 2342 hoc
373 2298 550 2354 quidem
570 2298 618 2340 in
637 2298 778 2349 initio,
797 2313 849 2341 eo
869 2298 985 2342 forte
1005 2298 1122 2355 quod
1143 2300 1260 2340 recte
1284 2296 1560 2354 gradientem
1580 2296 1669 2352 pri-

208 2382 306 2410 mus
326 2367 604 2410 adulatorum
619 2382 876 2425 congressus
891 2368 1138 2426 impugnat.
1187 2366 1309 2409 Haec
1325 2364 1512 2408 fortasse
1533 2379 1669 2408 mere-
1688 2377 1714 2407 e

211 2497 256 2532 14
279 2486 409 2524 dicens
425 2486 555 2524 GBSM

257 2606 280 2642 9
309 2598 445 2632 Vivant
461 2597 553 2632 etc.:
578 2593 653 2633 Iu'v.
670 2597 743 2632 Sat.
761 2595 818 2633 iii.
838 2606 892 2642 29,
912 2607 969 2643 30.
1132 2605 1174 2641 13
1200 2596 1351 2630 memini
1367 2622 1377 2632 .
1399 2620 1408 2630 .
1426 2622 1435 2630 .
1454 2595 1546 2631 oleo:
1573 2593 1670 2630 citat

210 2643 320 2680 Pauli
343 2645 440 2691 Mon.
469 2645 588 2678 Germ.
614 2645 708 2680 Hist.
735 2643 847 2679 xxvii.
873 2656 911 2689 p.
938 2652 995 2690 45.
1098 2645 1325 2689 pontificem:
1360 2654 1408 2678 sc.
1433 2641 1673 2677 Hadrianum

211 2691 275 2727 IV.
383 2700 426 2734 14
446 2691 598 2736 pilleum
609 2694 755 2735 facere:
778 2707 814 2720 =
811 2693 915 2736 faire
932 2693 963 2726 le
979 2691 1150 2737 chapmu,
1169 2689 1328 2736 Anglice
1345 2691 1424 2725 take
1439 2700 1532 2734 your
1545 2691 1607 2724 hat
1622 2689 1679 2733 off

211 2744 255 2780 to,
271 2751 304 2774 v.
322 2737 381 2773 Du
398 2737 525 2783 Gange
542 2749 567 2773 e.
581 2750 614 2773 v.
627 2739 759 2783 pileus.
907 2739 949 2774 16
972 2740 1094 2784 capita
1110 2740 1181 2774 etc.
1196 2750 1204 2772 :
1229 2749 1261 2772 v.
1282 2737 1338 2772 Ps.
1358 2736 1430 2773 cxl.
1450 2745 1480 2782 5.
1630 2745 1670 2779 17

210 2786 291 2822 Fili
307 2787 398 2822 etc.:
423 2784 528 2821 Prov.
544 2784 568 2820 i.
589 2795 642 2820 10.
787 2785 829 2822 18
854 2786 934 2831 Ipsi
951 2790 1046 2822 etc.:
1072 2785 1178 2821 Prov.
1198 2784 1222 2820 i.
1245 2785 1298 2820 18.
1451 2794 1497 2820 20
1521 2784 1672 2819 Prohibe

214 2835 306 2870 eta:
331 2831 436 2868 Prov.
453 2830 479 2868 i.
499 2839 554 2877 15,
575 2833 628 2868 16.

1499 2900 1562 2945 187
