1994 3190
209 198 296 238 403
313 186 344 228 d
693 186 952 231 IOANNIS
983 186 1495 231 SARESBERIENSIS
1685 188 1796 244 [Lm.
1807 199 1828 230 1

361 307 462 351 uelo
490 307 739 358 uerborum,
769 322 956 364 quorum
991 307 1143 350 eadem
1183 307 1435 364 substantia
1464 310 1544 360 est,
1575 307 1699 350 nulla
1731 322 1828 364 pro-

362 377 479 420 fecto
500 376 750 419 differentia
779 379 857 420 est.
917 377 1040 430 Quae
1070 377 1189 433 apud
1210 377 1400 420 Graecos
1419 377 1736 434 coepulationis
1756 376 1829 419 uel

362 446 702 503 compotationis
728 450 962 490 censentur
987 446 1176 498 nomine,
1196 461 1224 488 a
1243 446 1370 489 nobis
1390 446 1631 489 honestiori
1652 446 1830 489 nomine

363 516 572 559 conuiuia
589 515 889 559 nominantur.
947 515 1084 559 Cetus
1103 516 1321 572 siquidem
1341 515 1675 559 conuiuentium
1696 530 1830 572 quam

363 585 692 642 coepulantium
707 588 787 628 aut
802 585 1150 642 compotantium
1166 584 1461 627 uenerabilior
1476 587 1552 628 est.
1611 583 1831 628 Conuiuia
1850 602 1869 635 5

364 669 472 697 uero
498 669 644 697 nonne
663 669 742 711 per
761 668 807 697 se
827 654 936 697 satis
963 654 1206 706 insaniunt,
1226 653 1313 696 nisi
1340 654 1610 696 carminibus
1638 654 1832 697 exciten-

365 724 473 767 turi
533 723 694 766 Nonne
723 724 845 766 istud
875 723 1025 780 arguit
1055 723 1285 775 Dominus,
1315 723 1488 765 dicens:
1529 723 1595 765 Ve
1625 723 1702 779 qui
1732 737 1833 766 con-

215 808 301 847 404
319 807 349 836 a
366 793 551 850 surgitis
569 807 698 835 mane
719 793 776 835 ad
797 793 1057 835 ebrietatem
1077 792 1344 843 sectandam,
1365 795 1410 834 et
1430 792 1675 849 potandum
1695 806 1836 848 usque

367 862 425 905 ad
459 876 700 919 uesperam,
731 864 784 904 ut
818 861 924 904 uino
960 862 1156 905 estuetis.
1216 860 1402 905 Cithara
1437 865 1482 904 et
1516 861 1602 903 lira
1636 864 1681 904 et
1715 864 1835 918 tym-

366 945 533 989 panum
566 935 611 975 et
645 931 758 974 tibia
790 934 835 973 et
870 931 1026 973 uinum
1067 931 1114 972 in
1155 931 1374 974 conuiuiis
1408 930 1594 982 uestris3
1639 933 1685 973 et
1724 945 1837 988 opus
1855 945 1920 968 10·

368 1001 549 1044 Domini
570 1016 659 1044 non
680 1001 909 1058 respicitis,
932 1003 977 1043 et
1003 1015 1136 1057 opera
1161 1015 1374 1043 manuum
1399 1001 1494 1043 eius
1521 1015 1610 1043 non
1639 999 1838 1043 conside-

369 1071 492 1114 ratis.
553 1070 671 1123 Quid
700 1070 818 1127 quod
844 1085 924 1112 rex
945 1070 1189 1126 Babylonis
1209 1084 1299 1113 non
1318 1070 1405 1113 nisi
1426 1070 1474 1112 in
1494 1069 1700 1113 conuiuio
1720 1069 1838 1112 uidit

369 1155 550 1183 manum
586 1139 818 1183 scribentis
853 1139 899 1181 in
932 1140 1101 1196 pariete
1130 1151 1274 1190 MANE,
1307 1151 1501 1190 TECHEL,
1533 1151 1726 1190 PHARES,
1750 1153 1838 1196 quo

371 1224 558 1267 regnum
586 1209 917 1251 dinumeratum
947 1222 1191 1265 appensum
1219 1208 1512 1251 denuntiatur
1543 1211 1590 1251 et
1623 1208 1838 1252 scissum?

372 1278 538 1322 Diuino
558 1278 775 1334 siquidem
802 1277 964 1320 iudicio
994 1277 1247 1334 principatu
1272 1277 1494 1321 iudicatur
1517 1278 1739 1336 indignus,
1760 1277 1836 1335 qui
1858 1294 1897 1329 15

371 1362 480 1391 uasa
499 1347 692 1399 Domini,
713 1347 910 1389 humana
933 1346 1140 1389 uidelicet
1170 1361 1365 1404 corpora,
1387 1347 1434 1389 in
1461 1362 1604 1390 uanae
1633 1347 1838 1404 uolupta-
1861 1365 1871 1380 =

372 1417 431 1460 tis
451 1416 615 1474 gaudia
635 1416 831 1472 exponit,
847 1418 892 1458 et
912 1416 1060 1472 sponsi
1082 1415 1328 1459 thalamum
1349 1416 1532 1474 maligni
1554 1416 1738 1474 spiritus
1758 1416 1838 1458 im-

374 1485 608 1529 munditiis
638 1485 792 1542 aperit.

492 1565 683 1610 Centum
714 1565 957 1608 luminibus
985 1566 1178 1610 cinctum
1208 1569 1342 1623 caput
1372 1566 1520 1624 Argus
1550 1565 1754 1616 habebat,

375 1663 487 1706 quae
498 1648 646 1691 omnia
653 1648 785 1691 unius
791 1649 966 1691 fistulae
979 1648 1210 1706 uoluptate
1222 1663 1311 1692 non
1325 1652 1417 1692 tam
1430 1650 1575 1707 sopita
1587 1652 1692 1692 sunt
1706 1663 1840 1706 quam
1861 1666 1903 1690 20

329 1723 358 1761 b
376 1719 584 1762 extincta.
645 1718 712 1760 Tu
733 1717 832 1774 quis
852 1733 909 1769 es,
922 1718 998 1775 qui
1016 1722 1060 1761 te
1075 1718 1502 1776 circumspectiorem
1522 1733 1616 1762 esse
1632 1719 1842 1763 confidis}

492 1847 599 1905 Cap.
623 1845 662 1902 7.
708 1848 772 1892 De
800 1848 1186 1893 dissimilitudine
1216 1850 1417 1908 Auyusti
1446 1854 1484 1894 et
1515 1849 1721 1894 Neronis.

436 1924 641 1980 Augusto
671 1923 1005 1980 tympanizante
1036 1924 1082 1966 in
1113 1939 1223 1967 cena
1247 1940 1275 1968 a
1301 1925 1492 1982 quodam
1519 1925 1713 1968 militum
1745 1940 1844 1982 pro-

378 1994 503 2037 brose
518 1993 685 2036 dictum
699 1996 767 2035 est
780 2009 788 2035 :
814 1993 1000 2036 Videsne
1015 1997 1067 2036 ut
1081 1994 1262 2037 cinedus
1276 1995 1425 2038 orbem
1442 1994 1583 2052 digito
1598 1995 1845 2051 temperet'i

380 2063 519 2108 Cuius
548 2061 622 2104 ille
652 2062 776 2104 uerbi
807 2076 1038 2118 percussus
1064 2063 1360 2107 amaritudine
1390 2079 1450 2114 os,
1477 2078 1646 2114 manus,
1673 2067 1718 2107 et
1748 2064 1842 2107 ani·
1863 2080 1904 2115 ²5

380 2147 501 2175 mum
530 2131 575 2173 in
603 2146 734 2174 cuum
763 2131 820 2174 ab
845 2132 1095 2175 huiusmodi
1124 2133 1306 2178 leuitate
1332 2133 1575 2191 suspendit,
1600 2134 1844 2191 habuitque

379 2216 550 2258 semper
579 2194 772 2257 gratiani
801 2202 1099 2258 exprobranti.
1159 2202 1247 2246 Sed
1278 2203 1406 2260 longe
1435 2217 1559 2247 secus
1595 2202 1726 2256 Nero,
1756 2218 1846 2247 non

382 2318 402 2344 2
429 2307 490 2344 uel
527 2306 646 2343 autM
743 2317 766 2351 9
791 2305 1007 2353 CytharaM
1073 2306 1288 2353 timpanum
1302 2305 1402 2341 ASM
1498 2316 1542 2343 ιο
1564 2305 1714 2353 tybiaC
1805 2317 1846 2353 13

382 2355 491 2392 ccthe
529 2354 587 2390 M:
614 2353 737 2391 tethel
757 2353 781 2388 S
874 2364 915 2410 ¹⁴.
938 2353 1073 2389 cinnum
1093 2353 1116 2389 S
1203 2364 1244 2411 {9
1269 2354 1389 2400 capud
1408 2354 1439 2389 A
1524 2364 1566 2390 22
1594 2353 1847 2391 similitudine

382 2402 513 2439 OBA¹2
537 2401 836 2437 dissimulatione
856 2401 915 2436 P
903 2413 941 2436 m
960 2403 1087 2437 indice.
1137 2400 1177 2445 (S
1201 2403 1238 2437 in
1265 2403 1381 2437 mdice.
1403 2403 1550 2437 titulum
1569 2414 1646 2448 cap.
1671 2404 1721 2437 vii
1745 2403 1849 2438 habet

404 2451 521 2486 nalem
552 2451 737 2492 dedimam
769 2454 807 2484 at
835 2450 908 2495 ipen·
939 2461 979 2483 ca
1011 2450 1098 2484 malo
1119 2452 1237 2494 praefi
1239 2461 1288 2484 ,τα
1314 2450 1483 2494 loquutur
1513 2462 1603 2496 quae
1627 2454 1848 2495 sequuntur:

381 2463 429 2534 ge
463 2495 581 2534 eculin
613 2495 696 2542 argi
731 2496 945 2542 exemplum
980 2461 1017 2531 ξι
1019 2496 1146 2532 bulum
1182 2495 1296 2554 ponit
1318 2495 1463 2533 ovidius
1495 2497 1846 2543 metamorphoseos,

381 2557 481 2591 quma
500 2556 579 2580 eum
598 2546 635 2579 in
655 2555 817 2590 mammo
833 2545 1030 2589 superior-in
1046 2556 1123 2590 cap.
1142 2546 1296 2590 repom-'u
1310 2546 1469 2589 debcant,
1483 2556 1554 2591 pro
1576 2545 1679 2581 titulo
1698 2556 1775 2591 cap.
1800 2546 1851 2581 vin·

382 2594 538 2639 scriptor
551 2604 611 2627 acc
613 2593 698 2638 pit)
842 2601 885 2636 23
912 2590 1187 2637 timpanizantc
1207 2590 1273 2627 MS

432 2687 578 2730 aouae
594 2686 694 2731 apud
711 2686 805 2722 etex
831 2683 906 2720 Cic.
924 2685 967 2718 de·
984 2684 1115 2719 Senece.
1136 2682 1229 2730 §45
1340 2691 1361 2728 7
1394 2682 1847 2739 Veetc.:Isa.v.{1,12.

388 2696 755 2779 12²r0213aby10m10:
785 2732 868 2769 vide
886 2730 978 2767 Dan.
998 2742 1028 2766 v.
1181 2740 1222 2776 19
1250 2733 1398 2766 (lentum
1416 2733 1512 2767 etc.:
1538 2731 1604 2767 Ov.
1623 2733 1707 2767 Met.
1725 2730 1748 2767 i.
1763 2710 1848 2815 ’6c5f

385 2792 431 2865 w
459 2783 619 2835 Αηριιειο
642 2782 712 2816 «tc.
731 2793 739 2815 :
765 2792 794 2815 ν.
817 2779 916 2815 Suet.
939 2780 1030 2824 Aua.
1049 2779 1119 2822 683
1146 2779 1228 2814 Ner.
1249 2788 1305 2823 20,
1324 2788 1379 2825 23,
1398 2787 1441 2826 25
1461 2779 1535 2822 fin„
1560 2789 1607 2825 30
1627 2778 1722 2815 med.
1777 2778 1791 2826 (

435 2827 568 2866 olfflxni
590 2828 768 2865 Caecllius
786 2828 932 2871 Balbum,
952 2837 986 2873 p.
1006 2837 1038 2871 4.
1046 2827 1058 2872 )

495 2903 538 2936 44
