1994 3190
203 172 288 212 395
305 161 336 202 d
682 161 943 205 IOANNIS
983 161 1499 206 SARESBERIENSIS
1677 161 1787 223 [ΜΒ.
1802 169 1824 206 1

353 282 584 325 redeamus
623 282 682 325 ad
721 285 907 335 nostros,
945 283 1022 339 qui
1057 285 1103 326 et
1137 282 1329 326 ueritate
1364 283 1603 337 doctrinae,
1638 283 1823 326 uirtutis

352 352 566 408 exemplo,
586 354 632 394 et
660 351 764 395 fidei
791 352 1056 395 auctoritate
1086 351 1371 409 praecellunt,
1399 367 1508 408 quos
1533 353 1824 411 Augustinos,

353 420 608 473 Ieronimos,
638 420 913 474 Laurentios,
946 421 1215 473 Vincentios‚
1255 435 1365 477 quos
1405 421 1594 478 denique
1633 422 1687 464 de
1727 424 1824 464 toto

352 493 454 533 cetu
483 494 663 547 patrum
692 491 944 533 uexationis
974 491 1107 533 huius
1136 490 1330 547 agitauit
1359 490 1566 535 insania?
1637 491 1822 534 Nostro-

353 574 453 602 rum
484 574 657 616 quoque
687 562 938 618 temporum
977 559 1190 602 luctuosis
1219 559 1484 602 instruimur
1518 561 1731 618 exemplis
1765 559 1823 603 ab
1841 576 1860 610 5

351 629 606 672 huiusmodi
637 629 945 686 inquietudine
978 632 1238 685 temperare,
1275 643 1376 672 cum
1416 643 1615 686 proceres
1649 632 1824 673 nostros

351 698 471 740 inter
489 698 743 741 uenandum
765 698 883 741 ueris
903 698 1127 754 uariisque
1148 698 1374 741 miraculis
1400 698 1650 755 indignatio
1669 699 1825 742 diuina

351 768 629 824 percusserit,
649 767 967 824 bestialemque
988 782 1118 824 saepe
1138 767 1393 811 inuenerint
1413 768 1585 811 exitum
1605 768 1726 811 uitae
1746 769 1824 826 qui

351 837 459 879 dum
498 837 626 880 licuit
665 837 912 880 bestialiter
955 837 1176 880 uixerant.
1256 836 1451 894 Regibus
1496 852 1670 895 quoque
1715 837 1825 895 ipsis

351 921 510 949 manus
540 906 721 949 Domini
752 921 842 949 non
869 905 1078 963 pepercit,
1099 909 1145 948 et
1174 905 1222 948 in
1251 906 1469 949 malitiam
1494 921 1646 950 eorum
1675 907 1823 951 condi-
1843 917 1894 948 10·-

350 989 486 1032 gnam
507 978 552 1018 et
570 975 807 1033 gloriosam
828 975 1027 1018 exercuit
1046 974 1274 1019 ultionem.
1324 975 1427 1018 Non
1448 976 1651 1033 equidem
1672 991 1824 1020 eorum

352 1045 534 1088 nomina
563 1045 636 1088 uel
667 1045 870 1102 exempla
896 1059 953 1087 ex
979 1044 1131 1101 inopia
1160 1044 1414 1098 reticentur,
1434 1045 1520 1089 nisi
1549 1061 1605 1088 ex
1632 1061 1683 1089 ea
1708 1046 1824 1089 forte

200 1116 287 1166 396
307 1125 336 1155 a
354 1128 487 1171 quam
514 1114 634 1171 parit
660 1114 798 1171 copia,
829 1113 906 1157 sed
932 1128 988 1157 ne
1015 1116 1186 1157 mentes
1212 1113 1462 1172 lugentium
1493 1115 1637 1158 adhuc
1669 1115 1823 1159 immo·

353 1183 507 1226 derato
546 1183 696 1226 dolore
731 1183 952 1227 sauciatas
992 1183 1236 1226 recentium
1276 1183 1558 1228 refricatione
1587 1185 1824 1228 uulnerum

352 1253 536 1310 grauius
556 1252 813 1295 ulceremus.
859 1252 1113 1296 Domestica
1132 1268 1322 1311 namque
1342 1256 1448 1297 sunt
1469 1255 1670 1311 exempla
1689 1269 1823 1311 quam
1844 1267 1886 1306 ¹5

352 1322 569 1378 plurimis.
630 1321 686 1363 In
707 1324 881 1364 tantam
901 1336 1007 1364 uero
1029 1322 1210 1378 quidam
1230 1323 1363 1366 huius
1378 1323 1593 1366 uanitatis
1609 1323 1824 1366 instinctu

353 1405 537 1447 erupere
579 1390 820 1442 uesaniam‚
850 1394 900 1434 ut
939 1391 1089 1434 hostes
1128 1395 1316 1435 naturae
1356 1393 1525 1445 fierent,
1560 1392 1825 1436 conditionis

353 1475 458 1503 suae
512 1460 801 1513 immemores,
845 1460 989 1503 diuini
1038 1461 1191 1504 iudicii
1241 1464 1573 1519 contemptores,
1620 1462 1726 1505 dum
1777 1462 1825 1505 in

352 1529 599 1572 uindictam
649 1528 846 1572 ferarum
896 1530 1136 1587 imaginem
1185 1530 1270 1574 Dei
1320 1531 1553 1588 exquisitis
1596 1531 1824 1588 suppliciis

351 1599 656 1656 subiugarent.
718 1598 813 1642 Nec
844 1599 978 1642 ueriti
1011 1603 1117 1642 sunt
1148 1600 1371 1643 hominem
1401 1615 1481 1658 pro
1510 1601 1696 1645 bestiola
1726 1616 1823 1658 per·
1843 1617 1886 1642 20

351 1669 468 1721 dere,
503 1684 634 1726 quem
669 1669 928 1727 unigenitus
963 1669 1048 1712 Dei
1080 1669 1269 1713 redemit
1299 1671 1515 1728 sanguine
1549 1685 1640 1714 suo.
1700 1671 1824 1724 Quae

352 1738 474 1781 ferae
495 1741 681 1782 naturae
702 1741 808 1781 sunt
831 1741 878 1782 et
902 1738 956 1781 de
983 1738 1080 1782 iure
1104 1740 1415 1796 occupantium
1435 1741 1564 1792 fiunt,
1584 1740 1668 1782 sibi
1689 1740 1826 1783 audet

352 1808 548 1851 humana
582 1808 812 1851 temeritas
842 1807 1104 1864 inspiciente
1135 1807 1327 1852 Domino
1356 1809 1603 1860 uendicare‚
1633 1812 1678 1852 et
1707 1809 1825 1852 idem

352 1877 463 1921 iuris
493 1877 540 1920 in
564 1877 768 1920 omnibus
792 1876 1058 1933 ubicumque
1085 1877 1177 1920 sint
1204 1878 1375 1929 statuit,
1400 1893 1451 1922 ac
1481 1878 1518 1921 si
1546 1878 1727 1922 claustri
1755 1878 1825 1922 sui

353 1947 562 2005 indagine
578 1947 788 1990 uniuersa
803 1946 1026 1991 cinxisset.
1077 1947 1291 2004 Quodque
1307 1948 1448 2006 magis
1464 1948 1633 1998 mirere,
1649 1948 1826 2005 pedicas
1845 1963 1887 1997 ²5

304 2024 335 2061 b
353 2031 510 2075 parare
550 2016 720 2068 auibuS,
756 2015 935 2072 laqueos
975 2019 1139 2067 texere,
1171 2016 1344 2060 allicere
1380 2017 1521 2060 modis
1556 2017 1628 2060 uel
1662 2017 1827 2070 fistula,

353 2101 404 2130 ac
434 2085 782 2142 quibuscumque
813 2085 986 2128 insidiis
1016 2085 1317 2142 supplantare,
1348 2101 1403 2129 ex
1437 2086 1579 2129 edicto
1615 2101 1743 2144 saepe
1773 2087 1827 2130 fit

353 2155 562 2205 criminis,
612 2157 659 2198 et
707 2154 779 2198 uel
833 2154 1150 2212 proscriptione
1199 2155 1413 2198 bonorum
1473 2156 1703 2208 multatur,
1753 2156 1826 2199 uel

353 2224 651 2267 membrorum
691 2223 879 2280 punitur
917 2223 1160 2280 salutisque
1199 2223 1440 2281 dispendio.
1500 2225 1709 2269 Volucres
1744 2225 1826 2269 celi

355 2297 402 2337 ct
421 2293 561 2351 pisces
589 2292 724 2336 maris
751 2307 1003 2336 communes
1027 2307 1120 2337 esse
1147 2293 1362 2347 audieras,
1384 2293 1461 2337 sed
1488 2294 1571 2337 hae
1595 2295 1687 2338 fisci
1709 2298 1826 2346 sunt,
1845 2306 1888 2339 30

360 2423 404 2458 19
439 2410 658 2458 ymaginem
693 2411 732 2447 M
926 2419 971 2455 24
1005 2408 1096 2447 uiris
1125 2409 1164 2446 M
1366 2411 1411 2447 28
1447 2410 1631 2447 bonorum
1665 2411 1827 2458 proscri-

356 2459 489 2507 ptione
508 2459 540 2494 A

405 2568 426 2602 8
447 2567 693 2612 bestialemque
709 2567 806 2602 etc.:
834 2563 881 2601 cf
901 2562 1054 2600 Ioannis
1072 2562 1191 2600 nostri
1212 2564 1280 2601 Vct.
1298 2565 1472 2608 Anselmi,
1487 2562 1526 2600 ii.
1635 2574 1657 2611 9
1675 2565 1748 2610 Rey
1751 2564 1829 2602 ibus

356 2615 452 2650 etc.:
500 2613 562 2649 Sic
597 2612 736 2650 mortui
770 2615 857 2649 aunt
889 2611 1106 2647 willelmus
1139 2610 1259 2647 Rufus
1291 2610 1499 2657 Anglorum
1534 2622 1611 2654 rex,
1646 2611 1828 2649 Ricardus

358 2660 511 2697 neberti
542 2660 649 2696 ducis
676 2659 930 2696 Normanniae
961 2658 1068 2702 filius,
1100 2658 1213 2695 Fulco
1239 2658 1518 2704 Andegnvenais
1545 2658 1827 2706 Hierosolymae

358 2719 434 2750 rex,
447 2721 470 2754 q
475 2707 510 2743 ui
526 2710 566 2744 ct
585 2707 737 2744 ilenrici
759 2707 791 2743 11
839 2709 970 2743 atruun
984 2708 1075 2750 crat,
1087 2705 1238 2753 insuper
1254 2706 1454 2742 Ioannesl’
1458 2706 1588 2743 ulcher
1597 2706 1827 2744 Graecorum

358 2722 577 2802 impul-ator.
627 2755 721 2791 Vide
739 2754 815 2791 wil
834 2755 919 2792 clm.
937 2753 991 2801 'ry
996 2766 1024 2790 r.
1043 2766 1099 2790 xv.
1121 2763 1173 2797 27.
1192 2763 1247 2790 22.
1344 2763 1391 2799 30
1414 2765 1615 2790 communes
1632 2766 1702 2790 esse
1713 2756 1827 2809 ‘audi-

357 2815 455 2840 eran:
482 2814 511 2838 v.
533 2802 727 2839 lustinum
747 2804 838 2839 Inue.
856 2801 894 2839 ii.
916 2812 930 2840 1
949 2767 991 2849 §y
988 2812 1039 2839 12.
1089 2803 1150 2839 ced
1167 2802 1328 2847 haeflscu'
1343 2806 1444 2838 mene:
1466 2801 1513 2838 cf.
1529 2801 1606 2838 luv.
1621 2804 1695 2839 Sat.
1709 2801 1755 2840 iv.
1771 2811 1828 2851 55.

469 2883 512 2918 30
