1994 3190
172 167 274 201 cir.
290 153 402 215 xxv]
684 136 1125 197 'POLIORATICVS
1656 163 1733 205 45⁷
1751 153 1781 194 d

172 275 312 318 enim:
343 273 465 316 Haec
486 272 594 316 dicit
613 271 858 323 Dominus3
888 271 1099 314 Occidisti
1128 273 1173 314 et
1200 272 1446 333 possedisti.
1505 273 1639 316 Item-

171 357 280 400 que:
315 341 371 384 In
401 355 488 398 quo
518 341 612 384 loco
641 340 872 382 linxerunt
901 354 1031 382 canes
1060 340 1321 396 sanguinem
1352 341 1547 392 Naboth,
1577 342 1640 384 ibi

170 411 343 468 lingent
373 410 634 467 sanguinem
663 410 805 458 tuum,
836 410 881 450 et
917 407 1091 450 Iezabel
1118 423 1248 451 canes
1278 410 1507 453 comedent
1536 414 1640 454 ante
1657 411 1736 462 458
1756 422 1787 451 a

170 494 319 523 muros
339 479 517 523 Iezrael.
576 477 705 531 Quod
731 492 831 521 cum
853 477 1049 520 audisset
1068 478 1203 527 Acab,
1223 478 1354 520 scidit
1373 480 1642 524 uestimenta

131 574 151 608 5
169 564 251 592 sua
285 551 331 592 et
369 548 518 606 posuit
555 561 729 609 saccum
768 561 901 604 super
938 561 1115 590 carnem
1159 561 1297 598 suam,
1337 548 1642 606 ieiunauitque

169 620 215 662 et
246 617 459 662 dormiuit
490 617 538 659 in
575 616 730 660 cilicio,
804 616 1052 673 Factusque
1090 618 1157 659 est
1192 631 1335 659 sermo
1367 617 1548 660 Domini
1583 619 1642 662 ad

169 688 364 745 Helyam
397 687 568 730 dicens:
614 685 731 739 Quia
770 685 990 728 reueritus
1029 687 1097 728 est
1131 685 1255 729 Acab
1291 685 1449 728 faciem
1485 701 1640 738 meam,

167 772 258 801 non
296 757 502 800 inducam
541 755 709 798 malum
748 755 796 797 in
837 754 993 797 diebus
1033 754 1139 798 eius.
1214 754 1323 797 Ecce
1369 769 1484 811 pena
1528 771 1641 812 quae

169 827 413 871 debebatur
441 825 576 875 Acab,
606 824 712 882 quia
743 824 1035 881 penitentiam
1067 824 1170 882 egit,
1198 824 1405 867 differtur
1438 825 1486 867 in
1521 828 1641 882 post-

37 950 43 957 ·
111 917 153 942 10
169 911 277 947 eros
310 898 355 939 et
394 894 567 938 Iezabel
605 894 654 936 in
688 894 848 937 scelere
888 909 1177 951 perseuerans
1215 895 1438 952 praesenti
1478 895 1641 938 iudicio

167 965 528 1022 condempnatur.
599 964 700 1006 Vna
734 963 974 1020 eademque
1010 963 1100 1006 fuit
1133 964 1355 1007 sententia
1393 978 1506 1020 quae
1541 979 1640 1007 san-

166 1035 347 1093 guinem
381 1033 505 1077 Acab
540 1035 586 1076 et
626 1032 799 1076 Iezabel
835 1033 1018 1076 canibus
1058 1034 1319 1090 exponebat.
1392 1033 1451 1076 Et
1489 1036 1641 1077 tamen

167 1118 248 1162 pro
277 1106 403 1161 parte
433 1105 635 1146 mutatur
662 1105 708 1146 et
736 1117 817 1160 pro
847 1104 975 1160 parte
1005 1105 1157 1146 manet
1186 1103 1435 1152 immobilis,
1461 1106 1642 1148 auctore

166 1175 416 1230 temporum
456 1172 518 1215 sic
557 1171 706 1215 omnia
752 1171 1048 1228 dispensante.
1128 1171 1202 1215 Sic
1249 1174 1295 1214 et
1335 1171 1567 1216 Niniuitae
1615 1187 1643 1215 a

111 1262 150 1297 15
167 1241 388 1300 praesenti
423 1241 594 1285 excidio
632 1241 809 1284 liberati
844 1240 1024 1283 Domini
1064 1241 1226 1284 flexere
1265 1242 1544 1292 sententiam,
1584 1256 1641 1285 ex

168 1310 310 1354 edicto
341 1310 458 1368 regis
498 1313 543 1354 et
577 1310 827 1368 principum
868 1311 1050 1367 agentes
1090 1310 1382 1367 penitentiam
1417 1311 1475 1353 ad
1514 1325 1638 1368 prae·
1658 1315 1686 1353 b

167 1379 431 1424 dicationem
452 1380 599 1424 Ionae.
659 1379 892 1437 Numquid
918 1379 1002 1422 tibi
1023 1379 1204 1423 uidetur
1223 1380 1371 1423 uerior
1396 1383 1442 1423 et
1468 1380 1642 1424 fidelior

166 1450 387 1493 sententia
413 1450 534 1493 Iouis
561 1452 607 1493 et
634 1450 792 1492 Martis
822 1464 955 1506 quam
983 1449 1205 1492 sententia
1234 1450 1478 1494 creatoris?
1537 1450 1641 1493 Non

167 1519 322 1576 utique
353 1519 500 1562 Plauti
530 1519 712 1562 consilio
741 1519 1008 1576 adquiesces,
1034 1518 1072 1562 si
1097 1518 1223 1561 istud
1253 1518 1418 1562 uirium
1449 1518 1642 1576 planetis

111 1605 153 1630 20
169 1587 461 1646 adscripseris.
520 1588 634 1632 Cum
667 1589 784 1631 enim
816 1587 1036 1631 sicofanta
1071 1588 1415 1646 Mandrogerum
1452 1603 1640 1646 percun-

167 1659 323 1708 ctetur,
354 1673 412 1701 an
451 1657 516 1700 illi
551 1658 643 1701 sint
677 1658 882 1715 planetae
913 1657 1129 1715 placandi,
1160 1658 1237 1714 qui
1267 1658 1463 1700 numeris
1491 1660 1638 1701 totum

166 1729 328 1779 rotant,
348 1742 420 1772 eos
442 1727 760 1785 Mandrogerus
780 1742 860 1770 nec
887 1728 988 1770 uisu
1012 1727 1165 1770 faciles
1188 1742 1267 1770 nec
1291 1727 1415 1771 dictu
1439 1727 1638 1771 affabiles
1656 1735 1682 1765 e

166 1811 259 1840 esse
289 1797 534 1854 respondet,
563 1797 756 1840 adiciens
786 1797 904 1854 quod
934 1799 980 1839 et
1009 1797 1211 1840 athomos
1245 1797 1293 1839 in
1328 1812 1403 1840 ore
1435 1797 1638 1848 uoluunt,

166 1860 316 1910 stellas
335 1870 582 1918 numerant,
603 1868 695 1910 sola
715 1869 889 1909 mutare
909 1881 999 1909 non
1025 1869 1211 1924 possunt
1235 1881 1325 1909 sua.
1386 1866 1459 1910 Sic
1487 1866 1639 1923 itaque

110 1947 149 1983 ²⁵
166 1949 194 1978 a
221 1935 506 1993 dispositione
533 1936 727 1979 siderum
758 1939 1000 1980 euentuum
1035 1937 1341 1979 necessitatem
1376 1936 1552 1993 ingerit,
1586 1939 1640 1979 ut

164 2003 264 2048 illos
283 2005 373 2048 sale
394 2006 502 2049 satis
521 2006 692 2050 urbano
712 2007 937 2064 eleganter
956 2006 1151 2056 irrideat,
1168 2005 1243 2062 qui
1264 2005 1411 2048 uisum
1433 2008 1640 2049 exercent

165 2072 214 2116 in
233 2075 600 2132 contemplatione
627 2090 778 2118 eorum
806 2075 882 2132 qui
903 2075 1050 2118 uisum
1071 2075 1265 2132 fugiunt,
1285 2077 1331 2117 et
1351 2074 1640 2131 interpellant

167 2155 240 2185 eos
263 2144 338 2200 qui
365 2145 486 2202 loqui
506 2144 828 2203 dedignantur3
859 2147 904 2187 et
923 2159 1024 2188 cum
1044 2145 1245 2187 athomos
1271 2145 1319 2186 in
1343 2159 1418 2187 ore
1438 2144 1638 2195 uoluant,

165 2213 406 2256 uerendum
441 2216 509 2257 est
537 2228 604 2265 ne,
642 2214 681 2258 si
716 2214 918 2258 athomos
957 2214 1197 2272 genelliaco
1241 2213 1358 2257 forte
1387 2214 1638 2265 intercidat,

166 2323 188 2360 7
205 2314 345 2352 heliam
363 2315 388 2352 S
494 2327 508 2354 1
519 2327 533 2353 1
562 2316 841 2355 condemnatur
858 2317 883 2354 S
992 2328 1039 2354 20
1064 2317 1279 2364 ascripseris
1296 2317 1379 2353 CB:
1404 2316 1640 2364 asscripseris

166 2360 192 2399 S
319 2374 362 2410 23
389 2365 427 2400 et
444 2375 512 2401 om.
528 2365 564 2401 Β
691 2374 733 2412 25
761 2366 935 2412 syderum
952 2364 1056 2402 CBM
1182 2375 1228 2412 29
1252 2365 1494 2412 genethliaco
1511 2365 1543 2401 A

218 2467 234 2511 ξ
261 2459 360 2495 Haec
378 2461 465 2496 dicit
481 2461 575 2497 etc.:
601 2471 622 2507 3
641 2459 732 2508 Reg.
749 2460 825 2497 xxi.
849 2471 902 2508 19.
1077 2472 1098 2507 3
1123 2466 1156 2497 et
1177 2462 1317 2498 Iezabel
1334 2463 1430 2499 etc.:
1455 2473 1486 2496 v.
1506 2472 1526 2507 3
1544 2461 1634 2508 Reg.

166 2515 243 2541 xxi.
261 2515 315 2550 23.
485 2517 509 2552 4
533 2519 613 2544 cum
629 2511 788 2544 audisset
805 2510 899 2545 etc.:
925 2519 945 2554 3
963 2507 1054 2555 Reg.
1074 2508 1148 2544 xxi.
1168 2519 1271 2555 27-9.
1452 2519 1494 2554 14
1520 2510 1580 2544 Sic
1605 2514 1638 2544 et

167 2552 358 2588 Niniuitae
379 2554 473 2590 etc.:
499 2566 531 2590 v.
553 2554 632 2592 Ion.
653 2554 709 2590 iii.
759 2555 864 2600 Quod
890 2558 1021 2593 tamen
1045 2568 1068 2592 a
1094 2556 1186 2592 Iona
1210 2555 1448 2602 praedictum
1474 2558 1568 2601 erat,
1595 2566 1636 2591 re

167 2609 256 2634 vera
270 2599 503 2646 completum
519 2601 630 2638 fuisse
649 2602 760 2639 docet
775 2603 1007 2650 Augustinus
1025 2606 1067 2639 de
1088 2605 1161 2640 Civ.
1181 2605 1260 2648 Dei,
1280 2603 1355 2640 xxi.
1374 2614 1432 2648 24.
1588 2612 1637 2638 20

171 2646 263 2681 Cum
279 2648 375 2682 enim
394 2649 488 2684 etc.:
512 2647 795 2686 Pseudo-Plane.
817 2652 990 2695 Querela-s
1006 2650 1046 2686 ii.
1067 2662 1098 2696 3.
1274 2662 1320 2696 23
1344 2652 1503 2687 athomos
1519 2652 1559 2685 in
1576 2661 1637 2686 ore
1691 2663 1695 2668 ’

168 2693 262 2746 etc5:
287 2693 358 2729 Pro
380 2705 438 2730 one
455 2693 705 2743 Gannegieter
723 2699 915 2742 (Querolus
930 2698 987 2734 ed.
1010 2697 1302 2735 Klinkhammer
1323 2700 1429 2745 1829)
1447 2699 1527 2734 orbe
1548 2708 1636 2733 con·

167 2741 280 2782 mmm
299 2740 459 2794 Itoannes
475 2743 604 2780 tamen
620 2755 707 2780 cum
725 2744 914 2781 codicibus
931 2745 1108 2781 omnibus
1125 2757 1184 2781 ore
1201 2744 1349 2782 habuit.
1457 2755 1504 2790 29
1521 2747 1634 2781 inter-

167 2789 285 2823 cidat:
309 2787 601 2836 mtelligendum
617 2792 674 2828 est
689 2793 734 2828 ut
750 2803 811 2839 ap.
828 2792 918 2829 Hor.
934 2794 1008 2829 Sat.
1025 2791 1064 2829 ii.
1085 2803 1119 2837 4.
1134 2793 1168 2830 6.

223 2865 304 2886 wsss
870 2861 896 2888 ’.Β
1461 2862 1523 2897 137
