1994 3236
879 206 1331 252 PROLEGOMENA

376 324 513 382 Troyi
531 325 696 383 passim
718 338 826 369 usus
845 328 924 376 est,
944 339 1078 382 quam
1107 324 1368 382 plerumque
1393 324 1477 369 sub
1501 325 1679 370 nomine
1705 324 1840 383 Trogi

375 395 556 452 Pompei
594 395 728 439 citat:
777 393 976 452 loquitur
1020 397 1171 438 autem
1211 393 1380 438 Polior.
1421 409 1463 438 v.
1507 408 1559 441 12
1603 394 1659 439 de
1699 394 1840 452 Troyo

375 463 593 521 Pompeio
611 464 686 508 uel
705 463 889 508 Iustino
909 463 1249 521 compendiario
1268 463 1368 508 eius
1389 464 1449 522 (si
1467 464 1652 522 mauis).

432 534 611 578 Avum
637 532 832 577 Fabulae
859 533 979 591 legit.
1038 532 1095 575 In
1117 532 1284 577 Polior.
1312 533 1392 578 vii.
1415 547 1482 586 24,
1506 533 1614 576 dum
1641 532 1840 576 fabulam

375 603 431 647 de
450 603 610 661 cupido
629 606 676 647 et
694 602 848 646 inuido
867 602 989 654 citat,
1009 602 1116 646 haec
1136 602 1285 646 addit:
1315 607 1368 647 ut
1389 603 1532 659 Esopo
1550 603 1625 646 uel
1646 602 1840 646 Auiano

374 674 554 726 credas;
597 672 800 716 Auianus
839 671 958 715 enim
1002 671 1096 729 ipse
1135 672 1185 715 in
1225 671 1412 730 epistola
1450 671 1509 715 ad
1548 671 1841 715 Theodosium

374 741 645 786 dedicatoria
664 741 891 798 Aesopum
910 739 1052 784 huius
1069 740 1290 785 ‘materiae
1309 741 1470 785 ducem
1489 740 1619 784 nobis
1633 740 1840 798 appellat.

434 811 599 855 Onosn
620 809 877 854 Historiam
896 809 1118 853 aduersus
1133 809 1347 867 Paya‘nos
1360 825 1489 867 saepe
1509 810 1620 854 citat
1639 810 1840 853 Ioannes.

434 879 635 923 mmm
676 879 1000 923 MERcA‘romm
1036 878 1196 936 Cyrilli
1231 878 1526 922 Alexandrini
1555 879 1842 936 interpretem

374 948 594 993 adhibuit.
652 948 765 992 Vide
785 962 921 1005 supra
939 947 994 991 de
1014 947 1238 992 CYRILLO.

435 1018 673 1062 MAcnonn
687 1016 1019 1062 Saturnalibus
1033 1020 1080 1060 et
1095 1017 1265 1061 C'omm.
1278 1016 1336 1061 in
1350 1016 1598 1061 Somnium
1612 1016 1844 1074 Scipionis

377 1088 542 1146 passim
577 1102 685 1131 usus
719 1090 797 1138 est,
833 1090 879 1130 et
912 1087 1300 1131 Saturnaliorwm
1333 1087 1588 1145 exemplari,
1617 1087 1665 1129 ni
1700 1086 1843 1137 fallor,

377 1157 433 1200 iis
463 1171 577 1214 quae
606 1156 738 1200 hodie
767 1159 948 1199 exstant
977 1156 1252 1213 perfectiore.
1309 1156 1424 1200 Vide
1454 1171 1566 1214 quae
1595 1156 1650 1199 ds
1679 1156 1762 1199 hac
1796 1170 1845 1198 re

375 1226 532 1284 scripsi
563 1226 777 1271 Classical
804 1225 990 1277 Review‚
1017 1226 1077 1278 xi,
1108 1240 1149 1283 p.
1174 1239 1257 1279 441
1289 1228 1335 1269 et
1364 1226 1413 1268 in
1442 1225 1757 1270 commentario
1786 1224 1844 1267 ad

377 1295 546 1339 Polior.
567 1295 659 1338 viii.
688 1296 729 1348 6,
758 1306 795 1350 7.
867 1295 965 1338 Iam
995 1295 1043 1338 in
1073 1295 1246 1339 saeculo
1276 1295 1376 1339 xvi⁰
1410 1295 1587 1353 scripsit
1616 1295 1843 1338 Fontanus

375 1365 435 1409 ad
454 1367 548 1409 Sat.
571 1365 631 1409 vi.
656 1379 707 1422 9:
738 1364 846 1408 Nisi
860 1364 1001 1421 plane
1026 1364 1197 1408 iudicii
1214 1364 1374 1422 fallor,
1401 1364 1704 1421 interpolauit
1724 1378 1841 1408 co‘m-

373 1434 636 1492 pilam'tque
668 1434 723 1478 id
757 1436 902 1491 operis
934 1434 1006 1488 (sc.
1039 1434 1385 1492 disputationem
1421 1435 1476 1478 de
1510 1434 1694 1479 scientia
1733 1434 1844 1477 iuris

377 1504 605 1563 auguralis
631 1503 750 1561 apud
777 1503 1024 1562 Vergilium
1051 1504 1237 1548 inuenta
1262 1504 1550 1562 deperditam,
1577 1519 1690 1562 quae
1716 1503 1844 1561 polli-

377 1574 493 1618 citus
506 1576 603 1616 erat
619 1573 861 1616 Flauianus
876 1573 924 1615 in
940 1573 1034 1617 Sat.
1055 1573 1083 1616 i.
1106 1574 1200 1631 24§
1224 1574 1305 1630 17),
1320 1577 1373 1618 ut
1385 1573 1605 1631 pleraque
1623 1571 1845 1617 Macrobii

377 1643 478 1687 alia
506 1642 602 1687 ῙοῘι.
633 1641 806 1687 Saresb.
863 1642 972 1699 Lege
1005 1641 1117 1686 libri
1143 1642 1294 1699 primi
1325 1642 1531 1700 (subaudi
1560 1641 1843 1699 Policratici)

372 1716 602 1769 postrema
627 1711 720 1756 duo
749 1710 904 1768 capita
932 1716 972 1755 et
999 1711 1226 1769 quaedam
1254 1711 1395 1756 etiam
1421 1711 1621 1764 secundi,
1639 1716 1677 1755 et
1697 1713 1845 1756 claras

378 1780 570 1839 reperies
606 1780 828 1838 reliquias
872 1781 1076 1825 ‘melioris
1122 1781 1265 1826 huius
1302 1781 1430 1825 auri.
1489 1780 1738 1824 Fatendum
1778 1785 1846 1824 est

377 1851 486 1895 haec
505 1850 788 1894 sdnotauisse
810 1850 1060 1894 Pontanum
1080 1850 1137 1894 ad
1158 1850 1296 1894 uerba
1316 1865 1344 1894 a
1358 1865 1405 1894 se
1428 1850 1525 1908 ipso
1543 1850 1711 1903 afficta3
1741 1850 1844 1894 uide

378 1919 539 1964 Ianum
561 1920 608 1963 in
623 1919 967 1976 Proleyo‘menis,
983 1934 1054 1978 pp.
1073 1935 1201 1963 xxxv
1215 1933 1358 1977 seqq.;
1387 1919 1464 1963 sed
1479 1919 1578 1963 uiro
1592 1919 1845 1964 doctissimo

378 2003 468 2033 non
502 1988 663 2042 defuit,
692 1991 745 2032 ut
783 1989 988 2032 ueritatis
1020 1989 1232 2042 studium,
1262 1989 1324 2033 sic
1359 1988 1495 2033 etiam
1534 1988 1846 2046 perspicacitas

379 2058 427 2102 in
455 2057 722 2103 coniciendo.
782 2058 1006 2102 Macrobio
1032 2058 1211 2116 quidem
1239 2057 1389 2102 deberi
1413 2072 1526 2116 quae
1550 2057 1597 2100 in
1626 2057 1787 2101 Polior.
1815 2058 1843 2101 i.

383 2141 450 2181 12,
493 2141 544 2186 13
588 2127 776 2186 legimus
817 2126 931 2171 nihil
976 2130 1044 2171 est
1085 2142 1173 2185 quo
1216 2127 1326 2172 certi
1368 2127 1462 2171 fieri
1500 2126 1744 2185 possimus;
1794 2141 1846 2171 ea

379 2200 530 2242 tamen
561 2210 674 2254 quae
704 2196 759 2239 de
793 2197 912 2240 cenis
947 2195 1187 2240 luxuriosis
1222 2195 1269 2239 in
1304 2194 1472 2240 Polior.
1502 2195 1595 2240 viii.
1627 2197 1666 2247 6,
1699 2206 1722 2252 7
1754 2198 1844 2240 tra·

379 2266 496 2311 didit
516 2266 705 2310 Ioannes
726 2279 815 2309 non
830 2265 1010 2309 aliunde
1031 2265 1276 2323 prouenire,
1291 2265 1401 2310 satis
1416 2265 1575 2309 docent
1594 2267 1640 2309 et
1659 2266 1847 2310 materia

378 2339 427 2380 et
455 2335 586 2380 stilus
614 2338 661 2379 et
689 2348 849 2378 nomen
881 2334 1153 2386 Portuniani,
1188 2334 1216 2379 i.
1233 2349 1270 2378 e.
1308 2334 1582 2379 Postumiani
1617 2334 1694 2392 qui
1726 2334 1847 2392 apud

380 2404 652 2449 Mam-obium
692 2403 910 2461 colloquia
949 2403 1207 2447 Saturnalia
1246 2403 1382 2448 Decio
1420 2405 1586 2447 narrat.
1658 2402 1848 2464 Constat

380 2472 595 2517 nonnulla
628 2472 841 2516 excidisse
876 2471 994 2515 inter
1021 2472 1115 2517 Sat.
1144 2471 1203 2516 iii.
1237 2485 1300 2524 12,
1320 2472 1397 2515 ubi
1424 2471 1479 2516 de
1507 2471 1693 2530 Vergilii
1722 2486 1847 2516 sacra

379 2541 582 2587 doctrina
612 2541 853 2599 quaeritur.
880 2544 926 2585 et
954 2541 1047 2585 Sat.
1079 2541 1138 2584 iii.
1176 2554 1240 2599 13,
1268 2541 1345 2584 ubi
1374 2540 1429 2584 de
1458 2540 1578 2584 cenis
1607 2540 1848 2584 luxuriosis

382 2612 441 2671 (v.
458 2611 556 2655 Iani
579 2610 752 2667 Proley.
769 2624 808 2668 p.
823 2610 945 2666 xix);
970 2624 1156 2668 quorum
1178 2610 1370 2667 uestigia
1384 2623 1472 2653 non
1492 2609 1650 2653 dubito
1669 2610 1778 2667 quin
1799 2610 1845 2653 in

380 2680 476 2725 loco
495 2679 762 2724 Policratici
787 2693 922 2738 supra
941 2679 1060 2723 dicto
1086 2679 1205 2723 cerni
1230 2679 1411 2737 possint.
1470 2678 1696 2723 Vocabula
1721 2693 1847 2736 quae,

381 2749 419 2793 si
456 2752 572 2793 recte
606 2748 784 2802 conicio,
820 2748 1031 2792 Macrobii
1064 2748 1328 2792 auctoritate
1365 2748 1578 2792 fruuntur
1616 2747 1692 2791 sed
1727 2747 1846 2806 apud

381 2816 737 2876 Lexieographos
765 2820 847 2862 aut
875 2817 1055 2862 omnino
1084 2817 1247 2862 desunt
1272 2820 1354 2862 aut
1377 2817 1495 2861 inter
1523 2816 1711 2861 aliorum
1741 2818 1847 2863 scri-

498 2900 675 2931 xxxviii
