1994 3236
703 193 1105 239 PBOLEGOMEN
1110 194 1152 237 A

202 311 368 356 riensis.
427 310 514 355 Hic
543 309 681 354 codex
710 309 814 353 libri
846 309 890 352 S.
920 309 1114 352 Thomae
1143 309 1250 352 dum
1279 309 1566 354 cancellarius
1595 314 1662 354 est

200 381 335 425 dicati
354 393 454 424 cum
474 380 591 422 inter
612 378 654 422 S.
676 378 868 422 Thomae
888 378 1026 421 libros
1046 378 1256 422 inuentus
1283 379 1355 431 sit,
1374 380 1455 422 vix
1475 379 1661 423 dubium

199 464 292 494 esse
309 451 456 507 potest
475 448 583 506 quin
603 447 749 505 ipsum
769 446 881 490 illud
900 447 961 490 sit
980 447 1208 504 exemplar
1228 448 1345 504 quod
1373 451 1561 505 patrono
1580 463 1661 492 suo

199 519 314 563 dono
333 517 505 561 dederit
524 517 723 560 Ioannes.
783 515 980 573 Explicit
998 515 1303 560 Policraticus
1322 517 1369 559 in
1389 517 1463 561 fol.
1488 520 1581 576 183.

256 588 294 631 B
309 586 380 646 (de
400 586 540 644 Bello)
560 605 602 624 =
625 585 749 629 Bodl.
763 584 857 628 MS.
873 584 969 628 Lat.
983 584 1103 628 misc.
1120 599 1154 628 c.
1174 587 1238 629 16.
1300 586 1662 631 Membranaceus

198 659 267 701 est
303 656 440 700 codex
478 656 527 699 in
566 654 684 698 folio.
766 654 890 697 Folia
936 667 1020 712 170
1059 654 1205 698 habet.
1284 654 1497 700 Continet
1535 655 1660 700 Poli-

196 726 420 771 craticwm
458 727 602 769 totum
640 724 717 782 qui
751 724 915 767 desinit
948 724 996 767 in
1031 723 1108 768 fol.
1147 726 1239 783 136,
1269 728 1314 768 et
1342 725 1662 782 Metaloyicum

198 809 336 853 usque
364 794 421 837 ad
450 794 498 837 iv
528 796 583 851 36
612 797 667 837 ut
695 797 849 837 autem
877 808 908 837 a
930 792 1193 853 plato[uis].
1263 794 1318 837 In
1348 793 1422 838 fol.
1455 807 1472 835 1
1507 795 1660 838 inscri-

197 865 322 909 bitur
338 863 470 908 Iliber
488 863 572 908 Sci.
592 862 794 907 Martini
813 863 867 906 de
885 861 1008 906 Bello
1034 878 1086 907 ecc
1105 864 1232 907 Dono
1252 863 1445 907 Domini
1464 863 1662 908 Ricardi

198 933 382 979 Abbatis
415 933 509 991 (qui
539 932 652 976 obiit
685 947 724 977 a.
761 934 902 990 1235).
962 932 1223 990 Descriptus
1252 935 1320 976 est
1347 947 1375 975 a
1406 933 1453 976 F.
1485 933 1662 987 Madan,

197 1003 448 1060 Smmnary
482 1002 722 1058 Gataloyue
757 1000 809 1058 of
846 1001 1039 1046 Wester‘n
1074 1001 1201 1046 MSS.
1237 1002 1294 1046 in
1331 1001 1399 1046 the
1438 1002 1660 1046 Bodleian

197 1072 393 1130 Isibrary
426 1072 580 1130 32708.
640 1070 839 1115 Odonem
874 1070 1054 1114 Ioannis
1085 1071 1429 1115 Saresberiensis
1458 1072 1661 1125 amicum,

199 1142 275 1201 qui
294 1157 351 1186 ex
369 1141 582 1185 monacho
602 1139 914 1184 Cantuariensi
934 1140 1071 1184 abbas
1090 1140 1145 1184 de
1168 1141 1291 1184 Bello
1317 1155 1355 1183 a..
1382 1153 1398 1181 1
1410 1154 1424 1182 1
1436 1150 1489 1196 75
1515 1141 1661 1185 factus

197 1227 237 1256 a.
259 1225 370 1256 1200
395 1213 582 1254 mortem
608 1209 732 1261 obiit,
751 1209 943 1253 codicem
965 1210 1082 1253 hunc
1102 1210 1337 1267 scripsisse,
1358 1210 1475 1267 quod
1495 1213 1661 1254 temere

197 1281 446 1340 suspicatur
483 1279 672 1337 catalogi
715 1279 930 1322 librorum
970 1293 993 1322 e
1034 1279 1300 1323 bibliotheca
1340 1279 1661 1337 Phillippsiana

198 1351 297 1395 Iun.
333 1365 360 1408 9
399 1365 437 1394 a..
472 1351 583 1406 1899
623 1348 906 1392 uenditorum
947 1348 1160 1402 conditor,
1195 1348 1310 1392 nihil
1348 1351 1416 1392 est
1450 1349 1568 1405 quod
1602 1349 1661 1392 ad

198 1420 324 1465 nobis
370 1418 723 1479 persuadendum
772 1417 975 1461 sufficiat.
1056 1417 1272 1461 Emerunt
1320 1432 1357 1461 a..
1416 1418 1539 1473 1899,
1590 1433 1659 1462 me

198 1492 375 1534 auctore
403 1488 632 1547 pretioque
660 1502 716 1531 ex
739 1489 866 1544 parte
892 1486 951 1530 ab
979 1487 1131 1530 amicis
1156 1487 1266 1530 meis
1293 1486 1465 1538 collato,
1495 1487 1660 1531 Biblio-

199 1558 351 1604 thecae
374 1557 638 1602 Bodleianae
661 1558 895 1600 curatores.
955 1555 1196 1599 Rarissime
1223 1556 1341 1600 inter
1369 1571 1415 1599 se
1445 1556 1662 1600 dissident

199 1627 321 1674 codd.
352 1626 388 1672 O
418 1629 464 1671 et
492 1627 542 1670 B.
603 1626 640 1670 B
670 1641 759 1669 non
788 1625 956 1670 contuli
986 1625 1072 1668 nisi
1102 1625 1216 1668 forte
1245 1629 1326 1669 aut
1352 1626 1662 1684 discrepabant

200 1697 333 1743 ceteri
351 1697 519 1741 codices
538 1699 619 1740 aut
637 1696 731 1754 ipse
751 1695 805 1739 de
825 1710 932 1739 uera
952 1695 1138 1739 lectione
1157 1695 1429 1739 dubitabam.

256 1766 299 1810 A
327 1767 388 1824 (S.
413 1766 593 1823 Albani)
617 1766 795 1808 =Mus.
826 1765 939 1808 Brit.
969 1764 1064 1809 MS.
1095 1765 1201 1823 Reg.
1235 1779 1287 1822 13
1318 1765 1373 1810 D.
1403 1766 1461 1809 iv.
1522 1766 1660 1809 Mem—

199 1836 438 1880 branaceus
466 1837 534 1879 est
561 1835 700 1880 codex
730 1835 777 1878 in
806 1834 926 1879 folio.
987 1835 1112 1878 Folia
1137 1848 1219 1891 219
1251 1835 1395 1886 habet,
1417 1850 1530 1893 quae
1559 1850 1660 1879 con-

198 1906 345 1950 tinent
365 1905 696 1949 Policraticum
726 1918 779 1947 1-
750 1906 878 1957 -,161
902 1904 1221 1962 Metaloyicum
1253 1905 1366 1948 161—
1371 1906 1467 1958 208,
1495 1905 1660 1948 Euthe-

198 1975 342 2020 ticum
381 1974 713 2030 210-219.In
745 1973 820 2017 fol.
859 1986 878 2017 1
918 1973 1129 2032 legimus·
1173 1975 1315 2018 Hunc
1349 1974 1524 2018 librum
1546 1975 1660 2031 fecit

200 2042 395 2087 domm
418 2041 588 2097 Symou
610 2039 745 2086 abbas
767 2040 861 2084 Sco.
882 2040 1072 2093 Albano,
1093 2055 1227 2098 quem
1250 2041 1333 2098 qui
1358 2041 1402 2085 ei
1423 2040 1660 2085 abstulerit

200 2115 284 2156 aut
305 2111 527 2169 fraudem
557 2110 831 2155 committent
865 2113 950 2154 aut
988 2110 1183 2154 titulum
1212 2110 1426 2154 deleuerit
1460 2111 1534 2154 uel
1567 2125 1659 2154 cor-

200 2180 390 2238 mpm‘t,
412 2179 654 2224 anathema
682 2179 752 2224 sit.
811 2178 1001 2223 Addidit
1027 2195 1184 2224 manus
1214 2180 1377 2224 saeculi
1402 2180 1505 2224 xiv:
1535 2180 1660 2224 Poli-

200 2248 409 2302 craticou,
442 2249 748 2306 Metaloyicou,
779 2248 1014 2292 Enteticus
1045 2249 1272 2293 Iohannis
1302 2248 1659 2294 Sarisberiensis.

201 2319 338 2363 Hunc
353 2317 526 2362 librum
540 2318 789 2362 uenditum
804 2318 993 2362 dmniuo
1006 2318 1208 2362 Ricardo
1227 2319 1280 2362 de
1294 2319 1428 2374 Bury
1443 2319 1660 2376 Episcopo

200 2387 412 2432 Dwnelm.
431 2387 539 2431 emit
562 2387 755 2430 Michael
779 2375 928 2431 Abbas
955 2387 1043 2432 Sci.
1067 2386 1244 2432 Albam:
1271 2387 1328 2432 ab
1357 2388 1661 2433 executoribus

194 2456 392 2515 predicti
424 2455 635 2513 Episcopi
669 2455 810 2500 Awno
843 2455 943 2499 Dm·
972 2457 1211 2501 millesimo
1249 2463 1372 2501 cccm⁰
1405 2455 1512 2501 oelv²⁰
1540 2459 1662 2502 circa

201 2524 564 2584 purificationem
580 2525 696 2570 beate
713 2525 923 2582 uirqinis
934 2526 978 2582 (i.
994 2540 1029 2570 e.
1045 2526 1147 2570 Feb.
1166 2540 1204 2579 2,
1224 2528 1364 2584 1346).
1410 2526 1661 2584 Symonem,

203 2596 279 2654 qui
317 2610 372 2639 ex
411 2595 560 2639 Priore
591 2595 795 2639 ecclesiae
827 2595 871 2638 S.
901 2595 1066 2639 Albani
1107 2596 1259 2639 Abbss
1293 2611 1330 2639 a.
1365 2599 1474 2653 1167
1516 2596 1662 2639 factus

202 2679 242 2710 a.
273 2664 384 2708 1188
419 2667 605 2707 mortem
640 2664 763 2718 obiit,
795 2664 838 2708 S.
875 2664 1068 2708 Thomae
1102 2664 1436 2709 Cantuariensis
1470 2665 1661 2708 amicum

205 2732 342 2777 fuisse
379 2735 425 2777 et
456 2733 551 2776 eius
594 2733 791 2790 partium
833 2733 1082 2777 studiosum
1121 2738 1296 2778 constat
1339 2749 1396 2778 ex
1443 2735 1662 2777 Matthaei

205 2801 460 2847 Parisiensis
489 2802 722 2847 Chronica
758 2802 1017 2847 Maioribus
1046 2818 1079 2847 e.
1109 2818 1147 2848 a.
1181 2814 1293 2859 1170
1322 2803 1406 2862 (ed.
1437 2803 1586 2847 Luard
1616 2804 1660 2853 ii,

1495 2887 1543 2914 xi
