1994 3190
190 155 281 195 400
298 146 328 185 b
681 141 942 186 IOANNIS
972 140 1486 186 SARESBERIENSIS
1671 142 1784 199 [mn.
1799 152 1818 184 1

350 264 618 307 societatem.
677 262 791 320 Regi
814 277 988 319 quoque
1008 262 1235 305 Demetrio
1261 261 1309 304 in
1329 261 1614 318 obprobrium
1634 260 1818 319 puerilis

350 333 550 376 leuitatis
570 332 650 374 tali
672 332 795 375 aurei
822 347 850 374 a
875 347 978 389 rege
1006 332 1272 374 Parthorum
1300 331 1395 373 dati
1420 334 1537 374 sunt.
1597 331 1661 374 Eo
1681 330 1816 387 siqui-

351 403 451 445 dem
481 416 663 444 munere
694 401 1009 444 exhonoranda
1038 401 1136 443 uisa
1166 404 1233 443 est
1263 400 1557 443 adolescentia
1587 399 1748 455 senilis,
1773 402 1819 442 et

309 487 333 515 c
351 486 464 528 quae
500 471 548 513 in
579 471 811 514 maiestate
846 471 972 528 regni
1004 470 1122 513 leuia
1156 470 1432 513 committere
1471 469 1654 512 minime
1693 483 1819 512 uere-

350 542 495 584 batur.
555 540 687 583 Nunc
725 555 832 583 uero
871 540 1086 582 nobilium
1126 540 1174 581 in
1213 554 1264 582 eo
1303 538 1522 595 sapientia
1556 538 1819 592 declaratur,
1838 553 1856 586 5

351 611 388 653 si
428 610 678 653 uenaticam
724 609 944 664 nouerint‚
984 610 1022 652 si
1061 609 1108 651 in
1149 608 1244 651 alea
1284 607 1611 664 dampnabilius
1650 607 1821 651 fuerint

351 679 563 734 instituti,
591 679 627 721 si
660 682 847 721 naturae
882 679 1017 721 robur
1044 678 1321 720 effeminatae
1351 677 1473 720 uocis
1504 676 1704 719 articulis
1733 676 1820 719 fre-

351 749 513 806 gerint,
525 749 563 791 si
582 748 725 791 modis
745 751 791 791 et
810 748 989 791 musicis
1009 748 1318 790 instrumentis
1341 747 1526 790 uirtutis
1545 747 1822 790 immemores

353 818 675 862 obliuiscantur
703 818 821 874 quod
851 818 947 860 nati
978 820 1096 860 sunt.
1172 817 1338 860 Verum
1368 832 1396 860 a
1425 817 1685 874 parentibus
1714 816 1822 858 haec

352 887 568 944 pernicies
596 890 750 930 manat
779 887 836 929 ad
866 887 1039 930 liberos.
1114 886 1233 939 Quid
1263 887 1381 929 enim
1411 886 1546 930 faciet
1574 886 1706 941 filius,
1735 884 1822 928 nisi
1843 897 1885 921 10

353 957 471 1014 quod
502 960 675 1014 patrem
705 957 870 999 uiderit
901 957 1170 1000 facientem?

471 1046 521 1089 Si
551 1046 794 1102 dampnosa
824 1061 972 1088 senem
1002 1046 1130 1088 iuuat
1160 1045 1267 1095 alea,
1297 1045 1412 1088 ludit
1443 1048 1488 1088 et
1518 1046 1644 1088 heres

471 1105 679 1154 bullatus,
709 1119 935 1161 paruoque
966 1104 1118 1146 eadem
1148 1107 1299 1146 mouet
1328 1119 1452 1146 arma
1483 1103 1658 1146 fretillo.

355 1194 521 1237 Fuerat
558 1194 735 1250 quidem
771 1194 965 1236 tenerior
1000 1196 1094 1236 etas
1133 1209 1160 1235 a
1200 1193 1460 1236 libidinibus
1500 1196 1546 1236 et
1591 1193 1823 1249 uoluptate

354 1267 538 1320 parente
563 1263 776 1306 uitiorum
801 1263 990 1306 arcenda
1016 1263 1279 1320 propensius
1292 1277 1301 1315 3
1333 1266 1378 1306 et
1398 1278 1454 1306 ne
1481 1263 1589 1319 quid
1617 1262 1822 1305 licentius
1845 1279 1884 1314 15

356 1333 446 1375 illis
472 1333 779 1390 praesentibus
799 1347 826 1375 a
846 1332 1087 1376 maioribus
1113 1333 1251 1388 fieret,
1272 1333 1531 1391 diligentius
1558 1346 1823 1389 praecauen-

312 1403 341 1444 d
359 1402 478 1457 dum,
499 1402 614 1458 quia,
636 1405 688 1445 ut
708 1402 825 1444 idem
846 1401 911 1444 ait
931 1402 1146 1456 satiricus,

938 1484 1100 1528 fortius
1129 1488 1174 1528 et
1204 1485 1335 1528 citius
1364 1500 1444 1528 nos

471 1546 762 1600 corrumpunt
791 1543 1004 1586 uitiorum
1035 1543 1237 1600 exempla
1265 1544 1516 1595 domestica,
1546 1543 1719 1601 magnis

473 1617 573 1646 cum
604 1602 797 1645 subeunt
826 1602 996 1645 animos
1025 1602 1289 1646 auctoribus.
1846 1619 1889 1643 20

359 1685 548 1744 Egregie
580 1685 758 1742 quidem
796 1685 1044 1740 Eleazarus,
1079 1699 1179 1728 cum
1213 1685 1493 1728 redimendae
1533 1685 1654 1728 uitae
1694 1699 1827 1728 causa

359 1755 674 1799 sollicitaretur
705 1755 980 1798 committere
1015 1754 1062 1796 in
1098 1754 1239 1812 legem
1270 1754 1461 1809 Domini,
1492 1754 1681 1811 exempli
1713 1754 1826 1811 peri-

358 1825 507 1869 culum
528 1824 746 1882 opposuit,
767 1824 917 1867 dicens
935 1841 943 1866 :
976 1823 1086 1877 Quis
1108 1839 1189 1881 ego
1209 1839 1305 1867 sum
1328 1824 1563 1867 Eleazarus
1583 1823 1828 1881 nonaginta

360 1909 591 1949 annorum,
613 1896 665 1936 ut
691 1896 914 1936 transeam
939 1893 996 1936 ad
1024 1893 1166 1936 uitam
1194 1893 1541 1952 alienigenarum
1573 1897 1618 1936 et
1644 1893 1827 1936 iuuenes

362 1963 590 2021 religiosos
620 1963 858 2006 seducam?
934 1962 1194 2006 Nascuntur
1228 1978 1333 2021 ergo
1368 1962 1608 2006 maioribus
1644 1962 1827 2005 heredes
1847 1979 1888 2013 25
1944 1950 1950 1956 ¹

363 2033 542 2091 quidem
570 2032 807 2090 degeneres
838 2035 884 2075 et
911 2033 988 2090 qui
1019 2032 1194 2075 uirilem
1222 2047 1376 2076 sexum
1407 2032 1611 2075 muliebri
1643 2032 1828 2075 mollitie

362 2103 668 2145 dehonestant.

367 2246 380 2271 1
409 2233 651 2281 opprobrium
669 2233 702 2269 A
844 2232 1144 2314 ⁶0fii³ffl2¹>¹⁸bi¹i¹¹⁸
1163 2232 1188 2269 S
1343 2243 1384 2271 12
1410 2233 1593 2271 damnosa
1610 2232 1634 2269 S
1787 2244 1832 2282 19

363 2315 656 2352 domesticorum
676 2314 759 2351 CB:
786 2315 1079 2352 domesticorum
1100 2316 1132 2351 A

416 2447 429 2473 1
459 2439 548 2483 Περὶ
567 2439 658 2474 ete:
680 2436 814 2473 lustin.
830 2437 980 2474 xxxviii.
999 2449 1021 2484 9
1037 2440 1054 2483 ξ
1072 2449 1106 2484 9.
1148 2436 1273 2474 Etiam
1291 2437 1390 2475 hano
1407 2436 1607 2476 historiam
1625 2449 1670 2474 ex
1691 2436 1831 2474 Ioanne

364 2483 509 2522 saresb.
528 2484 621 2521 citat
639 2485 818 2521 Chaucer.
841 2487 859 2520 Ι
861 2486 1054 2522 ‘'amoners
1075 2486 1160 2522 Tale
1174 2487 1302 2532 621—9.
1439 2495 1481 2521 10
1509 2486 1605 2530 Quid
1622 2486 1719 2521 enim
1736 2486 1831 2522 et0.:

365 2545 395 2568 v.
418 2532 547 2569 loann.
567 2545 596 2568 v.
622 2535 672 2569 18.
822 2543 862 2569 12
885 2535 928 2587 35¹1·
948 2535 1148 2579 dampnosa
1165 2535 1251 2570 etc.:
1279 2532 1355 2569 Iuv.
1373 2534 1448 2569 Sat.
1466 2532 1538 2570 xiv.

354 2583 496 2626 sorcius
520 2582 616 2616 etc*
654 2579 727 2615 Iuv.
753 2582 826 2616 Sat.
857 2579 928 2617 xiv.
957 2591 1024 2626 31-
1028 2592 1047 2626 3
1077 2583 1246 2627 (uelocius
1273 2586 1304 2616 et
1333 2582 1440 2617 eitius
1467 2580 1584 2617 habet
1556 2533 1833 2634 ⁴luvena1isi3.

366 2637 406 2664 21
445 2629 595 2673 lo'qreqr'e
624 2630 717 2663 etc*
752 2639 783 2663 v.
814 2637 834 2663 2
869 2628 986 2665 Maec.
1021 2628 1069 2664 vi.
1095 2639 1140 2674 2⁴
1169 2639 1268 2675 seqq.
1303 2628 1428 2665 forsan
1463 2639 1536 2664 seo.
1567 2626 1683 2663 aliam
1717 2639 1832 2683 quam

365 2674 574 2736 vulgatam
589 2674 793 2711 versionem
825 2675 888 2715 (cf.
916 2675 1101 2719 Subatier,
1129 2677 1454 2714 Bibl.Sacr.1,at.
1488 2677 1581 2711 Vera.
1607 2677 1756 2722 Antrqu.
1783 2674 1833 2719 ii·

368 2721 455 2766 Mai.
475 2723 598 2770 Spicn'l.
618 2723 716 2759 Rom.
735 2721 784 2759 ix.
804 2723 899 2770 App.
916 2724 988 2769 (ιο).

478 2847 518 2888 38
