1994 3190
160 180 258 214 cAP.
274 167 346 228 XI]
666 165 1104 212 POLICRATIOVS
1641 165 1731 216 498
1752 175 1780 207 c

263 286 482 344 Denigrat
509 286 718 330 meritum
748 286 897 328 dantis
925 301 1060 336 mora,
1091 301 1194 328 nam
1224 286 1331 330 data
1359 287 1524 344 raptim

321 359 506 387 munera
533 345 634 401 plus
663 344 807 387 laudis
835 344 1022 401 plusque
1053 344 1221 387 fauoris
1250 345 1428 389 habent.

160 447 391 491 Praeterea
412 446 510 503 quis
538 446 592 489 de
625 445 780 488 futuro
806 449 952 488 certus
977 447 1055 495 est,
1075 448 1127 488 ut
1154 446 1265 489 sciat
1291 461 1336 489 se
1361 448 1624 504 quandoque

157 531 283 574 posse
312 516 494 573 implere
524 515 641 572 quod
671 515 854 558 differt?
914 514 1074 557 Nonne
1103 515 1379 558 consiliarius
1409 517 1626 567 ueritatis,

122 600 141 636 5
158 587 349 628 assertor
387 585 502 637 fidei,
542 583 766 627 electionis
812 597 893 626 uas
931 582 1173 642 (doctorem
1213 584 1414 640 gentium
1454 585 1626 642 loquor)

158 654 354 698 fidelium
388 654 569 704 animos,
604 668 713 710 quos
748 653 968 696 aduentus
999 652 1068 695 sui
1105 653 1411 709 expectatione
1445 668 1625 710 suspen-

159 724 297 774 derat,
335 723 573 766 frustrauit
605 738 632 765 a
666 722 882 766 desiderio
922 722 1034 766 suo?
1094 722 1212 775 Quid
1252 722 1374 765 aliud
1415 723 1510 779 agit
1550 723 1628 766 illa

159 793 298 850 ipsius
318 792 554 843 excusatio,
575 806 662 849 qua
691 792 810 849 apud
839 806 885 835 se
915 795 974 835 est
1000 794 1046 835 et
1072 806 1168 834 ποη
1191 806 1280 834 non
1306 791 1443 834 fuisse
1470 792 1546 834 sed
1567 796 1627 835 est

158 865 336 906 tantum
356 864 679 912 commemorat,
699 865 745 905 et
773 876 819 904 se
844 861 1028 904 leuitate
1052 875 1141 904 non
1171 876 1300 905 usum
1321 862 1628 918 protestatur?

101 946 143 972 10
161 931 211 975 Si
244 946 333 974 non
367 931 514 989 potuit
546 931 631 982 ille,
666 931 857 974 Domino
891 930 1170 988 impediente,
1200 931 1317 987 quod
1352 931 1496 974 uoluit
1529 930 1627 987 (hoc

160 1001 322 1044 etenim
350 1000 494 1044 uoluit
521 1000 637 1057 quod
664 1000 881 1057 promisit)
909 1000 1008 1056 quis
1035 1000 1210 1057 sapiens
1237 1015 1398 1053 secure,
1428 1000 1545 1057 quod
1571 1015 1626 1043 ex
1645 998 1675 1039 d

159 1069 375 1113 facilitate
406 1072 592 1113 naturae
621 1070 794 1127 pendet,
823 1069 1060 1127 promittit,
1084 1084 1184 1113 cum
1214 1069 1374 1112 leuiter
1402 1070 1542 1127 possit
1572 1085 1628 1112 ex

160 1139 303 1182 causis
333 1154 464 1196 quam
494 1139 697 1196 plurimis
726 1139 965 1196 impediri?
1024 1139 1095 1181 Ad
1126 1139 1232 1182 haec
1263 1154 1318 1182 ex
1348 1139 1467 1182 iusta
1495 1154 1628 1182 causa

161 1210 307 1266 potest
319 1209 542 1252 interdum
558 1211 729 1252 mutare
743 1209 852 1265 quili
859 1220 929 1252 oet
942 1209 1231 1254 uoluntatem.
1273 1209 1448 1266 Dignus
1464 1210 1627 1252 etenim

105 1292 144 1327 15
162 1277 371 1321 beneficio
400 1292 480 1335 pro
509 1281 705 1335 tempore
735 1278 915 1321 uidetur
943 1278 1115 1335 aliquis,
1143 1279 1219 1335 qui
1249 1293 1453 1336 processu
1481 1294 1628 1321 rerum

162 1347 312 1390 eodem
342 1348 561 1404 reperitur
589 1348 809 1405 indignus.
871 1348 930 1391 Et
959 1348 1184 1391 interdum
1214 1348 1424 1406 indignus
1454 1351 1522 1391 est
1552 1349 1627 1406 qui

161 1416 219 1459 ad
258 1416 433 1474 frugem
476 1417 669 1460 melioris
712 1418 833 1461 uitae
872 1432 1109 1461 conuersus
1151 1418 1412 1461 beneficium
1458 1419 1629 1461 meritis

162 1485 296 1529 etiam
335 1501 362 1529 a
395 1501 531 1530 manu
569 1490 782 1530 extranea
819 1490 886 1543 (ut
920 1487 1056 1544 uulgo
1091 1488 1178 1531 dici
1218 1488 1343 1542 solet)
1382 1491 1629 1545 extorquet.

162 1554 218 1598 In
262 1555 331 1598 his
370 1558 543 1600 mutare
581 1557 857 1614 propositum
903 1572 1032 1614 saepe
1071 1572 1160 1600 non
1204 1558 1402 1601 criminis
1441 1561 1508 1600 est
1553 1558 1629 1600 sed

104 1642 146 1668 ao
163 1624 355 1668 uirtutis.
415 1625 544 1677 Nam,
564 1629 617 1669 ut
645 1641 673 1669 a
703 1626 867 1670 fabulis
897 1627 1142 1679 doceamur,
1163 1627 1356 1670 Theseus
1383 1628 1513 1670 unico
1538 1628 1630 1670 filio

163 1707 243 1737 suo
273 1709 362 1738 non
396 1693 554 1738 fuisset
584 1697 778 1747 orbatus,
813 1697 850 1739 si
887 1697 1100 1740 uoluisset
1134 1699 1307 1739 mutare
1342 1697 1629 1754 propositum.

164 1762 224 1806 Et
263 1763 448 1817 Phebus,
486 1768 672 1823 urgente
712 1766 875 1809 doloris
914 1766 1095 1809 stimulo
1135 1781 1264 1823 quem
1305 1766 1359 1809 de
1401 1766 1632 1809 Phetontis

164 1832 294 1875 ruina
318 1838 585 1891 conceperat,
610 1835 713 1878 exul
738 1850 765 1878 a
791 1836 872 1879 celi
903 1836 1080 1892 regione
1104 1836 1285 1879 Admeti
1316 1851 1404 1879 non
1435 1837 1632 1893 pauisset

164 1905 376 1954 armenta,
396 1903 434 1945 si
454 1903 494 1946 ei
521 1907 688 1956 uotum,
705 1920 792 1962 quo
819 1920 876 1957 se,
898 1905 1038 1962 Stigis
1059 1906 1321 1962 interposito
1344 1909 1631 1959 sacramento,

105 1985 148 2020 25
164 1970 256 2014 fflio
285 1971 518 2015 ambitioso
544 1973 831 2032 obligauerat‚
859 1978 1032 2018 mutare
1061 1975 1268 2018 licuisset.
1331 1975 1389 2018 Et
1419 1991 1474 2018 ne
1502 1975 1630 2018 fabu-
1648 1987 1739 2027 499
1761 1988 1790 2017 a

164 2039 306 2083 larum
341 2041 636 2086 instrumenta
669 2047 967 2101 contempnas,
998 2060 1078 2087 rex
1112 2044 1375 2094 incredulus,
1415 2045 1533 2101 quod
1574 2060 1631 2088 ex

166 2110 418 2168 euangelica
440 2111 575 2154 habes
601 2112 799 2164 historia,
826 2114 1048 2157 salubrius
1078 2114 1307 2157 incautum
1339 2118 1384 2157 et
1413 2115 1631 2171 perfidum

166 2225 188 2261 8
212 2235 289 2260 non
305 2225 419 2262 fuisse
437 2227 495 2263 est
511 2227 550 2262 et
566 2238 643 2263 non
661 2226 701 2262 M
863 2237 877 2264 1
888 2238 901 2264 1
932 2228 1037 2265 enim
1054 2228 1094 2264 Μ
1255 2230 1298 2265 16
1324 2228 1540 2275 repperitur
1556 2229 1630 2265 AM

166 2281 213 2308 20
235 2272 371 2310 'Peneus
389 2272 455 2309 SM
566 2284 611 2310 22
636 2274 788 2312 stimulo
805 2275 952 2312 dolores
970 2276 1009 2311 M
1126 2286 1171 2322 23
1197 2276 1367 2323 regione]
1388 2276 1570 2324 religione
1589 2277 1628 2312 M

217 2386 232 2412 1
260 2377 436 2422 Deniqrat
452 2378 544 2413 etc.:
569 2389 640 2414 sec.
658 2377 716 2414 ed.
731 2376 846 2414 Paris.
865 2387 952 2431 1513
967 2390 1092 2415 versus
1107 2378 1252 2421 Ovidii;
1270 2390 1364 2425 quos
1377 2381 1508 2416 tamen
1527 2381 1630 2426 apud

167 2421 342 2459 Ovidium
358 2435 433 2460 non
451 2424 633 2470 reperies;
658 2425 786 2471 potius
802 2436 927 2462 nescio
946 2426 1051 2462 cuius
1067 2426 1183 2462 medii
1200 2428 1282 2463 aevi
1303 2426 1509 2473 scriptoris,
1522 2428 1630 2464 cuius

168 2481 283 2524 opera
298 2482 374 2506 non
390 2472 548 2508 exstant.
705 2483 727 2517 4
751 2474 880 2508 Nonne
897 2475 967 2527 etc.
984 2486 992 2508 ι
1018 2486 1050 2509 v.
1069 2484 1090 2528 ².
1109 2474 1191 2510 Cor.
1209 2474 1233 2510 i.
1255 2483 1295 2521 15
1309 2486 1433 2528 seqq33
1463 2486 1476 2511 1
1504 2475 1630 2512 Tbess.

167 2519 455 2609 23d¹⁷1÷0¹5eum
474 2520 1291 2619 ..assf'qffiassossssgstssfiffflssffi2:323..ss’
1318 2522 1366 2558 ⁰f·
1383 2532 1500 2613 ἓξὲξ,
1522 2522 1630 2606 Ξέῐὲᾱ

159 2613 246 2656 filio
262 2623 344 2647 suo:
369 2623 418 2648 sc.
435 2611 653 2658 Hippolyto.
807 2625 851 2650 22
878 2616 927 2650 E't
943 2616 1083 2651 Phebus
1099 2619 1196 2652 etc.:
1221 2629 1251 2652 v.
1271 2615 1346 2653 Cic.
1364 2619 1406 2652 de
1427 2619 1492 2662 Off.
1511 2617 1564 2654 iii.
1585 2628 1604 2653 2
1610 2626 1627 2664 5

171 2657 189 2702 δ
209 2668 265 2702 94.
451 2668 497 2712 ,23
521 2661 688 2696 Admeti:
715 2673 746 2696 v·
762 2663 1013 2708 Mythoyraph.
1040 2665 1117 2699 Vat.
1137 2663 1186 2699 II.
1210 2665 1251 2700 18
1270 2663 1368 2707 (Mai
1389 2665 1501 2700 class.
1521 2667 1629 2701 Auct.

170 2697 239 2741 111.
257 2717 296 2750 p.
316 2703 379 2750 43)
397 2717 459 2750 qul
478 2707 635 2743 eandem
652 2719 803 2745 causam
825 2709 996 2755 Apollini
1021 2710 1206 2747 serviendi
1231 2710 1399 2757 assignat
1415 2723 1531 2757 quam
1556 2713 1628 2748 hoc

169 2751 252 2788 loco
272 2753 430 2788 Ioannes
446 2754 583 2790 noster.
737 2765 782 2800 24
806 2758 917 2801 Stiyis
933 2759 1027 2793 etc.:
1053 2770 1084 2793 v.
1106 2758 1170 2793 Ov.
1187 2760 1271 2793 Met.
1290 2758 1329 2794 ii.
1353 2769 1430 2794 101.
1584 2760 1631 2795 26

170 2811 236 2836 rex
251 2801 477 2849 incredulus:
501 2811 551 2837 sc.
570 2800 757 2845 Heroden
781 2814 813 2840 v.
831 2803 944 2841 Matt.
963 2804 1036 2841 xiv.
1054 2815 1075 2851 3
1092 2816 1192 2851 seqq.
1207 2818 1216 2848 ;
1242 2805 1358 2842 Maro.
1377 2805 1428 2841 vi.
1449 2815 1490 2850 17
1505 2817 1605 2852 seqq.

1460 2886 1524 2921 ²07
