1994 3236
710 207 1163 253 PROLEGOMENA

202 328 402 372 Ioannes.
458 326 582 380 Quae
594 341 651 370 ex
667 325 1015 380 Quaestionibus
1025 328 1082 372 in
1099 328 1307 373 Genesim
1321 331 1369 373 et
1385 329 1443 374 in
1455 330 1670 374 Eoeodum

201 397 435 454 desumpta
446 398 552 440 sunt
566 396 614 439 in
629 395 786 440 Glossa
801 396 1052 451 Ordinaria,
1064 412 1177 454 quae
1193 412 1249 441 ex
1264 398 1513 443 Sententiis
1526 400 1574 443 in
1586 400 1667 444 De-

201 469 313 510 creto
332 467 413 508 aut
432 464 585 508 Iuonis
600 464 886 509 Carnotensis
906 468 986 509 aut
1001 466 1206 509 Gratiani
1227 481 1327 510 eum
1347 467 1505 525 legisse
1525 470 1669 526 suspi-

201 548 288 580 cor.
339 533 407 577 De
426 533 709 591 Dzfferentiis
727 533 841 577 nihil
861 536 930 578 est
949 535 1067 591 quod
1086 549 1168 592 pro
1188 538 1310 579 certo
1329 536 1473 580 dicere
1493 538 1669 594 possim.

259 603 392 647 BEDA
421 602 469 646 in
504 602 622 647 Hist.
655 602 770 647 Eccl.
804 603 834 646 i.
872 614 895 660 7
933 618 986 646 ea
1014 603 1070 647 de
1100 603 1145 647 S.
1167 603 1342 647 Albano
1372 609 1527 648 narrat
1556 620 1669 662 quae

200 670 365 716 Polior.
403 671 496 716 viii.
534 684 586 729 13
622 671 760 716 refert
794 671 972 729 quidem
1007 672 1208 723 Ioannes,
1239 673 1316 717 sed
1355 673 1404 716 in
1440 674 1671 718 Breuiario

199 740 345 798 legere
375 741 548 798 potuit:
594 756 635 784 v.
666 741 803 786 Brea.
834 742 938 786 Sar.
966 741 1033 786 ed.
1064 741 1245 786 Proeter
1274 745 1320 786 et
1350 742 1669 793 Wordswmth,

139 815 142 819 '
201 810 265 853 iii.
300 823 396 868 331.
457 809 620 854 Locum
655 810 710 853 de
740 810 912 854 duobus
941 811 1176 854 timoribus
1211 811 1391 854 Domini
1422 811 1470 854 in
1499 811 1668 857 Polior.

201 893 243 924 v.
281 893 307 936 9
341 879 439 934 (561
465 879 534 937 B),
569 879 646 936 qui
681 879 729 922 in
768 880 1095 924 commentariis
1134 883 1180 924 et
1225 880 1371 924 Bedae
1411 883 1457 924 et
1496 880 1669 924 Rabani

202 947 349 991 Mauri
379 948 558 1006 (Migne,
577 948 634 994 P.
653 948 707 994 L.
724 948 808 992 cxi.
832 949 934 1007 681)
954 949 1012 992 ad
1034 949 1162 995 Prov.
1183 949 1212 993 i.
1235 961 1258 1005 7
1280 952 1445 1002 exstat,
1465 949 1512 992 in
1537 949 1670 994 Gloss.

201 1015 309 1061 ord.
329 1017 474 1075 legere
493 1018 653 1075 potuit.
714 1017 874 1062 Cetera
893 1021 974 1062 aut
1000 1018 1139 1076 ipsius
1160 1018 1305 1062 Bedae
1332 1033 1467 1076 opera
1486 1021 1567 1062 aut
1586 1019 1671 1062 sub

200 1087 379 1131 nomine
413 1087 559 1131 Bedae
592 1087 698 1131 olim
733 1088 920 1146 uulgata
954 1103 1067 1145 quae
1101 1088 1158 1131 ad
1195 1088 1510 1132 illustrandum
1542 1088 1671 1132 Poli-

200 1157 427 1201 craticwm
470 1156 667 1208 adhibui,
709 1156 921 1201 Ioannem
966 1158 1014 1200 in
1054 1157 1260 1200 manibus
1300 1157 1507 1201 habuisse
1552 1157 1668 1200 affir-

201 1241 322 1270 mare
351 1241 441 1270 non
471 1226 626 1270 audeo.
685 1226 754 1271 De
780 1227 895 1271 libro
919 1227 976 1270 cle
1004 1227 1387 1285 Interpretatimw
1414 1227 1670 1272 nmninum

201 1294 533 1340 Hebraiaeomm
550 1296 655 1340 uide
674 1295 797 1339 infra
817 1297 900 1340 sub
920 1296 1127 1353 Remiffl'o
1148 1296 1547 1341 Autiss‘ebdorensi.

262 1364 409 1408 PAVLI
442 1364 645 1409 DIAGONI
686 1365 804 1424 ipsos
840 1366 977 1410 libros
1011 1366 1264 1410 adhibuisse
1303 1365 1516 1410 Ioannem
1555 1366 1669 1409 nihil

199 1433 392 1486 indicat;
422 1433 526 1477 uide
548 1449 703 1478 comm.
721 1434 778 1478 ad
799 1434 964 1479 Polior.
978 1435 1006 1478 i.
1025 1449 1090 1493 13,
1105 1435 1171 1479 ed.
1188 1438 1366 1479 nostrae
1386 1438 1418 1478 t.
1433 1435 1460 1478 i.
1478 1450 1519 1493 p.
1535 1437 1603 1491 58.
1619 1449 1669 1493 3;

201 1505 247 1547 et
265 1517 402 1560 supra
421 1503 475 1546 de
495 1502 736 1547 Gamomo
757 1504 939 1548 MAGNO.

263 1572 531 1616 HILDVINVS
556 1587 670 1630 quae
698 1573 752 1616 de
776 1573 1000 1631 Areopagi
1030 1573 1122 1617 situ
1152 1573 1200 1616 in
1230 1573 1343 1617 libro
1370 1575 1424 1618 de
1450 1574 1670 1618 Passieno

199 1641 244 1685 S.
256 1640 474 1698 Dionysii
485 1644 652 1694 narrat,
659 1642 871 1686 Ioannem
883 1642 1003 1700 apud
1017 1642 1283 1686 Hilduinum
1296 1643 1453 1701 legisse
1465 1643 1669 1700 equidem

201 1709 418 1753 affirmare
438 1725 527 1754 non
547 1710 700 1755 audeo.

259 1778 443 1822 RABANI
470 1779 645 1832 MAVRI‚
665 1780 790 1824 cuius
810 1779 946 1823 libros
965 1780 1017 1824 de
1037 1779 1363 1824 Ecclesiasticis
1386 1779 1554 1838 Officiis
1573 1780 1668 1839 (qui

202 1845 388 1892 fortasse
411 1848 529 1892 idem
550 1851 618 1892 est
641 1863 771 1906 quem
799 1849 855 1893 de
881 1849 1160 1893 Clericorum
1179 1849 1483 1894 Institutione
1507 1854 1670 1894 uocant

201 1915 406 1975 editores)
427 1921 473 1961 et
491 1918 829 1962 commentarios
849 1918 897 1961 in
923 1918 1257 1977 Paralipomena
1276 1920 1481 1964 eeclesiae
1502 1919 1668 1964 Carno-

200 1986 316 2029 tensi
339 1988 606 2030 testamento
635 1987 805 2046 legauit
832 1988 1036 2043 Ioannes,
1055 1988 1221 2032 librum
1247 1989 1302 2032 de
1322 1989 1518 2046 Maqicie
1538 1990 1667 2033 Arti-

203 2052 280 2099 bus
298 2054 486 2100 fortasse
506 2071 563 2099 ex
583 2056 799 2100 Gratiano
819 2057 991 2101 citauit.

259 2123 454 2168 IOANNIS
484 2124 688 2170 Ducom
716 2125 832 2170 libro
851 2126 904 2169 de
930 2126 1037 2170 Vita
1060 2127 1105 2171 S.
1130 2126 1338 2185 Groqorii
1356 2127 1522 2184 Μαςπὶ
1548 2128 1669 2171 haud

201 2191 356 2237 dubito
390 2194 499 2251 quin
530 2194 689 2238 debeat
721 2195 910 2239 Ioannes
944 2199 1095 2239 noster
1129 2211 1242 2254 quae
1275 2196 1444 2241 Polior.
1477 2212 1518 2240 v.
1552 2197 1577 2239 8
1613 2197 1669 2241 de

202 2261 414 2320 Gregorio
441 2266 487 2307 et
512 2263 704 2308 Traiano
728 2264 880 2317 refert,
900 2265 985 2308 etsi
1009 2266 1204 2309 auctoris
1230 2266 1477 2309 sententiae
1503 2281 1593 2310 non
1621 2266 1669 2310 in

202 2330 405 2375 omnibus
423 2333 696 2387 eonsentiat3
727 2334 912 2377 dubium
933 2337 1083 2378 tamen
1104 2338 1172 2378 est
1191 2349 1250 2378 an
1270 2334 1433 2378 librum
1453 2335 1599 2393 ipsum
1620 2336 1668 2378 in

202 2399 405 2444 manibus
424 2401 639 2446 habuerit.

260 2467 455 2513 IOANNIS
469 2470 605 2515 Scorl
619 2471 714 2515 siue
726 2471 968 2516 ERIGENAE
981 2473 1348 2531 interpretatione
1361 2488 1541 2531 operum
1555 2488 1669 2531 quae

203 2535 286 2580 sub
318 2538 495 2582 nomine
529 2539 734 2598 Dionysii
769 2541 1065 2599 Areopagitae
1097 2541 1523 2586 circumferebantur
1562 2557 1669 2586 usus

204 2608 272 2648 est
289 2605 478 2651 Ioannes
497 2611 669 2662 noster-3
698 2609 802 2653 uide
822 2625 957 2667 supra
976 2611 1031 2654 de
1053 2611 1283 2654 DIONYSIO
1303 2612 1618 2656 AREOPAGITA.

263 2673 464 2719 NIGOLAI
489 2676 513 2718 I
541 2691 681 2735 papae
708 2678 936 2736 Epistolas
955 2694 1012 2722 ex
1037 2680 1216 2725 Decreta
1240 2680 1445 2724 Gratiani
1471 2681 1669 2738 suspicor

205 2740 409 2786 citauisse
437 2743 663 2791 Ioannem.

264 2809 468 2857 Rm1e1o
481 2814 899 2860 Avnssmnommffl
914 2817 1076 2861 rectius
1091 2832 1225 2875 quam
1241 2817 1387 2861 Bedae
1401 2818 1669 2862 adscribitur

272 2902 355 2923 WB..
372 2902 388 2924 Χ
917 2884 939 2927 f
1486 2886 1552 2930 11i
