<?xml version="1.0" encoding="UTF-8"?>
<!DOCTYPE html PUBLIC "-//W3C//DTD XHTML 1.0 Transitional//EN"
    "http://www.w3.org/TR/xhtml1/DTD/xhtml1-transitional.dtd">
<html xmlns="http://www.w3.org/1999/xhtml" xml:lang="en" lang="en">
 <head>
  <title>
</title>
<meta http-equiv="Content-Type" content="text/html;charset=utf-8" />
  <meta name='ocr-system' content='tesseract 3.04.00' />
  <meta name='ocr-capabilities' content='ocr_page ocr_carea ocr_par ocr_line ocrx_word'/>
</head>
<body>
  <div class='ocr_page' id='page_1' title='image "./policraticisived01john_0131.png"; bbox 0 0 1994 3190; ppageno 0'>
   <div class='ocr_carea' id='block_1_1' title="bbox 142 172 1772 247">
    <p class='ocr_par' dir='ltr' id='par_1_1' title="bbox 142 172 1772 247">
     <span class='ocr_line' id='line_1_1' title="bbox 142 172 1772 247; baseline -0.003 -12"><span class='ocrx_word' id='word_1_1' title='bbox 142 172 326 247; x_wconf 51' lang='lat' dir='ltr'>*maij</span> <span class='ocrx_word' id='word_1_2' title='bbox 669 187 1104 232; x_wconf 72' lang='lat' dir='ltr'>PomossA&#39;rIovs</span> <span class='ocrx_word' id='word_1_3' title='bbox 1620 198 1772 238; x_wconf 61' lang='grc' dir='ltr'>...μω</span> 
     </span>
    </p>
   </div>
   <div class='ocr_carea' id='block_1_2' title="bbox 78 304 1668 1260">
    <p class='ocr_par' dir='ltr' id='par_1_2' title="bbox 78 304 1668 1260">
     <span class='ocr_line' id='line_1_2' title="bbox 147 304 1623 363; baseline 0 -12"><span class='ocrx_word' id='word_1_4' title='bbox 147 310 150 321; x_wconf 92' lang='grc'><strong>’</strong></span> <span class='ocrx_word' id='word_1_5' title='bbox 164 308 331 351; x_wconf 88' lang='lat' dir='ltr'>cultare</span> <span class='ocrx_word' id='word_1_6' title='bbox 342 307 533 350; x_wconf 90' lang='lat' dir='ltr'>nitentes</span> <span class='ocrx_word' id='word_1_7' title='bbox 548 306 585 349; x_wconf 92' lang='lat' dir='ltr'>si</span> <span class='ocrx_word' id='word_1_8' title='bbox 599 305 706 363; x_wconf 92' lang='lat' dir='ltr'>quid</span> <span class='ocrx_word' id='word_1_9' title='bbox 718 304 834 348; x_wconf 86' lang='lat' dir='ltr'>forte</span> <span class='ocrx_word' id='word_1_10' title='bbox 845 305 1165 361; x_wconf 88' lang='lat' dir='ltr'>deprehensum</span> <span class='ocrx_word' id='word_1_11' title='bbox 1178 305 1337 350; x_wconf 85' lang='lat' dir='ltr'>fuisset</span> <span class='ocrx_word' id='word_1_12' title='bbox 1349 307 1395 350; x_wconf 93' lang='lat' dir='ltr'>in</span> <span class='ocrx_word' id='word_1_13' title='bbox 1408 308 1623 352; x_wconf 87' lang='lat' dir='ltr'>manibus.</span> 
     </span>
     <span class='ocr_line' id='line_1_3' title="bbox 165 373 1624 431; baseline 0.001 -13"><span class='ocrx_word' id='word_1_14' title='bbox 165 375 301 419; x_wconf 88' lang='lat' dir='ltr'>Nulla</span> <span class='ocrx_word' id='word_1_15' title='bbox 339 375 516 419; x_wconf 79' lang='lat' dir='ltr'>senibus</span> <span class='ocrx_word' id='word_1_16' title='bbox 554 373 814 424; x_wconf 86' lang='lat' dir='ltr'>reuerentia,</span> <span class='ocrx_word' id='word_1_17' title='bbox 844 373 968 415; x_wconf 87' lang='lat' dir='ltr'>nulla</span> <span class='ocrx_word' id='word_1_18' title='bbox 1001 388 1106 430; x_wconf 90' lang='lat' dir='ltr'>erga</span> <span class='ocrx_word' id='word_1_19' title='bbox 1140 376 1349 431; x_wconf 92' lang='lat' dir='ltr'>paruulos</span> <span class='ocrx_word' id='word_1_20' title='bbox 1387 377 1624 428; x_wconf 75' lang='lat' dir='ltr'><strong>miseratio,</strong></span> 
     </span>
     <span class='ocr_line' id='line_1_4' title="bbox 162 442 1623 501; baseline 0.002 -15"><span class='ocrx_word' id='word_1_21' title='bbox 162 443 238 486; x_wconf 89' lang='lat' dir='ltr'>sed</span> <span class='ocrx_word' id='word_1_22' title='bbox 269 444 316 486; x_wconf 90' lang='lat' dir='ltr'>in</span> <span class='ocrx_word' id='word_1_23' title='bbox 346 444 506 500; x_wconf 85' lang='lat' dir='ltr'>exiguo</span> <span class='ocrx_word' id='word_1_24' title='bbox 536 443 664 501; x_wconf 89' lang='lat' dir='ltr'>panis</span> <span class='ocrx_word' id='word_1_25' title='bbox 693 442 945 499; x_wconf 82' lang='lat' dir='ltr'>fragmento</span> <span class='ocrx_word' id='word_1_26' title='bbox 974 443 1183 499; x_wconf 90' lang='lat' dir='ltr'>paruulos</span> <span class='ocrx_word' id='word_1_27' title='bbox 1213 444 1465 488; x_wconf 74' lang='lat' dir='ltr'>inherentes</span> <span class='ocrx_word' id='word_1_28' title='bbox 1493 449 1537 489; x_wconf 92' lang='lat' dir='ltr'>et</span> <span class='ocrx_word' id='word_1_29' title='bbox 1567 462 1623 489; x_wconf 84' lang='lat' dir='ltr'>ex</span> 
     </span>
     <span class='ocr_line' id='line_1_5' title="bbox 162 511 1668 570; baseline 0.001 -14"><span class='ocrx_word' id='word_1_30' title='bbox 162 513 257 570; x_wconf 90' lang='lat' dir='ltr'>ipso</span> <span class='ocrx_word' id='word_1_31' title='bbox 296 513 367 556; x_wconf 89' lang='lat' dir='ltr'>cui</span> <span class='ocrx_word' id='word_1_32' title='bbox 406 513 660 555; x_wconf 89' lang='lat' dir='ltr'>inheserant</span> <span class='ocrx_word' id='word_1_33' title='bbox 699 526 931 568; x_wconf 89' lang='lat' dir='ltr'>suspensos</span> <span class='ocrx_word' id='word_1_34' title='bbox 971 511 1194 554; x_wconf 87' lang='lat' dir='ltr'>elidebant</span> <span class='ocrx_word' id='word_1_35' title='bbox 1234 513 1279 554; x_wconf 91' lang='lat' dir='ltr'>in</span> <span class='ocrx_word' id='word_1_36' title='bbox 1315 516 1490 557; x_wconf 89' lang='lat' dir='ltr'>terram.</span> <span class='ocrx_word' id='word_1_37' title='bbox 1567 516 1622 558; x_wconf 92' lang='lat' dir='ltr'>In</span> <span class='ocrx_word' id='word_1_38' title='bbox 1638 520 1668 558; x_wconf 90' lang='lat' dir='ltr'>b</span> 
     </span>
     <span class='ocr_line' id='line_1_6' title="bbox 106 580 1622 638; baseline 0.001 -14"><span class='ocrx_word' id='word_1_39' title='bbox 106 603 107 606; x_wconf 39' lang='lat'>¹</span> <span class='ocrx_word' id='word_1_40' title='bbox 123 601 143 636; x_wconf 80' lang='lat'>5</span> <span class='ocrx_word' id='word_1_41' title='bbox 161 595 262 624; x_wconf 92' lang='lat' dir='ltr'>eum</span> <span class='ocrx_word' id='word_1_42' title='bbox 282 596 397 632; x_wconf 92' lang='lat' dir='ltr'>uero,</span> <span class='ocrx_word' id='word_1_43' title='bbox 414 581 490 638; x_wconf 93' lang='lat' dir='ltr'>qui</span> <span class='ocrx_word' id='word_1_44' title='bbox 503 583 701 638; x_wconf 90' lang='lat' dir='ltr'>raptores</span> <span class='ocrx_word' id='word_1_45' title='bbox 713 580 810 623; x_wconf 91' lang='lat' dir='ltr'>cibo</span> <span class='ocrx_word' id='word_1_46' title='bbox 825 580 1126 636; x_wconf 89' lang='lat' dir='ltr'>praeuenisset</span> <span class='ocrx_word' id='word_1_47' title='bbox 1141 580 1386 637; x_wconf 89' lang='lat' dir='ltr'>absumpto,</span> <span class='ocrx_word' id='word_1_48' title='bbox 1402 584 1622 626; x_wconf 80' lang='lat' dir='ltr'>crudelius</span> 
     </span>
     <span class='ocr_line' id='line_1_7' title="bbox 160 648 1621 706; baseline 0.001 -13"><span class='ocrx_word' id='word_1_49' title='bbox 160 650 400 701; x_wconf 87' lang='lat' dir='ltr'>seuiebant,</span> <span class='ocrx_word' id='word_1_50' title='bbox 435 652 480 693; x_wconf 93' lang='lat' dir='ltr'>et</span> <span class='ocrx_word' id='word_1_51' title='bbox 518 649 830 706; x_wconf 71' lang='lat' dir='ltr'>excogitabant</span> <span class='ocrx_word' id='word_1_52' title='bbox 864 648 962 690; x_wconf 87' lang='lat' dir='ltr'>dira</span> <span class='ocrx_word' id='word_1_53' title='bbox 997 648 1224 705; x_wconf 90' lang='lat' dir='ltr'>supplicia,</span> <span class='ocrx_word' id='word_1_54' title='bbox 1258 650 1516 694; x_wconf 84' lang='lat' dir='ltr'>obturantes</span> <span class='ocrx_word' id='word_1_55' title='bbox 1556 652 1621 694; x_wconf 93' lang='lat' dir='ltr'>in-</span> 
     </span>
     <span class='ocr_line' id='line_1_8' title="bbox 159 717 1622 776; baseline 0.001 -15"><span class='ocrx_word' id='word_1_56' title='bbox 159 718 361 762; x_wconf 79' lang='lat' dir='ltr'>felicibus</span> <span class='ocrx_word' id='word_1_57' title='bbox 399 718 623 762; x_wconf 83' lang='lat' dir='ltr'>naturales</span> <span class='ocrx_word' id='word_1_58' title='bbox 661 717 958 774; x_wconf 88' lang='lat' dir='ltr'>digestionum</span> <span class='ocrx_word' id='word_1_59' title='bbox 997 720 1180 768; x_wconf 74' lang='lat' dir='ltr'>meatus,</span> <span class='ocrx_word' id='word_1_60' title='bbox 1215 718 1314 760; x_wconf 90' lang='lat' dir='ltr'>aliis</span> <span class='ocrx_word' id='word_1_61' title='bbox 1353 733 1459 762; x_wconf 91' lang='lat' dir='ltr'>uero</span> <span class='ocrx_word' id='word_1_62' title='bbox 1498 735 1622 776; x_wconf 86' lang='lat' dir='ltr'>prae-</span> 
     </span>
     <span class='ocr_line' id='line_1_9' title="bbox 159 785 1621 844; baseline 0.001 -14"><span class='ocrx_word' id='word_1_63' title='bbox 159 790 310 831; x_wconf 84' lang='lat' dir='ltr'>acutas</span> <span class='ocrx_word' id='word_1_64' title='bbox 330 788 459 830; x_wconf 90' lang='lat' dir='ltr'>sudes</span> <span class='ocrx_word' id='word_1_65' title='bbox 478 802 558 844; x_wconf 90' lang='lat' dir='ltr'>per</span> <span class='ocrx_word' id='word_1_66' title='bbox 577 787 728 830; x_wconf 87' lang='lat' dir='ltr'>eadem</span> <span class='ocrx_word' id='word_1_67' title='bbox 748 785 942 828; x_wconf 90' lang='lat' dir='ltr'>uerenda</span> <span class='ocrx_word' id='word_1_68' title='bbox 961 785 1199 842; x_wconf 79' lang='lat' dir='ltr'>adigentes.</span> <span class='ocrx_word' id='word_1_69' title='bbox 1261 787 1479 830; x_wconf 86' lang='lat' dir='ltr'>Horresco</span> <span class='ocrx_word' id='word_1_70' title='bbox 1509 803 1621 844; x_wconf 91' lang='lat' dir='ltr'>quae</span> 
     </span>
     <span class='ocr_line' id='line_1_10' title="bbox 158 854 1621 914; baseline 0.001 -14"><span class='ocrx_word' id='word_1_71' title='bbox 158 859 284 914; x_wconf 88' lang='lat' dir='ltr'>gesta</span> <span class='ocrx_word' id='word_1_72' title='bbox 325 859 431 900; x_wconf 90' lang='lat' dir='ltr'>sunt</span> <span class='ocrx_word' id='word_1_73' title='bbox 469 856 674 900; x_wconf 87' lang='lat' dir='ltr'>referens.</span> <span class='ocrx_word' id='word_1_74' title='bbox 736 855 807 899; x_wconf 88' lang='lat' dir='ltr'>Ad</span> <span class='ocrx_word' id='word_1_75' title='bbox 846 854 1165 898; x_wconf 81' lang='lat' dir='ltr'>confectionem</span> <span class='ocrx_word' id='word_1_76' title='bbox 1203 859 1304 913; x_wconf 90' lang='lat' dir='ltr'>post</span> <span class='ocrx_word' id='word_1_77' title='bbox 1343 857 1450 900; x_wconf 89' lang='lat' dir='ltr'>haec</span> <span class='ocrx_word' id='word_1_78' title='bbox 1489 859 1621 901; x_wconf 87' lang='lat' dir='ltr'>unius</span> 
     </span>
     <span class='ocr_line' id='line_1_11' title="bbox 78 924 1620 984; baseline 0.001 -16"><span class='ocrx_word' id='word_1_79' title='bbox 78 947 144 974; x_wconf 76' lang='lat'>·10</span> <span class='ocrx_word' id='word_1_80' title='bbox 158 926 286 983; x_wconf 88' lang='lat' dir='ltr'>panis</span> <span class='ocrx_word' id='word_1_81' title='bbox 314 929 394 969; x_wconf 89' lang='lat' dir='ltr'>aut</span> <span class='ocrx_word' id='word_1_82' title='bbox 423 926 558 970; x_wconf 87' lang='lat' dir='ltr'>ciathi</span> <span class='ocrx_word' id='word_1_83' title='bbox 590 925 761 968; x_wconf 88' lang='lat' dir='ltr'>farinae</span> <span class='ocrx_word' id='word_1_84' title='bbox 791 924 973 967; x_wconf 88' lang='lat' dir='ltr'>miseros</span> <span class='ocrx_word' id='word_1_85' title='bbox 1007 925 1316 982; x_wconf 82' lang='lat' dir='ltr'>perurgebant.</span> <span class='ocrx_word' id='word_1_86' title='bbox 1382 926 1499 968; x_wconf 92' lang='lat' dir='ltr'>Nam</span> <span class='ocrx_word' id='word_1_87' title='bbox 1535 927 1620 984; x_wconf 89' lang='lat' dir='ltr'>ipsi</span> 
     </span>
     <span class='ocr_line' id='line_1_12' title="bbox 157 993 1622 1052; baseline 0 -14"><span class='ocrx_word' id='word_1_88' title='bbox 157 997 346 1038; x_wconf 89' lang='lat' dir='ltr'>tortores</span> <span class='ocrx_word' id='word_1_89' title='bbox 365 1010 454 1038; x_wconf 91' lang='lat' dir='ltr'>non</span> <span class='ocrx_word' id='word_1_90' title='bbox 473 995 759 1052; x_wconf 89' lang='lat' dir='ltr'>patiebantur</span> <span class='ocrx_word' id='word_1_91' title='bbox 778 993 953 1038; x_wconf 86' lang='lat' dir='ltr'>famem.</span> <span class='ocrx_word' id='word_1_92' title='bbox 1014 993 1141 1036; x_wconf 85' lang='lat' dir='ltr'>Esset</span> <span class='ocrx_word' id='word_1_93' title='bbox 1161 994 1278 1036; x_wconf 90' lang='lat' dir='ltr'>enim</span> <span class='ocrx_word' id='word_1_94' title='bbox 1299 995 1622 1051; x_wconf 90' lang='lat' dir='ltr'>quodammodo</span> 
     </span>
     <span class='ocr_line' id='line_1_13' title="bbox 155 1062 1620 1120; baseline -0.001 -12"><span class='ocrx_word' id='word_1_95' title='bbox 155 1064 428 1108; x_wconf 80' lang='lat' dir='ltr'>tolerabilius</span> <span class='ocrx_word' id='word_1_96' title='bbox 447 1065 485 1107; x_wconf 92' lang='lat' dir='ltr'>si</span> <span class='ocrx_word' id='word_1_97' title='bbox 505 1065 612 1107; x_wconf 88' lang='lat' dir='ltr'>haec</span> <span class='ocrx_word' id='word_1_98' title='bbox 632 1063 845 1120; x_wconf 89' lang='lat' dir='ltr'>compulsi</span> <span class='ocrx_word' id='word_1_99' title='bbox 866 1062 1013 1105; x_wconf 90' lang='lat' dir='ltr'>inedia</span> <span class='ocrx_word' id='word_1_100' title='bbox 1033 1062 1177 1106; x_wconf 74' lang='lat' dir='ltr'>facere</span> <span class='ocrx_word' id='word_1_101' title='bbox 1198 1063 1468 1108; x_wconf 89' lang='lat' dir='ltr'>uiderentur.</span> <span class='ocrx_word' id='word_1_102' title='bbox 1532 1064 1620 1107; x_wconf 87' lang='lat' dir='ltr'>Sed</span> 
     </span>
     <span class='ocr_line' id='line_1_14' title="bbox 155 1132 1621 1191; baseline 0 -15"><span class='ocrx_word' id='word_1_103' title='bbox 155 1136 208 1177; x_wconf 92' lang='lat' dir='ltr'>ut</span> <span class='ocrx_word' id='word_1_104' title='bbox 226 1134 298 1177; x_wconf 91' lang='lat' dir='ltr'>uel</span> <span class='ocrx_word' id='word_1_105' title='bbox 317 1136 631 1191; x_wconf 88' lang='lat' dir='ltr'>praepararent</span> <span class='ocrx_word' id='word_1_106' title='bbox 650 1133 735 1176; x_wconf 87' lang='lat' dir='ltr'>sibi</span> <span class='ocrx_word' id='word_1_107' title='bbox 756 1133 802 1174; x_wconf 90' lang='lat' dir='ltr'>in</span> <span class='ocrx_word' id='word_1_108' title='bbox 823 1135 1047 1189; x_wconf 86' lang='lat' dir='ltr'>posterum</span> <span class='ocrx_word' id='word_1_109' title='bbox 1067 1132 1198 1182; x_wconf 59' lang='lat' dir='ltr'>cibos</span> <span class='ocrx_word' id='word_1_110' title='bbox 1218 1133 1290 1175; x_wconf 91' lang='lat' dir='ltr'>uel</span> <span class='ocrx_word' id='word_1_111' title='bbox 1311 1135 1363 1175; x_wconf 88' lang='lat' dir='ltr'>ut</span> <span class='ocrx_word' id='word_1_112' title='bbox 1383 1133 1621 1176; x_wconf 86' lang='lat' dir='ltr'>crudelitas</span> 
     </span>
     <span class='ocr_line' id='line_1_15' title="bbox 124 1202 1620 1260; baseline -0.001 -14"><span class='ocrx_word' id='word_1_113' title='bbox 124 1214 137 1218; x_wconf 47' lang='lat'>⁷·</span> <span class='ocrx_word' id='word_1_114' title='bbox 156 1203 364 1246; x_wconf 89' lang='lat' dir='ltr'>exercitio</span> <span class='ocrx_word' id='word_1_115' title='bbox 383 1203 716 1253; x_wconf 88' lang='lat' dir='ltr'>conualesceret‚</span> <span class='ocrx_word' id='word_1_116' title='bbox 736 1202 783 1244; x_wconf 90' lang='lat' dir='ltr'>in</span> <span class='ocrx_word' id='word_1_117' title='bbox 804 1202 874 1244; x_wconf 88' lang='lat' dir='ltr'>his</span> <span class='ocrx_word' id='word_1_118' title='bbox 894 1202 1029 1244; x_wconf 92' lang='lat' dir='ltr'>etiam</span> <span class='ocrx_word' id='word_1_119' title='bbox 1050 1202 1086 1244; x_wconf 87' lang='lat' dir='ltr'>si</span> <span class='ocrx_word' id='word_1_120' title='bbox 1115 1202 1191 1258; x_wconf 90' lang='lat' dir='ltr'>qui</span> <span class='ocrx_word' id='word_1_121' title='bbox 1220 1202 1335 1245; x_wconf 81' lang='lat' dir='ltr'>forte</span> <span class='ocrx_word' id='word_1_122' title='bbox 1363 1202 1519 1245; x_wconf 81' lang='lat' dir='ltr'>furtim</span> <span class='ocrx_word' id='word_1_123' title='bbox 1540 1217 1620 1260; x_wconf 88' lang='lat' dir='ltr'>per</span> 
     </span>
    </p>
   </div>
   <div class='ocr_carea' id='block_1_3' title="bbox 16 1271 1617 1330">
    <p class='ocr_par' dir='ltr' id='par_1_3' title="bbox 16 1271 1617 1330">
     <span class='ocr_line' id='line_1_16' title="bbox 16 1271 1617 1330; baseline -0.003 -13"><span class='ocrx_word' id='word_1_124' title='bbox 16 1271 17 1275; x_wconf 63' lang='grc'>’</span> <span class='ocrx_word' id='word_1_125' title='bbox 68 1286 81 1300; x_wconf 73' lang='grc'>·’</span> <span class='ocrx_word' id='word_1_126' title='bbox 97 1291 137 1327; x_wconf 79' lang='lat'>¹⁵</span> <span class='ocrx_word' id='word_1_127' title='bbox 155 1272 366 1316; x_wconf 86' lang='lat' dir='ltr'>stationes</span> <span class='ocrx_word' id='word_1_128' title='bbox 396 1273 589 1316; x_wconf 91' lang='lat' dir='ltr'>hostium</span> <span class='ocrx_word' id='word_1_129' title='bbox 616 1287 697 1330; x_wconf 91' lang='lat' dir='ltr'>pro</span> <span class='ocrx_word' id='word_1_130' title='bbox 725 1271 982 1328; x_wconf 80' lang='lat' dir='ltr'>colligendis</span> <span class='ocrx_word' id='word_1_131' title='bbox 1011 1271 1159 1314; x_wconf 89' lang='lat' dir='ltr'>herbis</span> <span class='ocrx_word' id='word_1_132' title='bbox 1186 1272 1445 1328; x_wconf 85' lang='lat' dir='ltr'>erupissent,</span> <span class='ocrx_word' id='word_1_133' title='bbox 1468 1286 1617 1314; x_wconf 87' lang='lat' dir='ltr'>occur-</span> 
     </span>
    </p>
   </div>
   <div class='ocr_carea' id='block_1_4' title="bbox 56 1341 1660 2717">
    <p class='ocr_par' dir='ltr' id='par_1_4' title="bbox 121 1341 1660 1606">
     <span class='ocr_line' id='line_1_17' title="bbox 154 1341 1618 1399; baseline -0.001 -14"><span class='ocrx_word' id='word_1_134' title='bbox 154 1345 301 1385; x_wconf 87' lang='lat' dir='ltr'>rentes</span> <span class='ocrx_word' id='word_1_135' title='bbox 349 1342 412 1385; x_wconf 89' lang='lat' dir='ltr'>eis</span> <span class='ocrx_word' id='word_1_136' title='bbox 452 1342 528 1399; x_wconf 92' lang='lat' dir='ltr'>qui</span> <span class='ocrx_word' id='word_1_137' title='bbox 577 1357 623 1385; x_wconf 89' lang='lat' dir='ltr'>se</span> <span class='ocrx_word' id='word_1_138' title='bbox 673 1341 867 1384; x_wconf 90' lang='lat' dir='ltr'>hostium</span> <span class='ocrx_word' id='word_1_139' title='bbox 915 1355 1073 1383; x_wconf 87' lang='lat' dir='ltr'>manus</span> <span class='ocrx_word' id='word_1_140' title='bbox 1114 1341 1318 1399; x_wconf 85' lang='lat' dir='ltr'>effugisse</span> <span class='ocrx_word' id='word_1_141' title='bbox 1360 1341 1618 1399; x_wconf 85' lang='lat' dir='ltr'>gauderent,</span> 
     </span>
     <span class='ocr_line' id='line_1_18' title="bbox 121 1409 1660 1468; baseline -0.001 -14"><span class='ocrx_word' id='word_1_142' title='bbox 121 1410 422 1468; x_wconf 63' lang='lat' dir='ltr'>&#39;diripiebant</span> <span class='ocrx_word' id='word_1_143' title='bbox 451 1410 659 1468; x_wconf 89' lang='lat' dir='ltr'>quicquid</span> <span class='ocrx_word' id='word_1_144' title='bbox 687 1410 942 1454; x_wconf 85' lang='lat' dir='ltr'>attulerant.</span> <span class='ocrx_word' id='word_1_145' title='bbox 1004 1409 1368 1467; x_wconf 89' lang='lat' dir='ltr'>Supplicantibus</span> <span class='ocrx_word' id='word_1_146' title='bbox 1397 1413 1546 1453; x_wconf 90' lang='lat' dir='ltr'>autem</span> <span class='ocrx_word' id='word_1_147' title='bbox 1572 1413 1617 1452; x_wconf 83' lang='lat' dir='ltr'>et</span> <span class='ocrx_word' id='word_1_148' title='bbox 1633 1427 1660 1458; x_wconf 78' lang='lat' dir='ltr'>e</span> 
     </span>
     <span class='ocr_line' id='line_1_19' title="bbox 154 1478 1617 1536; baseline -0.002 -13"><span class='ocrx_word' id='word_1_149' title='bbox 154 1480 350 1524; x_wconf 86' lang='lat' dir='ltr'>terribile</span> <span class='ocrx_word' id='word_1_150' title='bbox 389 1480 473 1523; x_wconf 89' lang='lat' dir='ltr'>sibi</span> <span class='ocrx_word' id='word_1_151' title='bbox 514 1479 734 1536; x_wconf 89' lang='lat' dir='ltr'>quoddam</span> <span class='ocrx_word' id='word_1_152' title='bbox 774 1493 934 1521; x_wconf 90' lang='lat' dir='ltr'>nomen</span> <span class='ocrx_word' id='word_1_153' title='bbox 974 1478 1058 1520; x_wconf 92' lang='lat' dir='ltr'>Dei</span> <span class='ocrx_word' id='word_1_154' title='bbox 1098 1478 1408 1522; x_wconf 90' lang='lat' dir='ltr'>inuocantibus</span> <span class='ocrx_word' id='word_1_155' title='bbox 1453 1482 1506 1521; x_wconf 90' lang='lat' dir='ltr'>ut</span> <span class='ocrx_word' id='word_1_156' title='bbox 1545 1478 1617 1521; x_wconf 91' lang='lat' dir='ltr'>uel</span> 
     </span>
     <span class='ocr_line' id='line_1_20' title="bbox 154 1547 1616 1606; baseline -0.001 -14"><span class='ocrx_word' id='word_1_157' title='bbox 154 1551 324 1606; x_wconf 90' lang='lat' dir='ltr'>partem</span> <span class='ocrx_word' id='word_1_158' title='bbox 354 1549 548 1606; x_wconf 90' lang='lat' dir='ltr'>aliquam</span> <span class='ocrx_word' id='word_1_159' title='bbox 579 1563 635 1592; x_wconf 85' lang='lat' dir='ltr'>ex</span> <span class='ocrx_word' id='word_1_160' title='bbox 664 1548 745 1600; x_wconf 88' lang='lat' dir='ltr'>his,</span> <span class='ocrx_word' id='word_1_161' title='bbox 770 1562 881 1604; x_wconf 90' lang='lat' dir='ltr'>quae</span> <span class='ocrx_word' id='word_1_162' title='bbox 911 1562 1058 1590; x_wconf 88' lang='lat' dir='ltr'>secum</span> <span class='ocrx_word' id='word_1_163' title='bbox 1085 1548 1241 1590; x_wconf 91' lang='lat' dir='ltr'>mortis</span> <span class='ocrx_word' id='word_1_164' title='bbox 1264 1547 1459 1605; x_wconf 86' lang='lat' dir='ltr'>periculo</span> <span class='ocrx_word' id='word_1_165' title='bbox 1486 1562 1616 1604; x_wconf 85' lang='lat' dir='ltr'>quae-</span> 
     </span>
    </p>

    <p class='ocr_par' dir='ltr' id='par_1_5' title="bbox 75 1616 1617 1947">
     <span class='ocr_line' id='line_1_21' title="bbox 75 1616 1617 1676; baseline 0.001 -17"><span class='ocrx_word' id='word_1_166' title='bbox 75 1631 81 1640; x_wconf 91' lang='lat'>··</span> <span class='ocrx_word' id='word_1_167' title='bbox 97 1635 139 1659; x_wconf 77' lang='lat' dir='ltr'>no</span> <span class='ocrx_word' id='word_1_168' title='bbox 155 1617 362 1669; x_wconf 87' lang='lat' dir='ltr'>siuerant,</span> <span class='ocrx_word' id='word_1_169' title='bbox 392 1618 684 1676; x_wconf 87' lang='lat' dir='ltr'>indulgerent,</span> <span class='ocrx_word' id='word_1_170' title='bbox 714 1616 851 1660; x_wconf 89' lang='lat' dir='ltr'>nichil</span> <span class='ocrx_word' id='word_1_171' title='bbox 881 1631 1060 1674; x_wconf 89' lang='lat' dir='ltr'>prorsus</span> <span class='ocrx_word' id='word_1_172' title='bbox 1090 1617 1386 1674; x_wconf 84' lang='lat' dir='ltr'>praebebant;</span> <span class='ocrx_word' id='word_1_173' title='bbox 1428 1617 1504 1660; x_wconf 89' lang='lat' dir='ltr'>sed</span> <span class='ocrx_word' id='word_1_174' title='bbox 1535 1618 1617 1660; x_wconf 90' lang='lat' dir='ltr'>hoc</span> 
     </span>
     <span class='ocr_line' id='line_1_22' title="bbox 153 1686 1617 1743; baseline 0 -13"><span class='ocrx_word' id='word_1_175' title='bbox 153 1687 350 1731; x_wconf 88' lang='lat' dir='ltr'>beneficii</span> <span class='ocrx_word' id='word_1_176' title='bbox 390 1688 484 1731; x_wconf 89' lang='lat' dir='ltr'>loco</span> <span class='ocrx_word' id='word_1_177' title='bbox 522 1691 723 1737; x_wconf 88' lang='lat' dir='ltr'>cesserat,</span> <span class='ocrx_word' id='word_1_178' title='bbox 755 1686 793 1730; x_wconf 93' lang='lat' dir='ltr'>si</span> <span class='ocrx_word' id='word_1_179' title='bbox 828 1686 1190 1743; x_wconf 88' lang='lat' dir='ltr'>comprehensum</span> <span class='ocrx_word' id='word_1_180' title='bbox 1231 1686 1386 1729; x_wconf 91' lang='lat' dir='ltr'>uiuum</span> <span class='ocrx_word' id='word_1_181' title='bbox 1421 1686 1617 1730; x_wconf 88' lang='lat' dir='ltr'>licuisset</span> 
     </span>
     <span class='ocr_line' id='line_1_23' title="bbox 152 1755 1615 1813; baseline 0 -15"><span class='ocrx_word' id='word_1_182' title='bbox 152 1755 347 1799; x_wconf 85' lang='lat' dir='ltr'>euadere.</span> <span class='ocrx_word' id='word_1_183' title='bbox 425 1757 511 1799; x_wconf 89' lang='lat' dir='ltr'>His</span> <span class='ocrx_word' id='word_1_184' title='bbox 559 1760 708 1799; x_wconf 86' lang='lat' dir='ltr'>autem</span> <span class='ocrx_word' id='word_1_185' title='bbox 757 1758 858 1813; x_wconf 91' lang='lat' dir='ltr'>post</span> <span class='ocrx_word' id='word_1_186' title='bbox 906 1755 1136 1811; x_wconf 88' lang='lat' dir='ltr'>aliquanta</span> <span class='ocrx_word' id='word_1_187' title='bbox 1185 1755 1402 1812; x_wconf 88' lang='lat' dir='ltr'>adiungit,</span> <span class='ocrx_word' id='word_1_188' title='bbox 1441 1755 1615 1799; x_wconf 82' lang='lat' dir='ltr'>dicens:</span> 
     </span>
     <span class='ocr_line' id='line_1_24' title="bbox 153 1823 1614 1882; baseline 0.001 -15"><span class='ocrx_word' id='word_1_189' title='bbox 153 1823 302 1867; x_wconf 90' lang='lat' dir='ltr'>Iudeis</span> <span class='ocrx_word' id='word_1_190' title='bbox 331 1839 436 1868; x_wconf 90' lang='lat' dir='ltr'>uero</span> <span class='ocrx_word' id='word_1_191' title='bbox 464 1840 564 1869; x_wconf 91' lang='lat' dir='ltr'>cum</span> <span class='ocrx_word' id='word_1_192' title='bbox 592 1839 769 1882; x_wconf 88' lang='lat' dir='ltr'>egressu</span> <span class='ocrx_word' id='word_1_193' title='bbox 795 1824 918 1866; x_wconf 90' lang='lat' dir='ltr'>urbis</span> <span class='ocrx_word' id='word_1_194' title='bbox 938 1824 1081 1867; x_wconf 89' lang='lat' dir='ltr'>omnis</span> <span class='ocrx_word' id='word_1_195' title='bbox 1103 1824 1272 1880; x_wconf 90' lang='lat' dir='ltr'>pariter</span> <span class='ocrx_word' id='word_1_196' title='bbox 1293 1839 1392 1882; x_wconf 92' lang='lat' dir='ltr'>spes</span> <span class='ocrx_word' id='word_1_197' title='bbox 1412 1825 1614 1868; x_wconf 85' lang='lat' dir='ltr'>exclude-</span> 
     </span>
     <span class='ocr_line' id='line_1_25' title="bbox 151 1893 1614 1947; baseline 0.001 -11"><span class='ocrx_word' id='word_1_198' title='bbox 151 1893 284 1937; x_wconf 87' lang='lat' dir='ltr'>batur</span> <span class='ocrx_word' id='word_1_199' title='bbox 311 1894 479 1947; x_wconf 90' lang='lat' dir='ltr'>salutis‚</span> <span class='ocrx_word' id='word_1_200' title='bbox 508 1898 553 1938; x_wconf 90' lang='lat' dir='ltr'>et</span> <span class='ocrx_word' id='word_1_201' title='bbox 582 1894 854 1938; x_wconf 87' lang='lat' dir='ltr'>inualescens</span> <span class='ocrx_word' id='word_1_202' title='bbox 884 1893 1100 1936; x_wconf 90' lang='lat' dir='ltr'>acerbitas</span> <span class='ocrx_word' id='word_1_203' title='bbox 1131 1893 1274 1944; x_wconf 81' lang='lat' dir='ltr'>famis,</span> <span class='ocrx_word' id='word_1_204' title='bbox 1304 1894 1456 1937; x_wconf 93' lang='lat' dir='ltr'>domos</span> <span class='ocrx_word' id='word_1_205' title='bbox 1482 1896 1614 1938; x_wconf 90' lang='lat' dir='ltr'>simul</span> 
     </span>
    </p>

    <p class='ocr_par' dir='ltr' id='par_1_6' title="bbox 65 1962 1615 2022">
     <span class='ocr_line' id='line_1_26' title="bbox 65 1962 1615 2022; baseline 0.002 -17"><span class='ocrx_word' id='word_1_206' title='bbox 65 1978 76 1988; x_wconf 65' lang='lat'><strong><em>⁹</em></strong></span> <span class='ocrx_word' id='word_1_207' title='bbox 95 1979 135 2015; x_wconf 77' lang='lat'>²5</span> <span class='ocrx_word' id='word_1_208' title='bbox 153 1965 197 2006; x_wconf 89' lang='lat' dir='ltr'>et</span> <span class='ocrx_word' id='word_1_209' title='bbox 235 1962 426 2007; x_wconf 83' lang='lat' dir='ltr'>familias</span> <span class='ocrx_word' id='word_1_210' title='bbox 464 1967 727 2022; x_wconf 87' lang='lat' dir='ltr'>gentemque</span> <span class='ocrx_word' id='word_1_211' title='bbox 767 1962 1000 2015; x_wconf 89' lang='lat' dir='ltr'>uastabat;</span> <span class='ocrx_word' id='word_1_212' title='bbox 1041 1962 1106 2005; x_wconf 90' lang='lat' dir='ltr'>ita</span> <span class='ocrx_word' id='word_1_213' title='bbox 1137 1967 1190 2006; x_wconf 91' lang='lat' dir='ltr'>ut</span> <span class='ocrx_word' id='word_1_214' title='bbox 1227 1963 1275 2006; x_wconf 90' lang='lat' dir='ltr'>in</span> <span class='ocrx_word' id='word_1_215' title='bbox 1314 1965 1615 2020; x_wconf 88' lang='lat' dir='ltr'>penetralibus</span> 
     </span>
    </p>

    <p class='ocr_par' dir='ltr' id='par_1_7' title="bbox 150 2022 1614 2091">
     <span class='ocr_line' id='line_1_27' title="bbox 150 2022 1614 2091; baseline 0.002 -17"><span class='ocrx_word' id='word_1_216' title='bbox 150 2033 292 2075; x_wconf 86' lang='lat' dir='ltr'>strata</span> <span class='ocrx_word' id='word_1_217' title='bbox 328 2022 522 2076; x_wconf 88' lang='lat' dir='ltr'>iacerent</span> <span class='ocrx_word' id='word_1_218' title='bbox 567 2033 802 2076; x_wconf 89' lang='lat' dir='ltr'>mulierum</span> <span class='ocrx_word' id='word_1_219' title='bbox 845 2032 1219 2089; x_wconf 89' lang='lat' dir='ltr'>paruulorumque</span> <span class='ocrx_word' id='word_1_220' title='bbox 1268 2033 1496 2086; x_wconf 85' lang='lat' dir='ltr'>cadauera,</span> <span class='ocrx_word' id='word_1_221' title='bbox 1534 2049 1614 2091; x_wconf 92' lang='lat' dir='ltr'>per</span> 
     </span>
    </p>

    <p class='ocr_par' dir='ltr' id='par_1_8' title="bbox 149 2100 1612 2300">
     <span class='ocr_line' id='line_1_28' title="bbox 149 2100 1612 2161; baseline 0.003 -18"><span class='ocrx_word' id='word_1_222' title='bbox 149 2100 317 2158; x_wconf 87' lang='lat' dir='ltr'>plateas</span> <span class='ocrx_word' id='word_1_223' title='bbox 346 2117 452 2146; x_wconf 90' lang='lat' dir='ltr'>uero</span> <span class='ocrx_word' id='word_1_224' title='bbox 480 2102 724 2146; x_wconf 88' lang='lat' dir='ltr'>infelicium</span> <span class='ocrx_word' id='word_1_225' title='bbox 754 2117 908 2145; x_wconf 92' lang='lat' dir='ltr'>senum</span> <span class='ocrx_word' id='word_1_226' title='bbox 938 2116 1121 2159; x_wconf 89' lang='lat' dir='ltr'>corpora</span> <span class='ocrx_word' id='word_1_227' title='bbox 1155 2101 1272 2145; x_wconf 83' lang='lat' dir='ltr'>fame</span> <span class='ocrx_word' id='word_1_228' title='bbox 1302 2104 1445 2161; x_wconf 83' lang='lat' dir='ltr'>magis</span> <span class='ocrx_word' id='word_1_229' title='bbox 1479 2119 1612 2160; x_wconf 91' lang='lat' dir='ltr'>quam</span> 
     </span>
     <span class='ocr_line' id='line_1_29' title="bbox 150 2172 1610 2229; baseline 0.002 -16"><span class='ocrx_word' id='word_1_230' title='bbox 150 2172 267 2213; x_wconf 86' lang='lat' dir='ltr'>etate</span> <span class='ocrx_word' id='word_1_231' title='bbox 310 2175 580 2229; x_wconf 89' lang='lat' dir='ltr'>consumpta.</span> <span class='ocrx_word' id='word_1_232' title='bbox 654 2172 845 2214; x_wconf 90' lang='lat' dir='ltr'>quenes</span> <span class='ocrx_word' id='word_1_233' title='bbox 888 2185 994 2214; x_wconf 89' lang='lat' dir='ltr'>uero</span> <span class='ocrx_word' id='word_1_234' title='bbox 1037 2175 1172 2227; x_wconf 90' lang='lat' dir='ltr'>atque</span> <span class='ocrx_word' id='word_1_235' title='bbox 1217 2173 1359 2215; x_wconf 90' lang='lat' dir='ltr'>omnis</span> <span class='ocrx_word' id='word_1_236' title='bbox 1405 2177 1499 2216; x_wconf 87' lang='lat' dir='ltr'>etas</span> <span class='ocrx_word' id='word_1_237' title='bbox 1543 2189 1610 2216; x_wconf 93' lang='lat' dir='ltr'>ro-</span> 
     </span>
     <span class='ocr_line' id='line_1_30' title="bbox 149 2237 1612 2300; baseline 0.004 -20"><span class='ocrx_word' id='word_1_238' title='bbox 149 2237 320 2282; x_wconf 89' lang='lat' dir='ltr'>bustior</span> <span class='ocrx_word' id='word_1_239' title='bbox 353 2240 478 2283; x_wconf 88' lang='lat' dir='ltr'>uelut</span> <span class='ocrx_word' id='word_1_240' title='bbox 508 2241 774 2284; x_wconf 88' lang='lat' dir='ltr'>simulachra</span> <span class='ocrx_word' id='word_1_241' title='bbox 813 2240 1028 2297; x_wconf 89' lang='lat' dir='ltr'>quaedam</span> <span class='ocrx_word' id='word_1_242' title='bbox 1068 2240 1115 2282; x_wconf 90' lang='lat' dir='ltr'>in</span> <span class='ocrx_word' id='word_1_243' title='bbox 1154 2240 1241 2283; x_wconf 90' lang='lat' dir='ltr'>uiis</span> <span class='ocrx_word' id='word_1_244' title='bbox 1281 2245 1327 2284; x_wconf 89' lang='lat' dir='ltr'>et</span> <span class='ocrx_word' id='word_1_245' title='bbox 1365 2243 1612 2300; x_wconf 88' lang='lat' dir='ltr'>egressibus</span> 
     </span>
    </p>

    <p class='ocr_par' dir='ltr' id='par_1_9' title="bbox 56 2306 1658 2435">
     <span class='ocr_line' id='line_1_31' title="bbox 56 2306 1612 2369; baseline 0.004 -20"><span class='ocrx_word' id='word_1_246' title='bbox 56 2320 65 2325; x_wconf 82' lang='grc'><em>“</em></span> <span class='ocrx_word' id='word_1_247' title='bbox 92 2329 135 2364; x_wconf 77' lang='lat'>30</span> <span class='ocrx_word' id='word_1_248' title='bbox 149 2306 422 2359; x_wconf 89' lang='lat' dir='ltr'>oberrabant,</span> <span class='ocrx_word' id='word_1_249' title='bbox 443 2313 695 2353; x_wconf 87' lang='lat' dir='ltr'>corruentes</span> <span class='ocrx_word' id='word_1_250' title='bbox 715 2324 988 2367; x_wconf 87' lang='lat' dir='ltr'>quocumque</span> <span class='ocrx_word' id='word_1_251' title='bbox 1009 2310 1091 2353; x_wconf 90' lang='lat' dir='ltr'>loci</span> <span class='ocrx_word' id='word_1_252' title='bbox 1111 2325 1310 2367; x_wconf 88' lang='lat' dir='ltr'>gressum</span> <span class='ocrx_word' id='word_1_253' title='bbox 1326 2312 1612 2369; x_wconf 88' lang='lat' dir='ltr'>surripuisset</span> 
     </span>
     <span class='ocr_line' id='line_1_32' title="bbox 150 2375 1658 2435; baseline 0.004 -16"><span class='ocrx_word' id='word_1_254' title='bbox 150 2375 305 2420; x_wconf 83' lang='lat' dir='ltr'>inedia.</span> <span class='ocrx_word' id='word_1_255' title='bbox 365 2377 558 2434; x_wconf 88' lang='lat' dir='ltr'>Sepelire</span> <span class='ocrx_word' id='word_1_256' title='bbox 581 2382 730 2422; x_wconf 89' lang='lat' dir='ltr'>autem</span> <span class='ocrx_word' id='word_1_257' title='bbox 750 2379 966 2421; x_wconf 89' lang='lat' dir='ltr'>cadauera</span> <span class='ocrx_word' id='word_1_258' title='bbox 985 2379 1288 2435; x_wconf 83' lang='lat' dir='ltr'>proximorum</span> <span class='ocrx_word' id='word_1_259' title='bbox 1309 2395 1388 2423; x_wconf 90' lang='lat' dir='ltr'>nec</span> <span class='ocrx_word' id='word_1_260' title='bbox 1408 2381 1609 2425; x_wconf 86' lang='lat' dir='ltr'>defunct·</span> <span class='ocrx_word' id='word_1_261' title='bbox 1628 2390 1658 2431; x_wconf 83' lang='lat' dir='ltr'>d</span> 
     </span>
    </p>

    <p class='ocr_par' dir='ltr' id='par_1_10' title="bbox 122 2447 1611 2642">
     <span class='ocr_line' id='line_1_33' title="bbox 122 2447 1610 2505; baseline 0.003 -18"><span class='ocrx_word' id='word_1_262' title='bbox 122 2459 123 2462; x_wconf 48' lang='lat'>¹</span> <span class='ocrx_word' id='word_1_263' title='bbox 151 2458 275 2488; x_wconf 87' lang='lat' dir='ltr'>orum</span> <span class='ocrx_word' id='word_1_264' title='bbox 306 2447 546 2490; x_wconf 89' lang='lat' dir='ltr'>multitudo</span> <span class='ocrx_word' id='word_1_265' title='bbox 579 2462 658 2491; x_wconf 90' lang='lat' dir='ltr'>nec</span> <span class='ocrx_word' id='word_1_266' title='bbox 690 2448 855 2490; x_wconf 88' lang='lat' dir='ltr'>uirium</span> <span class='ocrx_word' id='word_1_267' title='bbox 886 2447 1092 2490; x_wconf 88' lang='lat' dir='ltr'>debilitas</span> <span class='ocrx_word' id='word_1_268' title='bbox 1126 2449 1438 2505; x_wconf 88' lang='lat' dir='ltr'>permittebat;</span> <span class='ocrx_word' id='word_1_269' title='bbox 1479 2450 1610 2492; x_wconf 90' lang='lat' dir='ltr'>simul</span> 
     </span>
     <span class='ocr_line' id='line_1_34' title="bbox 150 2515 1611 2576; baseline 0.004 -20"><span class='ocrx_word' id='word_1_270' title='bbox 150 2515 196 2556; x_wconf 85' lang='lat' dir='ltr'>et</span> <span class='ocrx_word' id='word_1_271' title='bbox 214 2528 295 2570; x_wconf 90' lang='lat' dir='ltr'>pro</span> <span class='ocrx_word' id='word_1_272' title='bbox 314 2529 418 2559; x_wconf 88' lang='lat' dir='ltr'>suae</span> <span class='ocrx_word' id='word_1_273' title='bbox 442 2516 562 2560; x_wconf 89' lang='lat' dir='ltr'>uitae</span> <span class='ocrx_word' id='word_1_274' title='bbox 582 2517 750 2560; x_wconf 90' lang='lat' dir='ltr'>incerto</span> <span class='ocrx_word' id='word_1_275' title='bbox 775 2517 1078 2573; x_wconf 88' lang='lat' dir='ltr'>unusquisque</span> <span class='ocrx_word' id='word_1_276' title='bbox 1101 2517 1348 2560; x_wconf 87' lang='lat' dir='ltr'>uerebatur.</span> <span class='ocrx_word' id='word_1_277' title='bbox 1408 2519 1611 2576; x_wconf 91' lang='lat' dir='ltr'>Denique</span> 
     </span>
     <span class='ocr_line' id='line_1_35' title="bbox 150 2581 1610 2642; baseline 0.003 -17"><span class='ocrx_word' id='word_1_278' title='bbox 150 2581 365 2638; x_wconf 84' lang='lat' dir='ltr'>aliquanti</span> <span class='ocrx_word' id='word_1_279' title='bbox 411 2599 542 2642; x_wconf 90' lang='lat' dir='ltr'>super</span> <span class='ocrx_word' id='word_1_280' title='bbox 590 2599 674 2636; x_wconf 90' lang='lat' dir='ltr'>eos,</span> <span class='ocrx_word' id='word_1_281' title='bbox 717 2600 826 2642; x_wconf 90' lang='lat' dir='ltr'>quos</span> <span class='ocrx_word' id='word_1_282' title='bbox 870 2586 1152 2642; x_wconf 86' lang='lat' dir='ltr'>sepeliebant,</span> <span class='ocrx_word' id='word_1_283' title='bbox 1192 2586 1362 2629; x_wconf 83' lang='lat' dir='ltr'>animas</span> <span class='ocrx_word' id='word_1_284' title='bbox 1402 2588 1610 2641; x_wconf 90' lang='lat' dir='ltr'>emisere;</span> 
     </span>
    </p>

    <p class='ocr_par' dir='ltr' id='par_1_11' title="bbox 90 2650 1615 2717">
     <span class='ocr_line' id='line_1_36' title="bbox 90 2650 1615 2717; baseline 0.005 -25"><span class='ocrx_word' id='word_1_285' title='bbox 90 2671 132 2706; x_wconf 79' lang='lat'>35</span> <span class='ocrx_word' id='word_1_286' title='bbox 150 2650 280 2693; x_wconf 90' lang='lat' dir='ltr'>multi</span> <span class='ocrx_word' id='word_1_287' title='bbox 328 2652 461 2695; x_wconf 88' lang='lat' dir='ltr'>etiam</span> <span class='ocrx_word' id='word_1_288' title='bbox 509 2653 615 2696; x_wconf 89' lang='lat' dir='ltr'>dum</span> <span class='ocrx_word' id='word_1_289' title='bbox 658 2657 986 2711; x_wconf 89' lang='lat' dir='ltr'>prosequuntur</span> <span class='ocrx_word' id='word_1_290' title='bbox 1034 2653 1204 2706; x_wconf 86' lang='lat' dir='ltr'>funera,</span> <span class='ocrx_word' id='word_1_291' title='bbox 1244 2656 1503 2712; x_wconf 89' lang='lat' dir='ltr'>priusquam</span> <span class='ocrx_word' id='word_1_292' title='bbox 1552 2658 1615 2717; x_wconf 46' lang='lat' dir='ltr'>ad·</span> 
     </span>
    </p>
   </div>
   <div class='ocr_carea' id='block_1_5' title="bbox 154 2805 1497 2929">
    <p class='ocr_par' dir='ltr' id='par_1_12' title="bbox 154 2805 1497 2929">
     <span class='ocr_line' id='line_1_37' title="bbox 154 2805 1496 2858; baseline 0.005 -17"><span class='ocrx_word' id='word_1_293' title='bbox 154 2806 196 2842; x_wconf 89' lang='grc'>18</span> <span class='ocrx_word' id='word_1_294' title='bbox 219 2805 406 2852; x_wconf 78' lang='lat' dir='ltr'>quoddam</span> <span class='ocrx_word' id='word_1_295' title='bbox 421 2806 494 2844; x_wconf 86' lang='lat' dir='ltr'>sibi</span> <span class='ocrx_word' id='word_1_296' title='bbox 510 2807 536 2844; x_wconf 83' lang='lat' dir='ltr'>S</span> <span class='ocrx_word' id='word_1_297' title='bbox 677 2819 724 2857; x_wconf 86' lang='lat'>²9</span> <span class='ocrx_word' id='word_1_298' title='bbox 747 2809 949 2846; x_wconf 77' lang='lat' dir='ltr'>simulacra</span> <span class='ocrx_word' id='word_1_299' title='bbox 964 2809 998 2845; x_wconf 82' lang='lat' dir='ltr'>A</span> <span class='ocrx_word' id='word_1_300' title='bbox 1139 2821 1187 2856; x_wconf 83' lang='lat'>30</span> <span class='ocrx_word' id='word_1_301' title='bbox 1210 2810 1455 2858; x_wconf 84' lang='lat' dir='ltr'>subripuisset</span> <span class='ocrx_word' id='word_1_302' title='bbox 1472 2812 1496 2848; x_wconf 92' lang='lat' dir='ltr'>S</span> 
     </span>
     <span class='ocr_line' id='line_1_38' title="bbox 1455 2891 1497 2929; baseline 0.024 -1"><span class='ocrx_word' id='word_1_303' title='bbox 1455 2891 1473 2928; x_wconf 83' lang='grc'><strong>7</strong></span> <span class='ocrx_word' id='word_1_304' title='bbox 1479 2892 1497 2929; x_wconf 84' lang='grc'><strong><em>7</em></strong></span> 
     </span>
    </p>
   </div>
  </div>
 </body>
</html>
