1994 3190
303 182 386 222 434
405 173 434 212 b
779 169 1041 214 IOANNIS
1080 169 1595 214 SARESBERIENSIS
1745 168 1855 230 [1213.
1872 182 1913 215 11

447 293 765 350 exequendum,
799 307 900 335 cum
934 294 1031 335 tota
1066 291 1319 335 huiusmodi
1353 291 1414 335 sit
1452 292 1604 350 inepta
1637 293 1833 344 traditio,
1867 296 1914 337 et

446 377 589 420 uagus
609 362 905 406 coniectorum
925 361 1038 404 liber
1056 376 1136 418 per
1154 361 1424 404 curiosorum
1449 377 1606 405 manus
1632 362 1914 420 impudenter

446 431 677 476 discurrat.
763 431 938 474 Habuit
986 446 1091 474 sane
1140 431 1301 474 Daniel
1348 431 1540 489 gratiam
1589 432 1913 490 interpretandi

445 501 638 544 uisiones
659 504 704 544 et
729 501 910 551 somnia,
931 515 1063 557 quam
1084 500 1125 544 ei
1152 500 1370 543 Dominus
1390 500 1663 558 inspirabat3
1692 501 1770 545 sed
1795 502 1914 545 absit

443 573 497 614 ut
516 571 763 614 uanitatem
789 571 902 613 hanc
922 570 970 612 in
989 572 1131 612 artem
1158 569 1378 626 redegerit
1404 570 1477 612 uir
1502 574 1692 621 sanctus,
1713 571 1790 628 qui
1816 570 1912 629 lege
1930 587 1950 620 5

445 640 591 697 Moysi
625 640 896 697 prohibitum
933 653 1026 682 esse
1058 640 1256 689 nouerat,
1290 653 1348 682 ne
1378 639 1576 682 fidelium
1608 640 1708 697 quis
1741 639 1914 683 somnia

404 724 429 754 c
445 713 702 766 sequeretur
714 723 725 762 ;
773 709 913 752 sciens
952 708 1107 764 utique
1147 707 1385 751 satellitem
1433 709 1658 752 Sathanae
1704 709 1762 752 ad
1810 709 1912 752 sub-

444 780 691 823 uersionem
741 779 971 822 hominum
1011 778 1058 819 in
1098 777 1305 834 angelum
1354 778 1466 822 lucis
1504 768 1827 836 transfigurari,
1866 781 1912 822 et

444 849 735 892 immissiones
765 849 861 891 fieri
891 862 970 904 per
998 846 1178 904 angelos
1207 847 1357 890 malos.
1417 847 1579 906 Ioseph
1608 862 1782 905 quoque
1809 862 1911 892 con-

443 918 636 962 iectandi
684 918 832 976 gratia
882 917 1050 974 Egypti
1098 916 1399 973 principatum
1437 917 1644 968 obtinuit,
1685 920 1731 961 et
1778 932 1909 974 quem
1929 931 1972 956 10

443 987 606 1031 fratres
633 988 758 1045 quasi
788 988 842 1030 de
872 987 1044 1029 inuidia
1073 986 1343 1030 somniorum
1372 987 1606 1030 uenditum
1633 987 1911 1031 Hismaelitis

443 1058 684 1101 obnoxium
724 1057 923 1100 fecerant
961 1056 1181 1107 seruituti,
1213 1056 1381 1113 digitus
1420 1056 1601 1100 Domini
1638 1071 1729 1100 non
1762 1057 1911 1101 minus

441 1127 629 1171 iocundo
662 1142 795 1184 quam
825 1126 992 1169 salubri
1023 1126 1249 1182 mysterio,
1279 1126 1477 1169 reuelata
1505 1126 1618 1170 facie
1653 1125 1908 1170 futurorum

441 1211 554 1254 quae
583 1212 629 1240 se
660 1197 753 1254 regi
784 1196 1025 1253 quiescenti
1052 1196 1339 1252 ingesserant,
1369 1196 1496 1253 quasi
1525 1195 1716 1252 quodam
1746 1195 1907 1239 somni-

441 1281 568 1310 orum
607 1267 811 1310 uehiculo
856 1266 911 1309 de
955 1266 1158 1322 squalore
1197 1265 1383 1309 carceris
1421 1265 1470 1308 in
1509 1265 1635 1323 regni
1674 1264 1906 1322 fastigium
1927 1279 1967 1314 15

442 1337 700 1387 sullimauit‚
733 1340 788 1379 ut
819 1350 911 1378 non
944 1335 1075 1378 modo
1110 1334 1223 1378 liber
1256 1335 1310 1378 de
1345 1349 1474 1378 seruo
1508 1335 1585 1378 sed
1616 1334 1832 1378 nobilium
1862 1337 1908 1378 et

441 1420 670 1463 procerum
695 1406 981 1463 primus-uno
1001 1407 1180 1448 tantum
1200 1405 1326 1462 regni
1350 1404 1517 1448 scilicet
1543 1404 1652 1448 solio
1677 1403 1907 1462 praecede-

441 1479 565 1519 retur
604 1491 632 1518 a
671 1490 785 1533 rege.
865 1474 994 1528 Quod
1033 1475 1188 1531 utique
1228 1475 1266 1518 si
1313 1474 1368 1518 de
1406 1474 1627 1518 humanae
1665 1473 1910 1531 sapientiae

439 1546 627 1588 artificio
661 1545 916 1602 contingere
946 1544 1173 1601 potuisset,
1200 1544 1392 1601 aliquem
1422 1544 1698 1587 decessorum
1726 1557 1908 1586 suorum

391 1617 422 1658 <1
440 1619 543 1658 ante
574 1629 674 1658 eum
708 1615 919 1658 meruisse
953 1614 1224 1665 crediderim,
1256 1614 1329 1658 uel
1364 1614 1594 1658 scientiam
1627 1614 1906 1671 promerendi
1927 1629 1971 1655 πο

438 1685 587 1727 uirum
614 1687 816 1728 sanctum
846 1687 892 1727 et
918 1684 1099 1741 pietatis
1126 1684 1286 1728 affectu
1312 1683 1504 1741 plenum,
1531 1683 1569 1727 si
1595 1698 1685 1727 non
1711 1683 1907 1728 humano

437 1754 588 1811 generi
616 1754 663 1796 in
690 1768 932 1804 commune,
953 1753 1070 1810 quod
1096 1756 1246 1797 tamen
1273 1753 1512 1810 aequitatis
1539 1756 1664 1804 esset,
1690 1751 1908 1797 fratribus

439 1827 484 1867 et
533 1823 637 1866 filiis
687 1823 815 1866 facile
859 1823 1111 1880 putauerim
1151 1823 1391 1880 reliquisse.
1470 1822 1543 1866 Ad
1582 1822 1690 1867 haec
1729 1822 1907 1880 Moyses

439 1892 639 1936 eruditus
673 1893 721 1935 in
756 1893 875 1936 omni
911 1893 1130 1949 sapientia
1166 1892 1462 1950 Egyptiorum
1498 1892 1612 1936 hanc
1646 1894 1789 1935 artem
1823 1894 1905 1936 aut

437 1962 626 2005 nesciuit
645 1965 724 2005 aut
739 1962 919 2019 spreuit,
931 1976 1030 2005 cum
1052 1977 1160 2013 eam,
1173 1962 1416 2019 impietatis
1435 1975 1627 2005 errorem
1647 1961 1904 2014 detestatus,
1923 1976 1965 2011 ²5

437 2045 466 2075 a
499 2032 662 2089 populo
697 2031 780 2075 Dei
816 2032 1112 2075 exterminare
1147 2031 1381 2075 curauerit.
1457 2030 1690 2074 Praeterea
1724 2034 1904 2075 sanctus

438 2100 597 2144 Daniel
627 2100 882 2158 disciplinas
912 2104 958 2144 et
986 2101 1250 2158 sapientiam
1281 2100 1437 2144 didicit
1466 2099 1756 2153 Caldeorum;
1787 2100 1906 2157 quod

437 2171 592 2227 utique
628 2173 807 2214 sanctus
846 2171 917 2213 uir
956 2185 1045 2214 non
1085 2170 1272 2221 fecisset,
1307 2170 1344 2213 si
1386 2169 1621 2227 gentilium
1661 2169 1906 2227 disciplinis

439 2240 600 2283 instrui
662 2239 920 2283 credidisset
983 2240 1173 2297 peccatis
1237 2238 1556 2283 ascribendum.
1645 2238 1905 2296 Habuitque

437 2309 699 2354 eruditionis
719 2309 966 2367 participes,
988 2324 1097 2366 quos
1124 2309 1233 2367 legis
1260 2311 1306 2352 et
1332 2308 1530 2351 iustitiae
1556 2307 1640 2351 Dei
1666 2322 1713 2352 se
1739 2308 1903 2367 gaude·
1922 2321 1966 2356 30

434 2436 457 2471 ⁴
483 2425 657 2481 nompnia
674 2425 713 2461 M
880 2471 887 2479 ⁸
912 2425 935 2461 6
961 2423 1134 2479 sompnia
1153 2423 1232 2478 AM·
1384 2469 1391 2478 ⁸
1417 2433 1463 2477 Jo
1487 2422 1609 2471 egipti
1628 2422 1653 2460 S
1776 2470 1785 2479 ⁶
1860 2434 1876 2479 ζ
1885 2434 1901 2462 1

433 2472 750 2565 ΐὲψωοωωιὶᾶ
765 2471 1161 2568 wmpffirgxrzogtffMM:
1194 2469 1613 2566 hmmadffletgipzomm
1631 2481 1707 2555 813
1733 2472 1904 2567 mmessg

435 2567 717 2605 asscribendum
735 2566 760 2603 S

487 2680 516 2718 5.
534 2672 557 2708 6
583 2673 655 2718 leq«
672 2673 788 2717 Moysi
798 2684 807 2708 t
832 2683 863 2708 v.
883 2670 968 2708 Lev.
986 2670 1059 2707 xix.
1080 2670 1135 2707 26.
1232 2671 1253 2707 8
1279 2671 1320 2707 δη
1334 2671 1502 2717 angulum
1515 2671 1629 2708 lucin:
1655 2680 1675 2707 2
1690 2668 1773 2708 Cor.
1782 2669 1832 2707 xi.
1848 2680 1902 2717 14.

436 2729 460 2766 9
485 2721 721 2755 immiaaiomo
737 2721 831 2756 παι
860 2718 916 2755 Ρι.
935 2717 1064 2755 lxxvii.
1081 2728 1137 2765 49.
1243 2719 1368 2764 Ioseph
1385 2719 1457 2755 eto.
1475 2730 1483 2756 :
1510 2730 1544 2754 v.
1563 2717 1659 2755 Gen.
1678 2717 1743 2756 xli.
1859 2727 1900 2763 ¹7

435 2779 507 2803 uno
525 2772 665 2802 rantum
683 2770 774 2803 eto:
802 2765 896 2803 Gen.
915 2766 980 2802 xli.
997 2776 1055 2812 4ο.
1154 2775 1198 2812 23
1224 2766 1362 2812 Moym
1378 2768 1471 2805 ete-2
1498 2778 1530 2803 v.
1546 2764 1631 2804 Act.
1647 2765 1744 2813 App.
1761 2763 1825 2803 vii.
1842 2775 1901 2803 22.

435 2823 479 2859 27
507 2815 642 2851 Daniel
657 2817 750 2851 cte:
778 2826 810 2852 v.
827 2813 922 2852 Dan.
938 2812 963 2852 i.
981 2823 1014 2861 4.

544 2887 588 2930 98
