1994 3190
755 217 1141 262 ENTHETICVS
1700 216 1784 266 384
1804 226 1829 255 c

222 342 330 384 Tam
361 339 479 397 quod
509 339 647 382 habet
675 352 809 395 quam
840 351 928 394 quo
957 340 1078 380 caret
1107 337 1229 379 omni
1258 337 1367 380 defit
1395 351 1543 392 auaro,

279 410 486 466 Occupet,
516 407 757 458 incumbat,
787 421 857 449 res
887 406 1033 449 aliena
1063 409 1226 448 tamen.

221 479 404 536 Semper
433 477 692 529 abundabit,
722 476 799 533 qui
830 476 962 518 rebus
990 475 1168 518 nouerit
1197 476 1289 527 uti3

279 548 337 591 Et
366 562 489 591 mens
519 545 675 589 utendi
705 545 852 588 nescia
881 558 1054 601 semper
1083 547 1196 600 eget.

183 632 202 666 5
222 617 367 660 Pauca
395 619 543 674 potest
573 615 710 666 diues,
741 618 786 658 et
814 614 1006 671 plurima
1036 628 1206 670 pauper
1235 612 1420 664 habere;

278 685 433 729 Nescit
461 687 702 742 egestatem
732 684 869 734 diues,
897 697 1062 740 egenus
1090 696 1206 739 opes.

221 755 385 799 Nullus
415 755 582 797 amicus
612 754 664 804 ei,
695 754 772 810 qui
801 753 945 795 multa
974 752 1109 808 cupit,
1139 766 1219 794 nec
1249 751 1416 794 amicus

279 824 360 868 Est
389 824 487 876 sibi,
517 824 587 867 cui
617 823 805 866 nimium
835 837 905 865 res
936 822 1082 864 aliena
1110 821 1267 879 placet.

223 893 271 938 Si
302 894 489 951 cupidus
519 893 658 935 fuerit
687 892 839 942 hostis,
868 894 1080 935 caveatur
1109 894 1162 933 ut
1191 890 1344 942 hostis,

164 978 206 1002 10
281 963 330 1006 Si
360 963 420 1006 sit
449 962 627 1013 amicus,
658 976 709 1004 eo
738 962 910 1006 cautior
939 975 1032 1004 esse
1061 960 1202 1003 stude.

222 1033 382 1076 Iurat?
420 1031 547 1076 crede
577 1031 751 1083 minus3
791 1046 879 1074 non
910 1031 1062 1073 iurat?
1097 1029 1274 1073 credere
1304 1028 1419 1080 noli3

278 1102 415 1152 Iuret,
444 1115 534 1144 non
564 1101 693 1152 iuret,
722 1100 863 1144 hostis
892 1100 950 1143 ab
978 1100 1106 1143 hoste
1136 1113 1256 1143 caue.

223 1226 282 1270 Et
311 1225 459 1283 fugias
490 1240 600 1283 quos
629 1225 745 1268 liuor
774 1224 890 1268 edax
920 1224 1124 1268 felicibus
1154 1225 1303 1269 hostes
1708 1216 1736 1255 d

163 1296 169 1305 ”
281 1295 355 1340 Sic
386 1295 507 1346 facit,
537 1297 589 1338 ut
618 1294 765 1338 uirtus
794 1295 967 1337 flectere
998 1293 1122 1336 nulla
1152 1296 1298 1350 queat,

166 1381 206 1416 ¹5
225 1365 484 1409 Muneribus
515 1363 703 1407 fortasse
733 1363 824 1406 tuis
854 1363 1050 1420 placabis
1079 1377 1290 1414 auarum;

282 1434 474 1480 Laedere
503 1448 591 1491 quo
620 1442 759 1478 cesset
788 1433 981 1486 inuidus,
1011 1435 1105 1477 esto
1134 1433 1280 1476 miser.

222 1505 421 1551 Alterius
449 1504 611 1548 misera
638 1503 805 1562 gaudet
833 1518 959 1546 mens
988 1503 1143 1547 inuida
1171 1507 1301 1553 sorte,

281 1574 540 1631 Cunctaque
570 1573 707 1618 uicini
737 1573 966 1618 commoda
994 1573 1188 1631 dampna
1217 1576 1359 1630 putat.

223 1701 284 1746 Et
312 1701 399 1744 nisi
428 1699 619 1744 festinus
648 1699 836 1757 fugeres,
867 1702 912 1742 te
941 1699 1071 1758 plura
1100 1714 1334 1742 monerem.

167 1793 208 1816 ιο
282 1771 372 1813 Vix
401 1769 568 1828 pateris
598 1769 685 1813 dici
715 1783 879 1828 pauca3
918 1769 991 1812 uel
1022 1769 1109 1812 ista
1138 1772 1253 1813 tene.

225 1914 246 1951 3
269 1902 508 1940 habundabit
525 1901 583 1938 AS
729 1902 772 1938 18
797 1900 925 1938 uicina
942 1900 982 1936 M

260 2028 434 2073 *Eaplidt
449 2027 644 2062 entheticus
659 2026 684 2060 I
682 2026 840 2061 ohannis
855 2024 1134 2060 Sansberienecs
1157 2025 1195 2059 in
1217 2025 1471 2069 policraticum
1497 2021 1554 2059 13¹.
1603 2022 1693 2059 Mox

225 2073 331 2111 addit
346 2085 481 2111 manus
497 2074 627 2110 eadem
648 2074 823 2117 Quaeritur
835 2074 932 2108 unde
948 2073 1086 2107 malum
1101 2084 1182 2107 cum
1197 2073 1271 2107 eim
1297 2072 1388 2107 bona
1412 2076 1522 2107 cunta
1544 2076 1662 2107 creata
1676 2073 1694 2106 ἓ

227 2123 374 2168 Defectu
387 2124 538 2168 proprio
553 2126 639 2156 sunt
654 2122 752 2156 mala
766 2132 831 2166 que
844 2121 942 2155 mala
955 2124 1050 2155 sunt.
1069 2120 1107 2155 et
1122 2120 1192 2154 Dic
1205 2120 1269 2154 ubi
1281 2123 1365 2153 tunc
1381 2123 1468 2154 esset
1480 2130 1560 2154 cum
1574 2124 1696 2165 preter

225 2181 305 2206 eum
320 2170 433 2206 nichil
449 2173 534 2205 esset
554 2169 656 2204 Tunc
671 2169 735 2204 ubi
750 2179 850 2203 nunc
866 2169 906 2203 in
922 2179 958 2204 se
973 2169 1147 2214 quoniam
1163 2168 1232 2202 sibi
1246 2167 1378 2212 sufficit
1394 2169 1480 2212 ipae.

1543 2924 1581 2949 11
