1994 3190
153 218 252 251 oar.
266 201 410 264 xv111]
666 199 1104 246 POLICRATICVS
1633 203 1715 252 438
1736 214 1759 243 c

151 323 444 384 perspicacius
477 321 814 378 contemplatur,
843 320 1008 363 multos
1037 320 1157 377 apud.
1188 335 1235 363 se
1265 335 1414 364 rerum
1442 322 1618 366 inuenit

151 397 308 444 status,
339 392 449 435 alios
483 390 661 447 quidem
695 389 980 439 uniuersales,
1011 389 1121 432 alios
1161 390 1417 447 singulares.
1497 391 1618 443 Quos

151 478 232 522 pro
271 460 456 505 arbitrio
494 473 574 502 suo
613 458 833 501 diffiniens
865 461 911 501 et
950 458 1284 514 multiphariam
1325 459 1529 502 diuidens
1560 460 1618 502 ad

150 532 290 590 ipsius
324 530 517 573 archana
555 531 754 578 naturae,
789 527 951 570 mentis
990 528 1260 570 transmittit
1299 531 1525 585 aspectum
1565 532 1618 572 ut

115 628 134 662 5
150 600 287 644 nichil
317 598 590 642 naturalium
627 597 756 654 plene
796 596 1102 640 absconditum
1142 596 1202 640 sit
1240 596 1298 639 ab
1335 597 1472 640 oculis
1513 598 1617 640 eius.

152 669 211 713 Et
259 668 404 726 primo
458 666 766 717 substantiam,
816 679 928 722 quae
977 665 1182 708 omnibus
1232 665 1394 715 subest,
1444 666 1617 708 acutius

150 738 363 788 intuetur,
396 736 445 779 in
476 750 565 793 qua
602 749 760 778 manus
799 739 987 777 naturae
1025 735 1241 791 probatur
1281 734 1475 784 artificis,
1510 735 1616 777 dum
1634 739 1662 778 d

151 821 248 851 eam
277 806 414 850 uariis
440 804 788 863 proprietatibus
817 806 863 847 et
892 803 1048 846 formis
1075 804 1201 860 quasi
1231 803 1323 846 suis
1353 804 1618 860 quibusdam

151 875 351 919 uestibus
379 874 528 918 induit
562 876 608 917 et
640 873 733 916 suis
762 887 970 916 sensuum
1000 872 1360 930 perceptibilibus
1395 872 1620 922 informat,

97 973 138 997 10
153 960 241 1004 quo
279 945 418 1003 possit
455 943 606 1001 aptius
644 943 840 986 humano
879 942 1058 999 ingenio
1096 941 1421 999 comprehendi.
1492 942 1621 995 Quod

151 1015 293 1073 igitur
320 1028 473 1057 sensus
502 1012 702 1070 percipit,
732 1011 975 1069 formisque
1005 1011 1252 1055 subiectum
1280 1014 1359 1062 est,
1383 1011 1621 1069 singularis

152 1086 199 1129 et
231 1083 375 1142 prima
409 1081 661 1126 substantia
690 1084 767 1124 est.
828 1081 883 1123 Id
917 1096 1024 1124 uero
1054 1081 1149 1124 sine
1185 1095 1273 1137 quo
1303 1080 1381 1123 illa
1413 1096 1493 1125 nec
1529 1096 1621 1124 esse

151 1167 231 1197 nec
250 1151 440 1208 intelligi
455 1152 614 1208 potest,
629 1150 669 1193 ei
690 1149 983 1193 substantiale
998 1153 1077 1202 est,
1090 1153 1135 1192 et
1149 1150 1409 1207 plerumque
1430 1150 1623 1194 secunda

151 1221 402 1266 substantia
421 1220 688 1263 nominatur.
747 1220 844 1263 Hoc
864 1222 1014 1262 autem
1034 1219 1152 1276 quod
1172 1219 1299 1263 adest
1319 1220 1497 1276 quidem
1517 1221 1622 1264 sub-

96 1310 135 1345 15
152 1291 343 1336 stantiae
375 1292 421 1334 et
450 1304 502 1333 ea
532 1292 741 1333 manente
769 1289 922 1332 abesse
951 1292 1110 1346 potest,
1137 1289 1437 1333 accidentibus
1467 1304 1621 1348 aggre-

151 1363 298 1420 gatur.
358 1359 594 1417 Singulare
624 1359 803 1416 quidem
832 1359 870 1402 si
898 1373 1014 1402 unus
1041 1362 1220 1402 tantum
1247 1359 1331 1411 sit;
1360 1359 1623 1410 uniuersale,

153 1430 204 1482 si,
241 1430 345 1474 licet
392 1443 482 1472 non
529 1431 704 1479 natura,
743 1428 1055 1472 conformitate
1098 1432 1248 1472 tamen
1294 1428 1355 1472 sit
1393 1443 1624 1473 commune

152 1499 406 1543 multorum.
485 1497 615 1552 Quod
654 1497 771 1542 forte
818 1497 993 1542 facilius
1040 1499 1088 1541 in
1135 1498 1363 1542 intellectu
1403 1512 1537 1556 quam
1577 1498 1624 1541 in

155 1571 317 1613 natura
350 1582 498 1611 rerum
530 1566 695 1624 poterit
729 1567 934 1620 inueniri,
972 1568 1020 1610 in
1052 1582 1140 1625 quo
1173 1582 1337 1626 genera
1368 1571 1413 1611 et
1447 1567 1624 1624 species,

98 1659 142 1684 πο
157 1637 426 1682 differentias
464 1636 644 1694 propria
687 1640 733 1680 et
772 1637 1028 1688 accidentia,
1063 1651 1176 1694 quae
1211 1637 1524 1680 uniuersaliter
1557 1637 1623 1680 di-

156 1710 328 1758 cuntur,
340 1707 522 1764 planum
535 1708 603 1750 est
617 1706 937 1759 inuenire,cum
953 1708 1000 1750 in
1012 1710 1115 1751 actu
1128 1722 1275 1750 rerum
1290 1706 1623 1750 subsistentiam
1640 1723 1725 1764 439
1745 1725 1774 1753 a

155 1775 474 1820 uniuersalium
495 1789 705 1833 quaerere
725 1776 914 1834 exiguus
935 1776 1108 1820 fructus
1129 1777 1188 1819 sit
1209 1779 1254 1820 et
1269 1776 1394 1819 labor
1410 1776 1624 1826 infinitus,

156 1845 205 1889 in
237 1847 384 1889 mente
414 1859 522 1888 uero
552 1845 726 1888 utiliter
755 1849 800 1889 et
832 1846 1041 1890 facillime
1071 1846 1364 1904 reperiuntur.
1425 1845 1475 1889 Si
1505 1845 1623 1888 enim

156 1929 304 1959 rerum
319 1914 411 1958 solo
423 1928 606 1957 numero
621 1914 920 1958 differentium
933 1915 1270 1958 substantialem
1286 1915 1623 1959 similitudinem

102 2007 142 2042 ²⁵
159 1983 257 2042 quis
276 1986 423 2027 mente
449 1986 704 2041 pertractet,
724 1985 912 2042 speciem
938 1988 1088 2038 tenet;
1118 1986 1156 2029 si
1184 2000 1291 2029 uero
1318 1985 1453 2028 etiam
1480 1984 1624 2042 specie

157 2053 455 2097 differentium
485 2053 794 2097 conuenientia
822 2055 962 2098 menti
990 2059 1202 2106 occurrat,
1228 2055 1403 2112 generis
1432 2053 1624 2097 latitudo

157 2124 304 2166 mente
324 2121 600 2166 diffunditur.
659 2122 862 2180 Denique
882 2123 989 2167 dum
1014 2139 1175 2175 rerum,
1196 2139 1306 2181 quas
1329 2127 1491 2167 natura
1521 2123 1622 2166 sub-

158 2190 428 2234 stantialiter
466 2192 538 2235 uel
577 2193 908 2236 accidentaliter
951 2194 1227 2244 assimilauit‚
1266 2193 1624 2237 conformitatem

158 2259 345 2318 percipit
375 2260 638 2315 intellectus,
667 2262 715 2305 in
747 2262 1067 2306 uniuersalium
1107 2263 1493 2320 comprehensione
1531 2276 1623 2305 mo-

103 2349 144 2384 30
159 2331 291 2372 uetur
303 2343 313 2382 ;
371 2344 471 2374 cum
519 2345 626 2374 uero
673 2331 883 2375 similium
933 2332 1206 2376 differentias
1254 2333 1410 2390 agitat,
1456 2334 1624 2388 quanto

161 2397 419 2454 expressius,
451 2401 579 2443 tanto
611 2400 667 2443 ad
699 2415 832 2458 opera
860 2403 1061 2453 naturae,
1091 2416 1204 2458 quae
1233 2401 1477 2459 singularia
1506 2403 1624 2451 sunt,

161 2465 424 2510 familiarius
442 2469 620 2520 accedit,
639 2469 678 2512 si
697 2469 993 2513 substantiam
1023 2471 1115 2514 suis
1143 2471 1355 2514 uestitam
1379 2470 1623 2528 proprieta-

160 2535 282 2579 tibus
301 2535 490 2593 inspicit,
506 2552 532 2580 a
551 2540 737 2582 naturae
757 2539 1008 2583 conditione
1023 2555 1113 2583 non
1128 2540 1327 2584 diuertit.
1372 2539 1453 2583 Sin
1473 2542 1622 2582 autem
1640 2542 1669 2581 b

162 2603 362 2647 detracta
399 2605 553 2662 specie,
589 2620 685 2649 eam
725 2608 851 2664 quasi
892 2607 1137 2652 formarum
1181 2609 1307 2652 exuit
1345 2609 1624 2658 uestimento,

106 2691 146 2728 35
164 2685 347 2716 acumen
386 2673 562 2730 quidem
601 2689 730 2718 suum
769 2679 955 2728 exercet,
989 2681 1035 2721 et
1074 2692 1221 2721 rerum
1262 2680 1481 2728 naturam,
1516 2676 1624 2734 quid

166 2848 208 2885 17
233 2824 378 2879 scilicet
394 2842 435 2879 M
574 2854 618 2892 23
644 2846 911 2894 repperiuntur
926 2847 960 2883 A
1102 2858 1148 2894 24
1171 2848 1250 2886 solo
1267 2860 1394 2886 rerum
1410 2849 1444 2884 A

219 2919 301 2939 wm
878 2917 905 2944 P
1450 2920 1513 2956 105
