1994 3190
214 176 351 224 440b

699 171 854 217 IOAN
855 171 901 215 N
903 171 960 216 IS
1000 170 1515 216 SARESBERIENSIS
1664 170 1778 232 [Lis.
1795 183 1835 216 11

369 293 552 351 phisicis
570 291 826 349 adquiescit,
846 291 965 349 quod
984 291 1328 335 teneritudinem
1347 291 1579 335 subtilium
1605 306 1838 349 corporum

370 363 419 405 in
454 362 667 419 quasdam
701 364 843 405 sectas
871 361 969 405 uias
999 364 1046 404 et
1074 360 1337 405 circulorum
1366 360 1717 418 intercapedines
1749 375 1839 404 non

371 431 552 475 estimat
598 431 816 488 dissipari.
894 430 1114 474 Asserunt
1154 444 1328 487 quoque
1372 430 1665 474 communiter
1703 430 1840 473 solem

330 518 355 547 c
372 500 530 544 caloris
568 503 793 544 auctorem
832 514 937 550 esse,
976 500 1300 556 humorumque
1338 502 1628 557 augmentum
1672 502 1718 543 et
1766 499 1840 542 de-

327 1503 357 1542 d

372 570 552 620 fectum,
573 569 782 627 quoniam
808 569 856 612 id
883 583 1037 612 sensus
1063 569 1234 626 probat,
1253 568 1396 612 motui
1425 568 1572 611 lunari
1600 583 1839 612 aeeommo·
1853 575 1878 618 ’5

371 639 505 692 dant;
554 642 600 682 et
639 639 687 681 in
726 639 844 682 hunc
878 637 1058 681 modum
1096 637 1299 694 plurima.
1378 636 1587 682 Ceterum
1618 637 1842 688 mathesis,

371 724 485 766 quae
525 708 781 752 futurorum
814 707 1047 765 pollicetur
1081 707 1306 758 indicium,
1335 707 1393 750 ab
1433 707 1661 750 elementis
1699 707 1840 764 philo-

372 778 563 836 sophiae,
598 781 651 821 ut
688 777 964 835 praedictum
999 779 1078 827 est,
1107 777 1290 820 trahens
1327 776 1544 833 originem
1583 776 1704 819 ultra
1742 791 1842 833 pro-

371 847 585 905 greditur,
621 850 666 890 et
710 846 914 889 elationis
957 860 1063 889 suae
1106 846 1358 889 temeritate
1397 845 1446 888 in
1484 845 1842 903 praerogatiuam

373 918 467 960 eius
486 916 738 974 prorumpit
1861 929 1902 954 10

489 1010 566 1066 qui
597 1009 748 1053 stellas
778 1010 997 1059 numerat,
1026 1022 1215 1064 quarum
1245 1008 1340 1065 ipse
1369 1008 1551 1051 nomina
1580 1007 1698 1051 solus

489 1068 618 1126 signa
646 1070 890 1125 potestates
920 1080 1076 1109 cursus
1105 1066 1201 1109 loca
1230 1069 1431 1123 tempora
1461 1066 1600 1110 nouit.

374 1156 594 1210 Quoniam
614 1156 697 1198 hoc
716 1155 863 1212 ipsum
890 1153 1186 1197 astronomiae
1212 1168 1318 1197 suae
1347 1154 1559 1198 beneficio
1588 1154 1673 1198 sibi
1702 1156 1842 1198 astro-

372 1226 500 1284 logus
539 1224 823 1282 repromittit.
902 1223 1131 1280 Tantoque
1161 1223 1337 1281 longius
1368 1238 1396 1266 a
1425 1224 1609 1267 scientia
1637 1224 1844 1268 ueritatis

373 1296 594 1345 aberrant,
630 1297 798 1351 quanto
838 1293 896 1336 ad
928 1308 1024 1336 eam
1057 1293 1274 1336 tumidius
1308 1293 1552 1351 irrumpere
1586 1294 1842 1337 moliuntur.
1863 1310 1902 1345 15

374 1364 614 1422 Signorum
663 1377 767 1420 ergo
816 1365 1025 1406 naturam
1074 1362 1365 1414 reuoluentes,
1404 1365 1538 1420 prout
1580 1377 1677 1405 eam
1727 1361 1844 1406 forte

374 1436 604 1484 nouerant,
653 1433 760 1476 dum
810 1432 858 1474 in
907 1431 1047 1475 stellis
1102 1433 1381 1490 comparibus
1429 1433 1708 1483 fluctuarent,
1757 1431 1846 1475 alia

374 1502 531 1546 dicunt
559 1501 790 1545 masculini
820 1500 1006 1559 generis,
1033 1501 1122 1543 alia
1151 1500 1367 1552 feminini,
1394 1504 1626 1558 essentque
1655 1500 1846 1544 forsitan

374 1571 670 1628 multiplicata
689 1584 768 1627 per
787 1569 991 1620 sobolem,
1011 1569 1098 1613 nisi
1126 1570 1231 1627 quia
1254 1570 1489 1614 dissociata
1515 1570 1621 1613 locis
1647 1570 1695 1612 in
1725 1569 1846 1613 coitu

360 1641 609 1685 ¹conuenire
639 1654 728 1683 non
758 1642 954 1696 possunt.
1016 1639 1300 1683 Planetarum
1327 1654 1501 1697 quoque
1525 1639 1718 1691 consilia,
1738 1653 1844 1696 quo·
1865 1655 1906 1679 πο

375 1710 496 1753 niam
518 1712 563 1752 et
582 1709 701 1752 orbis
722 1709 1020 1752 moderatores
1043 1724 1116 1753 eos
1136 1709 1315 1761 habent,
1335 1710 1574 1768 diligenter
1600 1709 1846 1766 explorant,

377 1779 495 1837 quod
516 1794 572 1822 ex
592 1779 820 1822 affectione
841 1793 993 1822 eorum
1018 1781 1064 1822 et
1087 1782 1212 1822 motu
1239 1782 1284 1823 et
1311 1780 1606 1837 applicatione
1630 1779 1764 1822 unius
1789 1778 1848 1822 ad

378 1849 568 1892 alterum
590 1848 844 1905 choreisque
865 1847 1094 1891 stellarum
1115 1848 1246 1892 facile
1266 1852 1334 1892 est
1353 1849 1566 1892 inuenire.
1627 1848 1849 1892 Saturnus

379 1933 495 1976 ergo,
526 1918 632 1975 quia
661 1917 851 1975 frigidus
881 1920 949 1960 est
978 1920 1023 1961 et
1052 1933 1199 1969 senem
1225 1919 1377 1977 grauis
1407 1921 1475 1963 est
1503 1921 1549 1962 et
1577 1918 1772 1969 nociuus,
1803 1920 1848 1961 et

378 1988 433 2031 de
482 1990 645 2030 natura
694 1987 923 2037 malitiam,
973 1988 1274 2031 morositatem
1330 1988 1555 2032 contrahit
1607 1987 1665 2031 ab
1716 1990 1845 2031 etate.
1866 2004 1907 2039 ²5

380 2057 598 2101 Omnibus
633 2071 737 2114 ergo
772 2056 976 2099 inimicus
1014 2057 1092 2099 uix
1122 2057 1215 2100 suis
1246 2058 1381 2100 etiam
1416 2057 1655 2101 scolasticis
1693 2057 1847 2115 parcit.

380 2125 586 2169 Succedit
605 2125 644 2168 ei
667 2125 839 2182 Iupiter
858 2139 882 2168 e
903 2127 1057 2168 contra
1083 2126 1303 2183 propitius
1329 2129 1374 2169 et
1394 2126 1583 2170 salubris
1609 2128 1850 2182 tantaeque

380 2194 669 2252 benignitatis
699 2194 745 2236 in
773 2207 924 2237 omnes
951 2196 1004 2236 ut
1028 2208 1107 2238 nec
1134 2194 1188 2237 de
1217 2195 1388 2238 malitia
1415 2195 1556 2252 patris
1582 2209 1661 2238 nec
1690 2194 1849 2237 Martis

380 2264 610 2308 ferocitate
644 2261 829 2305 subiecti
866 2276 1130 2319 quemquam
1165 2263 1372 2314 offendat,
1403 2263 1487 2305 nisi
1524 2262 1640 2306 forto
1675 2265 1721 2306 et
1755 2263 1848 2320 ipse

239 2348 313 2387 441
333 2348 363 2378 a
380 2334 426 2376 in
461 2333 580 2376 orbis
614 2331 798 2375 subiecti
833 2331 1064 2388 dispendia
1096 2332 1384 2376 stationarius
1425 2332 1570 2376 factus
1610 2333 1669 2376 sit
1710 2335 1846 2376 retro·
1867 2347 1909 2382 30

380 2401 600 2458 gradusue
649 2403 730 2443 aut
773 2400 1050 2443 adustionem
1095 2400 1388 2444 miserabilem
1437 2402 1647 2460 patiatur.
1728 2402 1848 2446 Mars

383 2469 510 2513 ferox
539 2471 786 2526 naturaque
815 2468 1056 2512 indomitus
1086 2484 1236 2513 omnes
1263 2472 1440 2527 praeter
1469 2470 1720 2514 scolasticos
1748 2485 1850 2514 suos

383 2577 427 2613 24
454 2578 596 2603 nocuus
614 2566 652 2602 M
796 2567 841 2603 26
867 2565 988 2612 igitur
1006 2566 1043 2602 M
1141 2569 1271 2614 parcet
1289 2567 1327 2603 M

435 2663 447 2690 ι
475 2654 626 2699 phenicis·
646 2654 743 2689 etc.:
777 2652 885 2707 Mart.
909 2652 997 2707 Cap.
1018 2652 1092 2689 viii.
1112 2651 1131 2701 ξ
1148 2655 1228 2699 814.
1258 2702 1265 2710 ⁰
1374 2665 1405 2700 3,
1423 2664 1445 2699 4
1469 2656 1575 2691 solem
1601 2657 1731 2709 calpm's
1752 2658 1847 2694 etc.:

383 2712 415 2737 v.
435 2700 596 2754 Macrob.
617 2702 659 2737 de
675 2703 710 2737 S.
726 2703 761 2737 S.
779 2712 816 2736 ii.
839 2710 858 2745 7
877 2699 979 2736 alibi.
1138 2710 1174 2738 11
1202 2714 1261 2755 qiu
1280 2702 1400 2737 stellas
1417 2704 1509 2739 etc.:
1538 2702 1708 2757 Sedulius
1730 2705 1848 2758 Gay-m.

385 2749 549 2832 §gnesin
568 2749 624 2791 66,
642 2749 700 2793 67.
817 2757 860 2795 23
885 2749 1067 2785 Saeumue
1089 2751 1182 2786 etc.:
1209 2760 1261 2785 sic
1280 2748 1451 2796 planetas
1467 2749 1647 2788 describit
1666 2750 1850 2789 Firminus

497 2868 558 2900 108
