1994 3190
200 182 300 216 ομ».
313 169 367 232 v]
723 167 1160 213 POLICRATICVS
1492 222 1495 225 .
1656 138 1761 218 v4234
1781 176 1807 206 e

200 291 286 334 His
319 294 468 334 tamen
503 289 572 333 sui
604 303 780 346 compos
813 288 987 330 animus
1016 302 1106 330 non
1135 288 1372 338 seducitur,
1403 291 1520 331 certe
1557 287 1662 344 quia

198 375 327 403 nemo
355 359 484 402 nouit
513 358 620 414 quid
649 358 709 401 sit
738 358 785 399 in
816 357 993 400 homine
1021 359 1198 413 praeter
1226 357 1434 413 spiritum
1469 357 1661 400 hominis

199 429 275 486 qui
304 429 352 471 in
381 429 476 485 ipso
506 430 583 470 est.
642 427 769 470 Vnde
797 426 916 483 apud
938 425 1176 482 Virgilium
1206 440 1381 483 compos
1411 426 1479 469 sui
1510 430 1662 483 pastor
1678 429 1708 470 d

197 501 243 542 et
262 497 535 555 sapientibus
555 498 600 539 et
620 495 793 553 magnis
812 487 923 538 uiris
942 495 1083 537 nostri
1104 496 1315 552 temporis
1336 495 1506 538 doctior
1525 496 1612 539 ait:

161 596 180 630 5
717 575 790 618 Me
821 589 994 631 quoque
1024 574 1180 618 dicunt

312 638 462 678 uatem
491 636 702 692 pastores,
732 633 808 676 sed
838 647 927 676 non
958 647 1039 689 ego
1068 633 1271 676 credulus
1302 633 1400 675 illis.

197 715 264 759 Tu
295 730 469 773 quoque

542 788 746 846 praeuiso
776 788 813 831 si
844 787 994 844 palles,
1025 787 1236 844 improbe,
1266 802 1459 837 nummo,

311 848 349 892 si
379 847 489 891 facis
517 847 565 890 in
594 861 750 904 penem
781 845 990 903 quicquid
1020 845 1104 888 tibi
1135 846 1261 889 uenit
1290 861 1503 896 amorum,

139 952 180 976 ιο
196 934 300 978 licet
328 937 373 977 te
402 935 498 976 tota
526 932 692 976 uicinia
722 931 971 974 modestum
1003 931 1124 974 dicat
1155 946 1206 974 ac
1238 931 1462 988 pudicum,
1483 931 1664 974 minime

195 1003 268 1046 uel
311 1003 562 1046 iurantibus
606 1001 770 1045 credas.
840 1001 1097 1044 Memoriter
1140 1004 1242 1043 tene
1285 1000 1404 1057 quod
1450 1001 1665 1058 paruulus

196 1072 415 1116 didicisti:

369 1152 474 1195 Plus
503 1152 603 1195 aliis
633 1151 687 1195 de
718 1154 763 1194 te
793 1166 926 1208 quam
959 1154 1010 1194 tu
1041 1151 1124 1194 tibi
1154 1151 1330 1194 credere
1359 1151 1462 1195 noli.

196 1233 300 1277 Non
339 1233 469 1277 facile
507 1233 697 1276 dixerim
733 1235 834 1275 uter
866 1232 925 1275 sit
960 1232 1082 1289 prior
1116 1232 1163 1274 in
1197 1232 1320 1282 uitio,
1356 1232 1432 1289 qui
1465 1232 1664 1288 linguam

139 1321 180 1357 ¹⁵
196 1302 524 1346 adulationibus
559 1302 719 1359 polluit
751 1306 831 1344 aut
862 1302 987 1345 cuius
1019 1317 1094 1345 cor
1126 1316 1181 1344 ex
1213 1302 1276 1344 eis
1311 1316 1357 1344 se
1392 1302 1439 1343 in
1475 1301 1664 1344 letitiam

195 1372 388 1416 resoluit.
447 1372 502 1414 In
527 1373 608 1415 hoc
639 1371 757 1415 enim
785 1371 989 1414 elationis
1014 1371 1186 1423 cecitas,
1208 1371 1255 1413 in
1283 1371 1359 1414 illo
1386 1370 1510 1413 fraus
1539 1385 1663 1414 exce-

195 1442 323 1486 candi
353 1442 632 1499 dampnatur.
704 1441 877 1498 Vbique
908 1455 1014 1484 uero
1043 1441 1314 1498 dampnatur
1345 1440 1472 1482 dolus
1507 1440 1583 1482 sed
1619 1443 1664 1483 et
1681 1444 1764 1494 485
1783 1455 1813 1483 a

196 1511 355 1564 cecitas
395 1526 507 1568 quae
547 1526 574 1554 a
613 1510 820 1568 superbia
859 1513 927 1554 est
965 1525 1183 1567 nusquam
1224 1510 1484 1554 absoluitur.
1556 1509 1663 1552 Esto

197 1581 315 1638 quod
345 1581 550 1624 adulator
584 1581 644 1624 sit
675 1580 871 1637 nequior,
900 1580 983 1622 iste
1018 1595 1107 1623 non
1139 1580 1287 1623 minus
1316 1579 1664 1636 contemptibilis

139 1667 181 1692 ιο
199 1653 276 1701 est,
295 1665 374 1693 nec
394 1653 625 1707 caperetur
644 1650 823 1707 linguae
843 1649 1079 1692 tendiculis
1103 1649 1285 1699 alienae,
1306 1649 1343 1691 si
1374 1664 1463 1691 non
1491 1649 1662 1691 blandi-

197 1722 321 1762 retur
348 1719 442 1776 ipse
468 1719 564 1762 sibi.
624 1719 743 1772 Quid
770 1719 921 1775 itaque
951 1718 1088 1761 alium
1113 1719 1263 1776 arguit
1289 1718 1558 1761 adulationis
1586 1718 1662 1774 qui

197 1789 373 1832 sibimet
407 1789 647 1832 adulatur'l
706 1789 761 1831 In
793 1803 881 1846 quo
914 1788 1031 1831 enim
1070 1788 1207 1831 alium
1248 1792 1437 1840 accusat,
1469 1788 1662 1844 seipsum

197 1858 512 1915 condempnat3
551 1858 703 1901 eadem
728 1858 846 1901 enim
875 1858 984 1901 facit
1009 1873 1121 1915 quae
1148 1858 1328 1901 iudicat.
1387 1858 1491 1907 Vae,
1516 1857 1664 1914 inquit

199 1926 427 1978 Dominus,
447 1928 523 1984 qui
543 1930 763 1971 consuunt
783 1927 992 1984 puluillos
1019 1927 1103 1970 sub
1129 1927 1249 1970 omni
1269 1927 1420 1970 cubito
1439 1941 1598 1969 manus
1619 1929 1665 1969 et

140 2015 182 2049 ²5
199 2000 372 2054 ponunt
416 1997 649 2040 ceruicalia
687 1997 771 2040 sub
809 1997 953 2054 capite
1000 1997 1234 2039 uniuersae
1278 1996 1423 2040 etatis.
1499 1996 1663 2052 Vtique

199 2066 407 2123 puluillos
427 2069 656 2117 consuunt,
677 2067 754 2123 qui
775 2066 956 2109 auribus
977 2069 1139 2123 parant
1166 2066 1362 2117 insidias,
1383 2066 1459 2122 qui
1481 2080 1597 2108 uana
1618 2069 1664 2108 et

198 2134 348 2178 mollia
366 2138 610 2192 congerunt
629 2136 790 2192 quibus
810 2150 963 2178 sensus
987 2135 1277 2185 demulceant,
1298 2135 1374 2192 qui
1395 2149 1529 2191 opera
1548 2149 1663 2177 com-

199 2204 410 2247 mendant
430 2204 657 2247 hominum
674 2208 726 2248 ut
741 2219 814 2248 eos
831 2204 975 2247 famae
996 2205 1241 2262 praeconiis
1262 2208 1307 2247 et
1328 2204 1518 2260 quadam
1535 2204 1663 2246 suaui

200 2271 469 2316 iocunditate
490 2272 658 2316 fauoris
682 2274 896 2317 inducant
926 2274 982 2316 ad
1007 2274 1214 2330 quietem.
1273 2274 1389 2316 Vsus
1420 2273 1538 2315 enim
1565 2273 1662 2330 pul-

142 2357 185 2392 30
200 2340 369 2384 uinaris
400 2344 445 2385 et
478 2342 704 2386 ceruicalis
736 2345 804 2386 est
837 2343 1045 2386 mollities
1076 2343 1249 2400 quietis.
1311 2342 1525 2385 Puluinar
1559 2357 1663 2400 ergo
1680 2350 1710 2390 b

203 2458 246 2503 1?
272 2449 472 2486 damnatur
487 2450 541 2487 CS
704 2461 747 2497 19
772 2450 1047 2488 contemtibilis
1065 2450 1090 2487 S
1258 2461 1300 2488 21
1328 2449 1575 2496 adulationis]
1593 2450 1666 2487 ela-

200 2496 317 2533 tionis
336 2497 373 2532 M
515 2508 559 2544 23
585 2498 814 2536 condemnat
832 2499 860 2536 C

250 2592 272 2619 2
296 2594 398 2619 nemo
413 2585 506 2620 etc.:
531 2596 564 2619 v.
586 2594 601 2620 1
622 2583 702 2621 Cor.
718 2583 759 2621 ii.
780 2594 834 2622 11.
994 2593 1012 2631 5
1039 2585 1099 2620 Me
1114 2596 1250 2631 quoque
1267 2586 1360 2621 etc.:
1385 2583 1498 2630 Verg.
1516 2585 1593 2620 Ecl.
1611 2583 1661 2620 ix.

202 2639 262 2675 33,
280 2639 335 2675 34.
496 2632 517 2667 8
541 2633 620 2667 uiso
635 2634 668 2667 εἰ
681 2633 797 2678 palles
813 2633 907 2668 etc.:
934 2630 1034 2668 Pers.
1048 2633 1122 2668 Sat.
1140 2632 1188 2667 iv.
1207 2642 1263 2676 47,
1284 2633 1340 2686 48.
1510 2642 1550 2677 13
1576 2633 1666 2668 Plus

203 2678 290 2712 aliis
307 2678 401 2713 etc-2
427 2676 520 2714 Cato
537 2679 629 2714 Dist.
647 2678 672 2714 i.
695 2690 737 2723 14
754 2679 960 2724 (Baehrens
977 2681 1070 2715 Poet.
1088 2681 1170 2716 Lat.
1187 2681 1281 2715 Mm.
1299 2679 1353 2715 iii.
1374 2679 1475 2718 218).
1620 2689 1664 2732 ².²

203 2725 251 2760 In
266 2735 334 2770 quo
350 2725 466 2760 alium
482 2726 576 2761 etc..
601 2737 632 2762 v.
649 2725 754 2762 Rom.
772 2725 812 2762 ii.
834 2736 864 2762 1.
988 2736 1032 2772 23
1055 2728 1152 2762 Vae.
1201 2729 1293 2780 ,qui
1309 2728 1403 2763 etc.:
1432 2725 1564 2762 Ezech.
1584 2726 1665 2762 xiii.

307 2770 353 2807 cf.
381 2770 493 2817 Greg.
519 2752 645 2826 Magn.
673 2774 831 2809 Moralia
860 2772 962 2809 xviii.
993 2773 1072 2818 4in
1105 2774 1170 2809 Iob
1196 2773 1310 2810 xxvii.
1341 2784 1359 2820 5
1392 2773 1540 2820 (Migne
1567 2775 1608 2809 P.
1622 2775 1664 2810 L.

203 2771 318 2854 111833vi.
335 2817 397 2864 42)
415 2829 476 2865 ap.
494 2818 663 2856 Gratian.
680 2821 784 2857 Decr.
802 2820 833 2858 1.
852 2820 940 2856 xlvi.
959 2830 980 2856 2
998 2819 1169 2858 citatum.

1498 2875 1557 2916 183
