<?xml version="1.0" encoding="UTF-8"?>
<!DOCTYPE html PUBLIC "-//W3C//DTD XHTML 1.0 Transitional//EN"
    "http://www.w3.org/TR/xhtml1/DTD/xhtml1-transitional.dtd">
<html xmlns="http://www.w3.org/1999/xhtml" xml:lang="en" lang="en">
 <head>
  <title>
</title>
<meta http-equiv="Content-Type" content="text/html;charset=utf-8" />
  <meta name='ocr-system' content='tesseract 3.04.00' />
  <meta name='ocr-capabilities' content='ocr_page ocr_carea ocr_par ocr_line ocrx_word'/>
</head>
<body>
  <div class='ocr_page' id='page_1' title='image "./policraticisived01john_0239.png"; bbox 0 0 1994 3190; ppageno 0'>
   <div class='ocr_carea' id='block_1_1' title="bbox 207 181 1811 244">
    <p class='ocr_par' dir='ltr' id='par_1_1' title="bbox 207 181 1811 244">
     <span class='ocr_line' id='line_1_1' title="bbox 207 181 1811 244; baseline -0.003 -15"><span class='ocrx_word' id='word_1_1' title='bbox 207 197 306 230; x_wconf 73' lang='lat' dir='ltr'>cAP.</span> <span class='ocrx_word' id='word_1_2' title='bbox 319 182 390 244; x_wconf 81' lang='lat' dir='ltr'>vx]</span> <span class='ocrx_word' id='word_1_3' title='bbox 730 181 1164 226; x_wconf 85' lang='lat' dir='ltr'><strong>POLICRATICVS</strong></span> <span class='ocrx_word' id='word_1_4' title='bbox 1680 185 1762 234; x_wconf 88' lang='lat'>485</span> <span class='ocrx_word' id='word_1_5' title='bbox 1781 183 1811 224; x_wconf 87' lang='lat' dir='ltr'>d</span> 
     </span>
    </p>
   </div>
   <div class='ocr_carea' id='block_1_2' title="bbox 167 301 1665 773">
    <p class='ocr_par' dir='ltr' id='par_1_2' title="bbox 167 301 1665 773">
     <span class='ocr_line' id='line_1_2' title="bbox 206 301 1663 362; baseline -0.001 -14"><span class='ocrx_word' id='word_1_6' title='bbox 206 307 360 362; x_wconf 92' lang='lat' dir='ltr'>utpote</span> <span class='ocrx_word' id='word_1_7' title='bbox 380 302 538 353; x_wconf 89' lang='lat' dir='ltr'>omnia,</span> <span class='ocrx_word' id='word_1_8' title='bbox 551 316 662 358; x_wconf 88' lang='lat' dir='ltr'>quae</span> <span class='ocrx_word' id='word_1_9' title='bbox 682 304 845 344; x_wconf 88' lang='lat' dir='ltr'>natura</span> <span class='ocrx_word' id='word_1_10' title='bbox 863 301 1085 344; x_wconf 88' lang='lat' dir='ltr'>uirtutum</span> <span class='ocrx_word' id='word_1_11' title='bbox 1101 315 1260 357; x_wconf 91' lang='lat' dir='ltr'>parens</span> <span class='ocrx_word' id='word_1_12' title='bbox 1281 305 1325 345; x_wconf 92' lang='lat' dir='ltr'>et</span> <span class='ocrx_word' id='word_1_13' title='bbox 1345 305 1462 346; x_wconf 88' lang='lat' dir='ltr'>recte</span> <span class='ocrx_word' id='word_1_14' title='bbox 1481 303 1663 346; x_wconf 91' lang='lat' dir='ltr'>uiuendi</span> 
     </span>
     <span class='ocr_line' id='line_1_3' title="bbox 205 369 1664 428; baseline 0 -13"><span class='ocrx_word' id='word_1_15' title='bbox 205 373 299 416; x_wconf 83' lang='lat' dir='ltr'>dux</span> <span class='ocrx_word' id='word_1_16' title='bbox 312 371 479 428; x_wconf 90' lang='lat' dir='ltr'>optima</span> <span class='ocrx_word' id='word_1_17' title='bbox 492 370 650 428; x_wconf 87' lang='lat' dir='ltr'>gignit.</span> <span class='ocrx_word' id='word_1_18' title='bbox 710 369 797 412; x_wconf 86' lang='lat' dir='ltr'>Sed</span> <span class='ocrx_word' id='word_1_19' title='bbox 812 369 918 411; x_wconf 93' lang='lat' dir='ltr'>dum</span> <span class='ocrx_word' id='word_1_20' title='bbox 934 370 1047 412; x_wconf 91' lang='lat' dir='ltr'>hanc</span> <span class='ocrx_word' id='word_1_21' title='bbox 1062 370 1336 412; x_wconf 87' lang='lat' dir='ltr'>affectionem</span> <span class='ocrx_word' id='word_1_22' title='bbox 1352 372 1664 415; x_wconf 73' lang='lat' dir='ltr'>moderationis</span> 
     </span>
     <span class='ocr_line' id='line_1_4' title="bbox 205 437 1664 498; baseline -0.001 -14"><span class='ocrx_word' id='word_1_23' title='bbox 205 440 358 498; x_wconf 76' lang='lat' dir='ltr'>regula</span> <span class='ocrx_word' id='word_1_24' title='bbox 387 439 558 490; x_wconf 91' lang='lat' dir='ltr'>deserit,</span> <span class='ocrx_word' id='word_1_25' title='bbox 579 438 724 481; x_wconf 91' lang='lat' dir='ltr'>fertur</span> <span class='ocrx_word' id='word_1_26' title='bbox 750 438 797 480; x_wconf 90' lang='lat' dir='ltr'>in</span> <span class='ocrx_word' id='word_1_27' title='bbox 823 452 1030 494; x_wconf 88' lang='lat' dir='ltr'>praeceps</span> <span class='ocrx_word' id='word_1_28' title='bbox 1053 437 1387 495; x_wconf 81' lang='lat' dir='ltr'>discurrensque</span> <span class='ocrx_word' id='word_1_29' title='bbox 1412 455 1490 496; x_wconf 90' lang='lat' dir='ltr'>per</span> <span class='ocrx_word' id='word_1_30' title='bbox 1516 441 1664 483; x_wconf 90' lang='lat' dir='ltr'>omnia</span> 
     </span>
     <span class='ocr_line' id='line_1_5' title="bbox 205 506 1663 567; baseline -0.001 -14"><span class='ocrx_word' id='word_1_31' title='bbox 205 509 376 567; x_wconf 87' lang='lat' dir='ltr'>agenda</span> <span class='ocrx_word' id='word_1_32' title='bbox 395 511 440 552; x_wconf 90' lang='lat' dir='ltr'>et</span> <span class='ocrx_word' id='word_1_33' title='bbox 458 523 547 551; x_wconf 90' lang='lat' dir='ltr'>non</span> <span class='ocrx_word' id='word_1_34' title='bbox 566 507 747 565; x_wconf 89' lang='lat' dir='ltr'>agenda,</span> <span class='ocrx_word' id='word_1_35' title='bbox 762 521 842 563; x_wconf 91' lang='lat' dir='ltr'>per</span> <span class='ocrx_word' id='word_1_36' title='bbox 855 506 1087 549; x_wconf 82' lang='lat' dir='ltr'><strong>infamiam</strong></span> <span class='ocrx_word' id='word_1_37' title='bbox 1103 510 1149 550; x_wconf 94' lang='lat' dir='ltr'>et</span> <span class='ocrx_word' id='word_1_38' title='bbox 1164 507 1323 550; x_wconf 86' lang='lat' dir='ltr'>bonam</span> <span class='ocrx_word' id='word_1_39' title='bbox 1346 509 1523 562; x_wconf 88' lang='lat' dir='ltr'>famam,</span> <span class='ocrx_word' id='word_1_40' title='bbox 1540 509 1663 552; x_wconf 85' lang='lat' dir='ltr'>fauo-</span> 
     </span>
     <span class='ocr_line' id='line_1_6' title="bbox 167 575 1663 634; baseline -0.001 -13"><span class='ocrx_word' id='word_1_41' title='bbox 167 599 186 634; x_wconf 88' lang='lat'><strong>5</strong></span> <span class='ocrx_word' id='word_1_42' title='bbox 204 579 266 621; x_wconf 87' lang='lat' dir='ltr'>ris</span> <span class='ocrx_word' id='word_1_43' title='bbox 304 591 473 634; x_wconf 78' lang='lat' dir='ltr'>auceps,</span> <span class='ocrx_word' id='word_1_44' title='bbox 502 576 672 634; x_wconf 88' lang='lat' dir='ltr'>gratiae</span> <span class='ocrx_word' id='word_1_45' title='bbox 711 575 971 619; x_wconf 70' lang='lat' dir='ltr'>sollicitator</span> <span class='ocrx_word' id='word_1_46' title='bbox 1008 576 1212 626; x_wconf 86' lang='lat' dir='ltr'>incestus,</span> <span class='ocrx_word' id='word_1_47' title='bbox 1245 579 1297 618; x_wconf 94' lang='lat' dir='ltr'>ut</span> <span class='ocrx_word' id='word_1_48' title='bbox 1334 591 1434 619; x_wconf 90' lang='lat' dir='ltr'>cum</span> <span class='ocrx_word' id='word_1_49' title='bbox 1474 578 1663 621; x_wconf 88' lang='lat' dir='ltr'>amicum</span> 
     </span>
     <span class='ocr_line' id='line_1_7' title="bbox 204 644 1662 703; baseline -0.001 -14"><span class='ocrx_word' id='word_1_50' title='bbox 204 646 432 690; x_wconf 90' lang='lat' dir='ltr'>blanditiis</span> <span class='ocrx_word' id='word_1_51' title='bbox 451 644 812 703; x_wconf 83' lang='lat' dir='ltr'>praecorruperit,</span> <span class='ocrx_word' id='word_1_52' title='bbox 828 659 948 687; x_wconf 89' lang='lat' dir='ltr'>more</span> <span class='ocrx_word' id='word_1_53' title='bbox 968 644 1290 687; x_wconf 82' lang='lat' dir='ltr'>meretricantis</span> <span class='ocrx_word' id='word_1_54' title='bbox 1311 644 1537 688; x_wconf 86' lang='lat' dir='ltr'>fortunam</span> <span class='ocrx_word' id='word_1_55' title='bbox 1562 647 1662 688; x_wconf 90' lang='lat' dir='ltr'>sub-</span> 
     </span>
     <span class='ocr_line' id='line_1_8' title="bbox 204 713 1665 773; baseline -0.001 -14"><span class='ocrx_word' id='word_1_56' title='bbox 204 716 350 773; x_wconf 88' lang='lat' dir='ltr'>ripiat,</span> <span class='ocrx_word' id='word_1_57' title='bbox 376 718 586 758; x_wconf 82' lang='lat' dir='ltr'>extenuet</span> <span class='ocrx_word' id='word_1_58' title='bbox 610 713 857 764; x_wconf 85' lang='lat' dir='ltr'>facultates,</span> <span class='ocrx_word' id='word_1_59' title='bbox 887 713 1031 756; x_wconf 88' lang='lat' dir='ltr'>aliena</span> <span class='ocrx_word' id='word_1_60' title='bbox 1061 714 1108 756; x_wconf 92' lang='lat' dir='ltr'>in</span> <span class='ocrx_word' id='word_1_61' title='bbox 1136 728 1182 756; x_wconf 89' lang='lat' dir='ltr'>se</span> <span class='ocrx_word' id='word_1_62' title='bbox 1206 719 1415 771; x_wconf 86' lang='lat' dir='ltr'>congerat</span> <span class='ocrx_word' id='word_1_63' title='bbox 1441 715 1591 771; x_wconf 90' lang='lat' dir='ltr'>spolia,</span> <span class='ocrx_word' id='word_1_64' title='bbox 1619 718 1665 758; x_wconf 93' lang='lat' dir='ltr'>et</span> 
     </span>
    </p>
   </div>
   <div class='ocr_carea' id='block_1_3' title="bbox 203 783 1814 841">
    <p class='ocr_par' dir='ltr' id='par_1_3' title="bbox 203 783 1814 841">
     <span class='ocr_line' id='line_1_9' title="bbox 203 783 1814 841; baseline -0.004 -13"><span class='ocrx_word' id='word_1_65' title='bbox 203 799 333 828; x_wconf 90' lang='lat' dir='ltr'>suum</span> <span class='ocrx_word' id='word_1_66' title='bbox 357 784 504 828; x_wconf 89' lang='lat' dir='ltr'>omnia</span> <span class='ocrx_word' id='word_1_67' title='bbox 532 786 763 828; x_wconf 90' lang='lat' dir='ltr'>conuertat</span> <span class='ocrx_word' id='word_1_68' title='bbox 786 783 843 826; x_wconf 91' lang='lat' dir='ltr'>ad</span> <span class='ocrx_word' id='word_1_69' title='bbox 867 783 1050 826; x_wconf 90' lang='lat' dir='ltr'>lucrum.</span> <span class='ocrx_word' id='word_1_70' title='bbox 1110 783 1311 826; x_wconf 90' lang='lat' dir='ltr'>Efficitur</span> <span class='ocrx_word' id='word_1_71' title='bbox 1335 798 1439 841; x_wconf 91' lang='lat' dir='ltr'>ergo</span> <span class='ocrx_word' id='word_1_72' title='bbox 1463 787 1515 826; x_wconf 92' lang='lat' dir='ltr'>ut</span> <span class='ocrx_word' id='word_1_73' title='bbox 1541 785 1664 827; x_wconf 89' lang='lat' dir='ltr'>nulla</span> <span class='ocrx_word' id='word_1_74' title='bbox 1680 784 1765 833; x_wconf 84' lang='lat'>486</span> <span class='ocrx_word' id='word_1_75' title='bbox 1785 794 1814 822; x_wconf 88' lang='lat' dir='ltr'>a</span> 
     </span>
    </p>
   </div>
   <div class='ocr_carea' id='block_1_4' title="bbox 123 852 1711 2292">
    <p class='ocr_par' dir='ltr' id='par_1_4' title="bbox 123 852 1711 2292">
     <span class='ocr_line' id='line_1_10' title="bbox 204 852 1663 903; baseline -0.001 -6"><span class='ocrx_word' id='word_1_76' title='bbox 204 854 264 898; x_wconf 88' lang='lat' dir='ltr'>sit</span> <span class='ocrx_word' id='word_1_77' title='bbox 284 854 324 897; x_wconf 91' lang='lat' dir='ltr'>ei</span> <span class='ocrx_word' id='word_1_78' title='bbox 347 854 531 896; x_wconf 89' lang='lat' dir='ltr'>molesta</span> <span class='ocrx_word' id='word_1_79' title='bbox 551 853 723 896; x_wconf 91' lang='lat' dir='ltr'>seruilis</span> <span class='ocrx_word' id='word_1_80' title='bbox 747 852 1071 903; x_wconf 89' lang='lat' dir='ltr'>obsecundatio,</span> <span class='ocrx_word' id='word_1_81' title='bbox 1091 853 1263 896; x_wconf 91' lang='lat' dir='ltr'>nullum</span> <span class='ocrx_word' id='word_1_82' title='bbox 1286 853 1490 896; x_wconf 87' lang='lat' dir='ltr'>indecens</span> <span class='ocrx_word' id='word_1_83' title='bbox 1514 854 1663 897; x_wconf 91' lang='lat' dir='ltr'>uidea-</span> 
     </span>
     <span class='ocr_line' id='line_1_11' title="bbox 149 921 1664 979; baseline -0.001 -12"><span class='ocrx_word' id='word_1_84' title='bbox 149 944 190 968; x_wconf 81' lang='grc' dir='ltr'>ιο</span> <span class='ocrx_word' id='word_1_85' title='bbox 205 925 282 965; x_wconf 89' lang='lat' dir='ltr'>tur</span> <span class='ocrx_word' id='word_1_86' title='bbox 319 922 586 979; x_wconf 90' lang='lat' dir='ltr'>obsequium,</span> <span class='ocrx_word' id='word_1_87' title='bbox 620 922 817 965; x_wconf 91' lang='lat' dir='ltr'>omnium</span> <span class='ocrx_word' id='word_1_88' title='bbox 852 921 1093 964; x_wconf 89' lang='lat' dir='ltr'>officiorum</span> <span class='ocrx_word' id='word_1_89' title='bbox 1128 935 1336 979; x_wconf 86' lang='lat' dir='ltr'>personas</span> <span class='ocrx_word' id='word_1_90' title='bbox 1371 923 1529 973; x_wconf 90' lang='lat' dir='ltr'>induit,</span> <span class='ocrx_word' id='word_1_91' title='bbox 1557 923 1664 965; x_wconf 89' lang='lat' dir='ltr'>dum</span> 
     </span>
     <span class='ocr_line' id='line_1_12' title="bbox 204 991 1664 1049; baseline 0 -15"><span class='ocrx_word' id='word_1_92' title='bbox 204 992 400 1049; x_wconf 88' lang='lat' dir='ltr'>praemia</span> <span class='ocrx_word' id='word_1_93' title='bbox 426 992 623 1034; x_wconf 90' lang='lat' dir='ltr'>omnium</span> <span class='ocrx_word' id='word_1_94' title='bbox 650 991 958 1034; x_wconf 82' lang='lat' dir='ltr'>fraudulenter</span> <span class='ocrx_word' id='word_1_95' title='bbox 987 992 1242 1048; x_wconf 88' lang='lat' dir='ltr'>praeripiat.</span> <span class='ocrx_word' id='word_1_96' title='bbox 1302 992 1389 1044; x_wconf 83' lang='lat' dir='ltr'>Qui</span> <span class='ocrx_word' id='word_1_97' title='bbox 1417 996 1523 1036; x_wconf 89' lang='lat' dir='ltr'>sunt</span> <span class='ocrx_word' id='word_1_98' title='bbox 1547 993 1664 1035; x_wconf 92' lang='lat' dir='ltr'>enim</span> 
     </span>
     <span class='ocr_line' id='line_1_13' title="bbox 204 1059 1663 1118; baseline 0.001 -15"><span class='ocrx_word' id='word_1_99' title='bbox 204 1061 280 1117; x_wconf 91' lang='lat' dir='ltr'>qui</span> <span class='ocrx_word' id='word_1_100' title='bbox 306 1061 504 1104; x_wconf 87' lang='lat' dir='ltr'>uestibus</span> <span class='ocrx_word' id='word_1_101' title='bbox 527 1060 684 1111; x_wconf 90' lang='lat' dir='ltr'>nitent,</span> <span class='ocrx_word' id='word_1_102' title='bbox 715 1060 790 1116; x_wconf 91' lang='lat' dir='ltr'>qui</span> <span class='ocrx_word' id='word_1_103' title='bbox 818 1059 1037 1117; x_wconf 85' lang='lat' dir='ltr'>fastigiati</span> <span class='ocrx_word' id='word_1_104' title='bbox 1065 1060 1287 1111; x_wconf 90' lang='lat' dir='ltr'>incedunt,</span> <span class='ocrx_word' id='word_1_105' title='bbox 1307 1061 1383 1117; x_wconf 92' lang='lat' dir='ltr'>qui</span> <span class='ocrx_word' id='word_1_106' title='bbox 1408 1062 1663 1118; x_wconf 90' lang='lat' dir='ltr'>sequipeda-</span> 
     </span>
     <span class='ocr_line' id='line_1_14' title="bbox 203 1127 1664 1186; baseline 0.001 -14"><span class='ocrx_word' id='word_1_107' title='bbox 203 1143 302 1172; x_wconf 86' lang='lat' dir='ltr'>rum</span> <span class='ocrx_word' id='word_1_108' title='bbox 329 1129 554 1186; x_wconf 87' lang='lat' dir='ltr'>stipantur</span> <span class='ocrx_word' id='word_1_109' title='bbox 578 1129 803 1180; x_wconf 90' lang='lat' dir='ltr'>comitatu,</span> <span class='ocrx_word' id='word_1_110' title='bbox 831 1129 1179 1172; x_wconf 88' lang='lat' dir='ltr'>commilitonum</span> <span class='ocrx_word' id='word_1_111' title='bbox 1207 1133 1253 1172; x_wconf 89' lang='lat' dir='ltr'>et</span> <span class='ocrx_word' id='word_1_112' title='bbox 1282 1127 1664 1174; x_wconf 86' lang='lat' dir='ltr'>contubernalium</span> 
     </span>
     <span class='ocr_line' id='line_1_15' title="bbox 203 1197 1664 1255; baseline 0.003 -15"><span class='ocrx_word' id='word_1_113' title='bbox 203 1197 466 1241; x_wconf 89' lang='lat' dir='ltr'>dealbantur</span> <span class='ocrx_word' id='word_1_114' title='bbox 503 1197 722 1254; x_wconf 90' lang='lat' dir='ltr'>obsequio,</span> <span class='ocrx_word' id='word_1_115' title='bbox 762 1198 838 1254; x_wconf 91' lang='lat' dir='ltr'>qui</span> <span class='ocrx_word' id='word_1_116' title='bbox 877 1198 1033 1255; x_wconf 92' lang='lat' dir='ltr'>primis</span> <span class='ocrx_word' id='word_1_117' title='bbox 1082 1198 1425 1242; x_wconf 87' lang='lat' dir='ltr'>salutationibus</span> <span class='ocrx_word' id='word_1_118' title='bbox 1475 1201 1521 1243; x_wconf 93' lang='lat' dir='ltr'>in</span> <span class='ocrx_word' id='word_1_119' title='bbox 1567 1200 1664 1244; x_wconf 86' lang='lat' dir='ltr'>foro</span> 
     </span>
     <span class='ocr_line' id='line_1_16' title="bbox 147 1267 1664 1327; baseline 0 -15"><span class='ocrx_word' id='word_1_120' title='bbox 147 1287 187 1322; x_wconf 86' lang='lat'>15</span> <span class='ocrx_word' id='word_1_121' title='bbox 203 1267 460 1326; x_wconf 86' lang='lat' dir='ltr'>gloriantur,</span> <span class='ocrx_word' id='word_1_122' title='bbox 481 1267 557 1324; x_wconf 92' lang='lat' dir='ltr'>qui</span> <span class='ocrx_word' id='word_1_123' title='bbox 589 1267 754 1325; x_wconf 90' lang='lat' dir='ltr'>primos</span> <span class='ocrx_word' id='word_1_124' title='bbox 787 1268 1011 1310; x_wconf 90' lang='lat' dir='ltr'>recubitus</span> <span class='ocrx_word' id='word_1_125' title='bbox 1047 1268 1212 1311; x_wconf 89' lang='lat' dir='ltr'>habent</span> <span class='ocrx_word' id='word_1_126' title='bbox 1248 1269 1294 1310; x_wconf 93' lang='lat' dir='ltr'>in</span> <span class='ocrx_word' id='word_1_127' title='bbox 1322 1269 1451 1320; x_wconf 89' lang='lat' dir='ltr'>cenis,</span> <span class='ocrx_word' id='word_1_128' title='bbox 1477 1285 1664 1327; x_wconf 88' lang='lat' dir='ltr'>quorum</span> 
     </span>
     <span class='ocr_line' id='line_1_17' title="bbox 203 1337 1665 1396; baseline 0.001 -15"><span class='ocrx_word' id='word_1_129' title='bbox 203 1353 330 1381; x_wconf 89' lang='lat' dir='ltr'>aures</span> <span class='ocrx_word' id='word_1_130' title='bbox 354 1338 603 1381; x_wconf 91' lang='lat' dir='ltr'>mulcentur</span> <span class='ocrx_word' id='word_1_131' title='bbox 623 1337 820 1381; x_wconf 91' lang='lat' dir='ltr'>fomento</span> <span class='ocrx_word' id='word_1_132' title='bbox 847 1339 1181 1396; x_wconf 91' lang='lat' dir='ltr'>praenominum</span> <span class='ocrx_word' id='word_1_133' title='bbox 1203 1342 1248 1382; x_wconf 89' lang='lat' dir='ltr'>et</span> <span class='ocrx_word' id='word_1_134' title='bbox 1268 1339 1429 1396; x_wconf 90' lang='lat' dir='ltr'>quibus</span> <span class='ocrx_word' id='word_1_135' title='bbox 1449 1339 1665 1382; x_wconf 90' lang='lat' dir='ltr'>nobilium</span> 
     </span>
     <span class='ocr_line' id='line_1_18' title="bbox 203 1407 1664 1465; baseline 0.001 -15"><span class='ocrx_word' id='word_1_136' title='bbox 203 1407 354 1451; x_wconf 89' lang='lat' dir='ltr'>molles</span> <span class='ocrx_word' id='word_1_137' title='bbox 385 1410 637 1450; x_wconf 88' lang='lat' dir='ltr'>reserantur</span> <span class='ocrx_word' id='word_1_138' title='bbox 667 1407 902 1458; x_wconf 81' lang='lat' dir='ltr'>auriculae,</span> <span class='ocrx_word' id='word_1_139' title='bbox 933 1422 1042 1464; x_wconf 92' lang='lat' dir='ltr'>quos</span> <span class='ocrx_word' id='word_1_140' title='bbox 1077 1407 1282 1451; x_wconf 90' lang='lat' dir='ltr'>fortunae</span> <span class='ocrx_word' id='word_1_141' title='bbox 1313 1408 1460 1465; x_wconf 87' lang='lat' dir='ltr'>gratia</span> <span class='ocrx_word' id='word_1_142' title='bbox 1493 1408 1664 1451; x_wconf 88' lang='lat' dir='ltr'>alarum</span> 
     </span>
     <span class='ocr_line' id='line_1_19' title="bbox 203 1475 1666 1534; baseline -0.001 -14"><span class='ocrx_word' id='word_1_143' title='bbox 203 1491 382 1520; x_wconf 91' lang='lat' dir='ltr'>suarum</span> <span class='ocrx_word' id='word_1_144' title='bbox 402 1476 585 1533; x_wconf 88' lang='lat' dir='ltr'>remigio</span> <span class='ocrx_word' id='word_1_145' title='bbox 605 1475 661 1518; x_wconf 90' lang='lat' dir='ltr'>ad</span> <span class='ocrx_word' id='word_1_146' title='bbox 681 1476 874 1519; x_wconf 87' lang='lat' dir='ltr'>sullimia</span> <span class='ocrx_word' id='word_1_147' title='bbox 903 1477 1113 1520; x_wconf 89' lang='lat' dir='ltr'>subuehit</span> <span class='ocrx_word' id='word_1_148' title='bbox 1133 1481 1177 1520; x_wconf 93' lang='lat' dir='ltr'>et</span> <span class='ocrx_word' id='word_1_149' title='bbox 1197 1477 1373 1520; x_wconf 78' lang='lat' dir='ltr'>extollit</span> <span class='ocrx_word' id='word_1_150' title='bbox 1393 1480 1438 1520; x_wconf 90' lang='lat' dir='ltr'>et</span> <span class='ocrx_word' id='word_1_151' title='bbox 1458 1492 1485 1519; x_wconf 89' lang='lat' dir='ltr'>a</span> <span class='ocrx_word' id='word_1_152' title='bbox 1505 1477 1666 1534; x_wconf 88' lang='lat' dir='ltr'>quibus</span> 
     </span>
     <span class='ocr_line' id='line_1_20' title="bbox 205 1545 1666 1604; baseline 0.001 -16"><span class='ocrx_word' id='word_1_153' title='bbox 205 1545 425 1604; x_wconf 86' lang='lat' dir='ltr'>quaelibet</span> <span class='ocrx_word' id='word_1_154' title='bbox 446 1559 607 1603; x_wconf 88' lang='lat' dir='ltr'>magna</span> <span class='ocrx_word' id='word_1_155' title='bbox 632 1545 787 1588; x_wconf 92' lang='lat' dir='ltr'>domus</span> <span class='ocrx_word' id='word_1_156' title='bbox 812 1546 1114 1603; x_wconf 88' lang='lat' dir='ltr'>dispositionis</span> <span class='ocrx_word' id='word_1_157' title='bbox 1141 1562 1245 1590; x_wconf 87' lang='lat' dir='ltr'>suae</span> <span class='ocrx_word' id='word_1_158' title='bbox 1267 1547 1502 1590; x_wconf 89' lang='lat' dir='ltr'>formulam</span> <span class='ocrx_word' id='word_1_159' title='bbox 1523 1547 1666 1590; x_wconf 87' lang='lat' dir='ltr'>trahit</span> 
     </span>
     <span class='ocr_line' id='line_1_21' title="bbox 146 1614 1664 1673; baseline -0.001 -13"><span class='ocrx_word' id='word_1_160' title='bbox 146 1635 188 1660; x_wconf 64' lang='grc' dir='ltr'>πο</span> <span class='ocrx_word' id='word_1_161' title='bbox 205 1618 250 1658; x_wconf 87' lang='lat' dir='ltr'>et</span> <span class='ocrx_word' id='word_1_162' title='bbox 287 1614 489 1657; x_wconf 89' lang='lat' dir='ltr'>habitum</span> <span class='ocrx_word' id='word_1_163' title='bbox 527 1615 789 1659; x_wconf 68' lang='lat' dir='ltr'>mutuatur?</span> <span class='ocrx_word' id='word_1_164' title='bbox 862 1615 1033 1673; x_wconf 89' lang='lat' dir='ltr'>Nempe</span> <span class='ocrx_word' id='word_1_165' title='bbox 1064 1616 1327 1668; x_wconf 89' lang='lat' dir='ltr'>adulatores,</span> <span class='ocrx_word' id='word_1_166' title='bbox 1363 1616 1438 1672; x_wconf 91' lang='lat' dir='ltr'>qui</span> <span class='ocrx_word' id='word_1_167' title='bbox 1470 1616 1664 1658; x_wconf 89' lang='lat' dir='ltr'>alienum</span> 
     </span>
     <span class='ocr_line' id='line_1_22' title="bbox 203 1683 1711 1742; baseline 0 -15"><span class='ocrx_word' id='word_1_168' title='bbox 203 1683 366 1727; x_wconf 87' lang='lat' dir='ltr'>uiuunt</span> <span class='ocrx_word' id='word_1_169' title='bbox 386 1683 442 1726; x_wconf 92' lang='lat' dir='ltr'>ad</span> <span class='ocrx_word' id='word_1_170' title='bbox 461 1686 620 1726; x_wconf 90' lang='lat' dir='ltr'>nutum</span> <span class='ocrx_word' id='word_1_171' title='bbox 641 1683 747 1726; x_wconf 92' lang='lat' dir='ltr'>dum</span> <span class='ocrx_word' id='word_1_172' title='bbox 767 1698 840 1726; x_wconf 91' lang='lat' dir='ltr'>eos</span> <span class='ocrx_word' id='word_1_173' title='bbox 861 1683 1168 1728; x_wconf 83' lang='lat' dir='ltr'>fraudulenter</span> <span class='ocrx_word' id='word_1_174' title='bbox 1188 1688 1442 1742; x_wconf 86' lang='lat' dir='ltr'>emungant.</span> <span class='ocrx_word' id='word_1_175' title='bbox 1488 1685 1665 1727; x_wconf 88' lang='lat' dir='ltr'>Veritas</span> <span class='ocrx_word' id='word_1_176' title='bbox 1682 1689 1711 1727; x_wconf 90' lang='lat' dir='ltr'>b</span> 
     </span>
     <span class='ocr_line' id='line_1_23' title="bbox 205 1752 1664 1811; baseline 0.001 -15"><span class='ocrx_word' id='word_1_177' title='bbox 205 1767 358 1810; x_wconf 88' lang='lat' dir='ltr'>aspera</span> <span class='ocrx_word' id='word_1_178' title='bbox 398 1755 466 1796; x_wconf 89' lang='lat' dir='ltr'>est</span> <span class='ocrx_word' id='word_1_179' title='bbox 504 1756 549 1796; x_wconf 92' lang='lat' dir='ltr'>et</span> <span class='ocrx_word' id='word_1_180' title='bbox 582 1752 840 1810; x_wconf 90' lang='lat' dir='ltr'>plerumque</span> <span class='ocrx_word' id='word_1_181' title='bbox 880 1755 1126 1797; x_wconf 88' lang='lat' dir='ltr'>molestiam</span> <span class='ocrx_word' id='word_1_182' title='bbox 1167 1755 1297 1811; x_wconf 89' lang='lat' dir='ltr'>parit,</span> <span class='ocrx_word' id='word_1_183' title='bbox 1330 1755 1436 1797; x_wconf 91' lang='lat' dir='ltr'>dum</span> <span class='ocrx_word' id='word_1_184' title='bbox 1473 1755 1664 1811; x_wconf 90' lang='lat' dir='ltr'>aliquem</span> 
     </span>
     <span class='ocr_line' id='line_1_24' title="bbox 203 1822 1667 1880; baseline 0.001 -14"><span class='ocrx_word' id='word_1_185' title='bbox 203 1822 381 1880; x_wconf 85' lang='lat' dir='ltr'>palpare</span> <span class='ocrx_word' id='word_1_186' title='bbox 410 1822 688 1880; x_wconf 83' lang='lat' dir='ltr'>dedignatur.</span> <span class='ocrx_word' id='word_1_187' title='bbox 746 1824 911 1866; x_wconf 91' lang='lat' dir='ltr'>Verum</span> <span class='ocrx_word' id='word_1_188' title='bbox 943 1824 1193 1867; x_wconf 89' lang='lat' dir='ltr'>amaritudo</span> <span class='ocrx_word' id='word_1_189' title='bbox 1220 1825 1314 1867; x_wconf 91' lang='lat' dir='ltr'>eius</span> <span class='ocrx_word' id='word_1_190' title='bbox 1344 1825 1498 1867; x_wconf 89' lang='lat' dir='ltr'>utilior</span> <span class='ocrx_word' id='word_1_191' title='bbox 1527 1827 1594 1867; x_wconf 89' lang='lat' dir='ltr'>est</span> <span class='ocrx_word' id='word_1_192' title='bbox 1621 1827 1667 1867; x_wconf 90' lang='lat' dir='ltr'>et</span> 
     </span>
     <span class='ocr_line' id='line_1_25' title="bbox 203 1891 1666 1950; baseline 0.001 -17"><span class='ocrx_word' id='word_1_193' title='bbox 203 1891 388 1949; x_wconf 85' lang='lat' dir='ltr'>integris</span> <span class='ocrx_word' id='word_1_194' title='bbox 409 1892 607 1934; x_wconf 90' lang='lat' dir='ltr'>sensibus</span> <span class='ocrx_word' id='word_1_195' title='bbox 626 1892 796 1949; x_wconf 90' lang='lat' dir='ltr'>gratior</span> <span class='ocrx_word' id='word_1_196' title='bbox 815 1907 947 1949; x_wconf 88' lang='lat' dir='ltr'>quam</span> <span class='ocrx_word' id='word_1_197' title='bbox 975 1893 1297 1936; x_wconf 89' lang='lat' dir='ltr'>meretricantis</span> <span class='ocrx_word' id='word_1_198' title='bbox 1321 1893 1498 1950; x_wconf 86' lang='lat' dir='ltr'>linguae</span> <span class='ocrx_word' id='word_1_199' title='bbox 1525 1893 1666 1936; x_wconf 92' lang='lat' dir='ltr'>distil-</span> 
     </span>
     <span class='ocr_line' id='line_1_26' title="bbox 146 1959 1665 2020; baseline 0.001 -16"><span class='ocrx_word' id='word_1_200' title='bbox 146 1980 189 2016; x_wconf 81' lang='lat'>²5</span> <span class='ocrx_word' id='word_1_201' title='bbox 204 1960 300 2003; x_wconf 89' lang='lat' dir='ltr'>lans</span> <span class='ocrx_word' id='word_1_202' title='bbox 331 1959 474 2004; x_wconf 84' lang='lat' dir='ltr'>fauus.</span> <span class='ocrx_word' id='word_1_203' title='bbox 534 1961 717 2004; x_wconf 90' lang='lat' dir='ltr'>Meliora</span> <span class='ocrx_word' id='word_1_204' title='bbox 747 1962 964 2019; x_wconf 91' lang='lat' dir='ltr'>siquidem</span> <span class='ocrx_word' id='word_1_205' title='bbox 989 1965 1094 2006; x_wconf 91' lang='lat' dir='ltr'>sunt</span> <span class='ocrx_word' id='word_1_206' title='bbox 1120 1963 1289 2020; x_wconf 90' lang='lat' dir='ltr'>(sancto</span> <span class='ocrx_word' id='word_1_207' title='bbox 1317 1963 1550 2006; x_wconf 90' lang='lat' dir='ltr'>Salomone</span> <span class='ocrx_word' id='word_1_208' title='bbox 1580 1966 1665 2005; x_wconf 89' lang='lat' dir='ltr'>tes-</span> 
     </span>
     <span class='ocr_line' id='line_1_27' title="bbox 203 2029 1665 2088; baseline 0.002 -16"><span class='ocrx_word' id='word_1_209' title='bbox 203 2029 345 2087; x_wconf 87' lang='lat' dir='ltr'>tante)</span> <span class='ocrx_word' id='word_1_210' title='bbox 365 2030 492 2073; x_wconf 91' lang='lat' dir='ltr'>amici</span> <span class='ocrx_word' id='word_1_211' title='bbox 520 2031 705 2074; x_wconf 89' lang='lat' dir='ltr'>uerbera</span> <span class='ocrx_word' id='word_1_212' title='bbox 735 2046 867 2088; x_wconf 87' lang='lat' dir='ltr'>quam</span> <span class='ocrx_word' id='word_1_213' title='bbox 898 2031 1184 2075; x_wconf 87' lang='lat' dir='ltr'>fraudulenta</span> <span class='ocrx_word' id='word_1_214' title='bbox 1211 2033 1359 2076; x_wconf 90' lang='lat' dir='ltr'>oscula</span> <span class='ocrx_word' id='word_1_215' title='bbox 1387 2032 1665 2075; x_wconf 90' lang='lat' dir='ltr'>blandientis.</span> 
     </span>
     <span class='ocr_line' id='line_1_28' title="bbox 206 2098 1666 2158; baseline 0.001 -17"><span class='ocrx_word' id='word_1_216' title='bbox 206 2098 402 2152; x_wconf 68' lang='lat' dir='ltr'>Quidni&#39;l</span> <span class='ocrx_word' id='word_1_217' title='bbox 461 2099 591 2143; x_wconf 88' lang='lat' dir='ltr'>Fides</span> <span class='ocrx_word' id='word_1_218' title='bbox 626 2100 743 2143; x_wconf 89' lang='lat' dir='ltr'>enim</span> <span class='ocrx_word' id='word_1_219' title='bbox 778 2115 950 2158; x_wconf 89' lang='lat' dir='ltr'>semper</span> <span class='ocrx_word' id='word_1_220' title='bbox 983 2102 1192 2158; x_wconf 86' lang='lat' dir='ltr'>perfidiae</span> <span class='ocrx_word' id='word_1_221' title='bbox 1224 2102 1486 2145; x_wconf 90' lang='lat' dir='ltr'>antefertur.</span> <span class='ocrx_word' id='word_1_222' title='bbox 1562 2102 1666 2144; x_wconf 92' lang='lat' dir='ltr'>Non</span> 
     </span>
     <span class='ocr_line' id='line_1_29' title="bbox 123 2168 1668 2227; baseline 0.002 -17"><span class='ocrx_word' id='word_1_223' title='bbox 123 2211 128 2215; x_wconf 79' lang='grc'>,</span> <span class='ocrx_word' id='word_1_224' title='bbox 203 2171 353 2211; x_wconf 90' lang='lat' dir='ltr'>manet</span> <span class='ocrx_word' id='word_1_225' title='bbox 382 2168 490 2211; x_wconf 92' lang='lat' dir='ltr'>fides</span> <span class='ocrx_word' id='word_1_226' title='bbox 516 2168 745 2212; x_wconf 91' lang='lat' dir='ltr'>incolumis</span> <span class='ocrx_word' id='word_1_227' title='bbox 774 2170 851 2212; x_wconf 91' lang='lat' dir='ltr'>ubi</span> <span class='ocrx_word' id='word_1_228' title='bbox 882 2170 1003 2213; x_wconf 92' lang='lat' dir='ltr'>aliud</span> <span class='ocrx_word' id='word_1_229' title='bbox 1027 2171 1178 2227; x_wconf 87' lang='lat' dir='ltr'>agitur</span> <span class='ocrx_word' id='word_1_230' title='bbox 1208 2175 1252 2213; x_wconf 92' lang='lat' dir='ltr'>et</span> <span class='ocrx_word' id='word_1_231' title='bbox 1282 2171 1403 2213; x_wconf 91' lang='lat' dir='ltr'>aliud</span> <span class='ocrx_word' id='word_1_232' title='bbox 1431 2170 1668 2213; x_wconf 90' lang='lat' dir='ltr'>simulatur</span> 
     </span>
     <span class='ocr_line' id='line_1_30' title="bbox 203 2236 1667 2292; baseline 0.003 -14"><span class='ocrx_word' id='word_1_233' title='bbox 203 2236 460 2292; x_wconf 89' lang='lat' dir='ltr'>praesertim</span> <span class='ocrx_word' id='word_1_234' title='bbox 481 2236 627 2280; x_wconf 91' lang='lat' dir='ltr'>animo</span> <span class='ocrx_word' id='word_1_235' title='bbox 643 2240 688 2280; x_wconf 88' lang='lat' dir='ltr'>et</span> <span class='ocrx_word' id='word_1_236' title='bbox 701 2237 934 2282; x_wconf 88' lang='lat' dir='ltr'>uoluntate</span> <span class='ocrx_word' id='word_1_237' title='bbox 954 2239 1151 2283; x_wconf 88' lang='lat' dir='ltr'>nocendi.</span> <span class='ocrx_word' id='word_1_238' title='bbox 1211 2239 1389 2283; x_wconf 90' lang='lat' dir='ltr'>Dicitur</span> <span class='ocrx_word' id='word_1_239' title='bbox 1409 2240 1526 2282; x_wconf 92' lang='lat' dir='ltr'>enim</span> <span class='ocrx_word' id='word_1_240' title='bbox 1546 2240 1667 2292; x_wconf 90' lang='lat' dir='ltr'>fides,</span> 
     </span>
    </p>
   </div>
   <div class='ocr_carea' id='block_1_5' title="bbox 208 2343 1406 2406">
    <p class='ocr_par' dir='ltr' id='par_1_5' title="bbox 208 2343 1406 2406">
     <span class='ocr_line' id='line_1_31' title="bbox 208 2343 1406 2406; baseline 0.001 -11"><span class='ocrx_word' id='word_1_241' title='bbox 208 2358 251 2395; x_wconf 90' lang='lat'>18</span> <span class='ocrx_word' id='word_1_242' title='bbox 275 2357 428 2394; x_wconf 80' lang='lat' dir='ltr'>sullima</span> <span class='ocrx_word' id='word_1_243' title='bbox 444 2357 498 2394; x_wconf 86' lang='lat' dir='ltr'>B:</span> <span class='ocrx_word' id='word_1_244' title='bbox 522 2357 700 2395; x_wconf 82' lang='lat' dir='ltr'>sublimia</span> <span class='ocrx_word' id='word_1_245' title='bbox 715 2343 775 2395; x_wconf 85' lang='lat' dir='ltr'>As</span> <span class='ocrx_word' id='word_1_246' title='bbox 935 2368 979 2405; x_wconf 89' lang='lat'>27</span> <span class='ocrx_word' id='word_1_247' title='bbox 1004 2359 1185 2406; x_wconf 87' lang='lat' dir='ltr'>perfidiae</span> <span class='ocrx_word' id='word_1_248' title='bbox 1203 2370 1349 2406; x_wconf 82' lang='lat' dir='ltr'>semper</span> <span class='ocrx_word' id='word_1_249' title='bbox 1366 2359 1406 2396; x_wconf 80' lang='lat' dir='ltr'>M</span> 
     </span>
    </p>
   </div>
   <div class='ocr_carea' id='block_1_6' title="bbox 208 2467 1666 2843">
    <p class='ocr_par' dir='ltr' id='par_1_6' title="bbox 208 2467 1666 2843">
     <span class='ocr_line' id='line_1_32' title="bbox 261 2467 1664 2517; baseline 0.003 -15"><span class='ocrx_word' id='word_1_250' title='bbox 261 2477 275 2502; x_wconf 95' lang='lat'>1</span> <span class='ocrx_word' id='word_1_251' title='bbox 303 2472 438 2503; x_wconf 81' lang='lat' dir='ltr'>natura</span> <span class='ocrx_word' id='word_1_252' title='bbox 457 2473 546 2503; x_wconf 78' lang='lat' dir='ltr'>recte</span> <span class='ocrx_word' id='word_1_253' title='bbox 563 2469 654 2504; x_wconf 86' lang='lat' dir='ltr'>etc.:</span> <span class='ocrx_word' id='word_1_254' title='bbox 678 2480 710 2504; x_wconf 88' lang='lat' dir='ltr'>v.</span> <span class='ocrx_word' id='word_1_255' title='bbox 735 2467 811 2505; x_wconf 88' lang='lat' dir='ltr'>Cic.</span> <span class='ocrx_word' id='word_1_256' title='bbox 833 2470 876 2505; x_wconf 78' lang='lat' dir='ltr'>de</span> <span class='ocrx_word' id='word_1_257' title='bbox 899 2470 1046 2506; x_wconf 59' lang='lat' dir='ltr'>AmIcit.</span> <span class='ocrx_word' id='word_1_258' title='bbox 1066 2478 1083 2516; x_wconf 82' lang='lat'><strong>5</strong></span> <span class='ocrx_word' id='word_1_259' title='bbox 1106 2468 1123 2516; x_wconf 68' lang='grc' dir='ltr'><strong>ξ</strong></span> <span class='ocrx_word' id='word_1_260' title='bbox 1147 2480 1199 2514; x_wconf 85' lang='lat'>19.</span> <span class='ocrx_word' id='word_1_261' title='bbox 1390 2481 1413 2517; x_wconf 90' lang='lat'>9</span> <span class='ocrx_word' id='word_1_262' title='bbox 1437 2472 1583 2506; x_wconf 75' lang='lat' dir='ltr'>seruilis</span> <span class='ocrx_word' id='word_1_263' title='bbox 1606 2472 1664 2506; x_wconf 87' lang='lat' dir='ltr'>ob-</span> 
     </span>
     <span class='ocr_line' id='line_1_33' title="bbox 211 2514 1665 2561; baseline 0.004 -12"><span class='ocrx_word' id='word_1_264' title='bbox 211 2516 434 2550; x_wconf 73' lang='lat' dir='ltr'>secundatio:</span> <span class='ocrx_word' id='word_1_265' title='bbox 459 2514 548 2551; x_wconf 86' lang='lat' dir='ltr'>Cod.</span> <span class='ocrx_word' id='word_1_266' title='bbox 576 2515 708 2552; x_wconf 85' lang='lat' dir='ltr'>lustin.</span> <span class='ocrx_word' id='word_1_267' title='bbox 737 2527 772 2551; x_wconf 91' lang='lat' dir='ltr'>x.</span> <span class='ocrx_word' id='word_1_268' title='bbox 803 2526 860 2561; x_wconf 87' lang='grc'>34.</span> <span class='ocrx_word' id='word_1_269' title='bbox 984 2527 1026 2561; x_wconf 89' lang='lat'>14</span> <span class='ocrx_word' id='word_1_270' title='bbox 1050 2518 1329 2554; x_wconf 77' lang='lat' dir='ltr'>salutationibus</span> <span class='ocrx_word' id='word_1_271' title='bbox 1355 2520 1448 2554; x_wconf 82' lang='lat' dir='ltr'>etc.:</span> <span class='ocrx_word' id='word_1_272' title='bbox 1486 2530 1519 2553; x_wconf 91' lang='lat' dir='ltr'>v.</span> <span class='ocrx_word' id='word_1_273' title='bbox 1551 2518 1665 2555; x_wconf 78' lang='lat' dir='ltr'>Matt.</span> 
     </span>
     <span class='ocr_line' id='line_1_34' title="bbox 211 2559 1663 2611; baseline 0.003 -15"><span class='ocrx_word' id='word_1_274' title='bbox 211 2559 315 2597; x_wconf 85' lang='lat' dir='ltr'>xxiii.</span> <span class='ocrx_word' id='word_1_275' title='bbox 343 2562 376 2603; x_wconf 87' lang='lat'>6,</span> <span class='ocrx_word' id='word_1_276' title='bbox 405 2569 438 2604; x_wconf 88' lang='lat'>7.</span> <span class='ocrx_word' id='word_1_277' title='bbox 582 2571 636 2608; x_wconf 91' lang='lat'>17,</span> <span class='ocrx_word' id='word_1_278' title='bbox 669 2563 710 2599; x_wconf 83' lang='lat'>18</span> <span class='ocrx_word' id='word_1_279' title='bbox 742 2564 887 2598; x_wconf 80' lang='lat' dir='ltr'>alarum</span> <span class='ocrx_word' id='word_1_280' title='bbox 914 2566 1080 2610; x_wconf 63' lang='lat' dir='ltr'>remigio:</span> <span class='ocrx_word' id='word_1_281' title='bbox 1108 2564 1217 2611; x_wconf 88' lang='lat' dir='ltr'>Verg.</span> <span class='ocrx_word' id='word_1_282' title='bbox 1244 2567 1338 2601; x_wconf 80' lang='lat' dir='ltr'>Aen.</span> <span class='ocrx_word' id='word_1_283' title='bbox 1361 2566 1386 2602; x_wconf 92' lang='lat' dir='ltr'>i.</span> <span class='ocrx_word' id='word_1_284' title='bbox 1412 2576 1506 2611; x_wconf 80' lang='lat'><em>3013</em></span> <span class='ocrx_word' id='word_1_285' title='bbox 1532 2566 1579 2600; x_wconf 90' lang='lat' dir='ltr'>vi.</span> <span class='ocrx_word' id='word_1_286' title='bbox 1609 2576 1663 2611; x_wconf 90' lang='lat'>19.</span> 
     </span>
     <span class='ocr_line' id='line_1_35' title="bbox 212 2609 1665 2661; baseline 0.005 -19"><span class='ocrx_word' id='word_1_287' title='bbox 212 2617 258 2651; x_wconf 86' lang='lat'>24</span> <span class='ocrx_word' id='word_1_288' title='bbox 284 2610 542 2661; x_wconf 59' lang='lat' dir='ltr'>meretricantis</span> <span class='ocrx_word' id='word_1_289' title='bbox 558 2610 647 2646; x_wconf 64' lang='lat' dir='ltr'>eta:</span> <span class='ocrx_word' id='word_1_290' title='bbox 672 2621 703 2645; x_wconf 84' lang='lat' dir='ltr'>v.</span> <span class='ocrx_word' id='word_1_291' title='bbox 722 2609 827 2646; x_wconf 91' lang='lat' dir='ltr'>Prov.</span> <span class='ocrx_word' id='word_1_292' title='bbox 844 2623 878 2647; x_wconf 91' lang='lat' dir='ltr'>v.</span> <span class='ocrx_word' id='word_1_293' title='bbox 896 2621 929 2655; x_wconf 89' lang='lat'>3.</span> <span class='ocrx_word' id='word_1_294' title='bbox 1071 2621 1113 2658; x_wconf 83' lang='lat'>25</span> <span class='ocrx_word' id='word_1_295' title='bbox 1140 2614 1294 2648; x_wconf 79' lang='lat' dir='ltr'>Meliora</span> <span class='ocrx_word' id='word_1_296' title='bbox 1307 2614 1378 2649; x_wconf 88' lang='lat' dir='ltr'>etc.</span> <span class='ocrx_word' id='word_1_297' title='bbox 1394 2626 1402 2647; x_wconf 93' lang='lat'>:</span> <span class='ocrx_word' id='word_1_298' title='bbox 1428 2613 1533 2648; x_wconf 90' lang='lat' dir='ltr'>Prov.</span> <span class='ocrx_word' id='word_1_299' title='bbox 1550 2613 1665 2649; x_wconf 85' lang='lat' dir='ltr'>xxvii.</span> 
     </span>
     <span class='ocr_line' id='line_1_36' title="bbox 209 2654 1664 2705; baseline 0.005 -16"><span class='ocrx_word' id='word_1_300' title='bbox 209 2656 256 2698; x_wconf 85' lang='lat'>6;</span> <span class='ocrx_word' id='word_1_301' title='bbox 291 2654 337 2690; x_wconf 86' lang='lat' dir='ltr'>de</span> <span class='ocrx_word' id='word_1_302' title='bbox 364 2654 527 2691; x_wconf 81' lang='lat' dir='ltr'>lectione</span> <span class='ocrx_word' id='word_1_303' title='bbox 553 2658 662 2692; x_wconf 81' lang='lat' dir='ltr'>amici</span> <span class='ocrx_word' id='word_1_304' title='bbox 685 2668 753 2703; x_wconf 86' lang='lat' dir='ltr'>pro</span> <span class='ocrx_word' id='word_1_305' title='bbox 782 2669 872 2694; x_wconf 86' lang='lat' dir='ltr'>vers.</span> <span class='ocrx_word' id='word_1_306' title='bbox 897 2658 1084 2704; x_wconf 79' lang='lat' dir='ltr'>Vulgatae</span> <span class='ocrx_word' id='word_1_307' title='bbox 1109 2661 1291 2705; x_wconf 71' lang='lat' dir='ltr'>dila&#39;yentis</span> <span class='ocrx_word' id='word_1_308' title='bbox 1314 2673 1347 2695; x_wconf 88' lang='lat' dir='ltr'>v.</span> <span class='ocrx_word' id='word_1_309' title='bbox 1375 2659 1548 2696; x_wconf 87' lang='lat' dir='ltr'>Sabatier</span> <span class='ocrx_word' id='word_1_310' title='bbox 1571 2662 1664 2696; x_wconf 63' lang='lat' dir='ltr'>Biz-l.</span> 
     </span>
     <span class='ocr_line' id='line_1_37' title="bbox 208 2702 1666 2753; baseline 0.005 -18"><span class='ocrx_word' id='word_1_311' title='bbox 208 2703 291 2736; x_wconf 82' lang='lat' dir='ltr'>Lat.</span> <span class='ocrx_word' id='word_1_312' title='bbox 315 2703 409 2737; x_wconf 69' lang='lat' dir='ltr'>Vere.</span> <span class='ocrx_word' id='word_1_313' title='bbox 433 2703 580 2748; x_wconf 77' lang='lat' dir='ltr'>Antiqu.</span> <span class='ocrx_word' id='word_1_314' title='bbox 605 2702 645 2739; x_wconf 88' lang='lat' dir='ltr'>ii.</span> <span class='ocrx_word' id='word_1_315' title='bbox 671 2704 760 2749; x_wconf 85' lang='lat'>338;</span> <span class='ocrx_word' id='word_1_316' title='bbox 785 2705 1002 2742; x_wconf 79' lang='lat' dir='ltr'>blandientis</span> <span class='ocrx_word' id='word_1_317' title='bbox 1025 2708 1156 2742; x_wconf 82' lang='lat' dir='ltr'>tamen</span> <span class='ocrx_word' id='word_1_318' title='bbox 1182 2719 1250 2752; x_wconf 92' lang='lat' dir='ltr'>pro</span> <span class='ocrx_word' id='word_1_319' title='bbox 1274 2709 1428 2742; x_wconf 72' lang='lat' dir='ltr'>odientis</span> <span class='ocrx_word' id='word_1_320' title='bbox 1446 2707 1587 2753; x_wconf 82' lang='lat' dir='ltr'>(Vulg.)</span> <span class='ocrx_word' id='word_1_321' title='bbox 1607 2706 1666 2744; x_wconf 89' lang='lat' dir='ltr'>vel</span> 
     </span>
     <span class='ocr_line' id='line_1_38' title="bbox 208 2749 1664 2800; baseline 0.006 -18"><span class='ocrx_word' id='word_1_322' title='bbox 208 2749 352 2783; x_wconf 78' lang='lat' dir='ltr'>inimici</span> <span class='ocrx_word' id='word_1_323' title='bbox 367 2759 551 2794; x_wconf 84' lang='lat' dir='ltr'>nusquam</span> <span class='ocrx_word' id='word_1_324' title='bbox 569 2749 749 2796; x_wconf 85' lang='lat' dir='ltr'>scriptum</span> <span class='ocrx_word' id='word_1_325' title='bbox 764 2750 941 2789; x_wconf 84' lang='lat' dir='ltr'>invenies.</span> <span class='ocrx_word' id='word_1_326' title='bbox 1108 2764 1154 2799; x_wconf 92' lang='lat'>29</span> <span class='ocrx_word' id='word_1_327' title='bbox 1180 2756 1329 2790; x_wconf 76' lang='lat' dir='ltr'>Dicitur</span> <span class='ocrx_word' id='word_1_328' title='bbox 1341 2757 1438 2790; x_wconf 80' lang='lat' dir='ltr'>enim</span> <span class='ocrx_word' id='word_1_329' title='bbox 1452 2757 1551 2800; x_wconf 81' lang='lat' dir='ltr'>fides</span> <span class='ocrx_word' id='word_1_330' title='bbox 1567 2757 1639 2791; x_wconf 87' lang='lat' dir='ltr'>etc.</span> <span class='ocrx_word' id='word_1_331' title='bbox 1656 2767 1664 2790; x_wconf 77' lang='lat' dir='ltr'><strong><em>z</em></strong></span> 
     </span>
     <span class='ocr_line' id='line_1_39' title="bbox 208 2794 619 2843; baseline 0.007 -13"><span class='ocrx_word' id='word_1_332' title='bbox 208 2807 242 2830; x_wconf 91' lang='lat' dir='ltr'>v.</span> <span class='ocrx_word' id='word_1_333' title='bbox 262 2794 338 2831; x_wconf 84' lang='lat' dir='ltr'>Cic.</span> <span class='ocrx_word' id='word_1_334' title='bbox 361 2797 425 2840; x_wconf 84' lang='lat' dir='ltr'>Off.</span> <span class='ocrx_word' id='word_1_335' title='bbox 442 2795 468 2832; x_wconf 90' lang='lat' dir='ltr'>i.</span> <span class='ocrx_word' id='word_1_336' title='bbox 485 2805 506 2841; x_wconf 92' lang='lat'><em>7</em></span> <span class='ocrx_word' id='word_1_337' title='bbox 526 2795 543 2843; x_wconf 64' lang='grc' dir='ltr'><strong>ξ</strong></span> <span class='ocrx_word' id='word_1_338' title='bbox 563 2807 619 2843; x_wconf 87' lang='lat'>23.</span> 
     </span>
    </p>
   </div>
   <div class='ocr_carea' id='block_1_7' title="bbox 264 2872 1556 2925">
    <p class='ocr_par' dir='ltr' id='par_1_7' title="bbox 264 2872 1556 2925">
     <span class='ocr_line' id='line_1_40' title="bbox 264 2872 1556 2925; baseline 0.01 -23"><span class='ocrx_word' id='word_1_339' title='bbox 264 2883 345 2903; x_wconf 67' lang='lat' dir='ltr'>wana</span> <span class='ocrx_word' id='word_1_340' title='bbox 898 2885 928 2912; x_wconf 82' lang='lat' dir='ltr'>B</span> <span class='ocrx_word' id='word_1_341' title='bbox 943 2872 972 2913; x_wconf 87' lang='lat' dir='ltr'>b</span> <span class='ocrx_word' id='word_1_342' title='bbox 1493 2882 1556 2925; x_wconf 83' lang='lat'>185</span> 
     </span>
    </p>
   </div>
  </div>
 </body>
</html>
