1994 3190
227 202 311 246 379
329 195 359 234 b
700 191 962 236 IOANNIS
1001 191 1516 236 SARESBERIENSIS

375 311 479 355 Iure
509 313 774 368 patronatus
803 311 931 354 illum
960 311 1064 363 cole,
1094 311 1171 368 qui
1201 311 1313 354 uelit
1344 326 1449 363 esse,

435 380 494 423 Et
523 380 646 431 sciat,
676 383 722 423 et
750 380 902 438 possit,
931 383 1057 424 tutor
1085 381 1251 438 ubique
1280 383 1399 425 tuus.

377 449 496 507 Ergo
526 453 767 506 quaeratur
795 450 876 493 lux
904 449 1022 500 cleri,
1050 449 1193 508 gloria
1220 450 1368 508 gentis

435 519 695 576 Anglorm,
724 519 841 577 regis
870 519 1066 571 dextera,
1090 518 1236 562 forma
1264 519 1382 562 boni.

378 588 617 642 Quaesitus
646 589 772 646 regni
802 588 886 632 tibi
915 584 1202 632 cancellarius
1233 588 1381 646 Angli,

437 657 611 700 Primus
641 658 829 701 sollicita
859 661 1006 700 mente
1036 657 1253 714 petendus
1282 658 1381 701 erit.

380 726 468 770 Hic
498 730 566 770 est
589 727 666 784 qui
697 727 822 785 regni
851 726 970 783 leges
999 727 1213 770 cancellat
1242 727 1429 783 iniquas,

438 796 497 839 Et
526 796 738 839 mandata
766 796 830 853 pii
859 795 1072 853 principis
1102 811 1244 852 aequa
1272 796 1392 839 facit.

379 865 429 909 Si
460 866 567 923 quid
597 866 722 910 obest
751 866 925 923 populo,
954 866 1028 909 uel
1057 866 1254 909 moribus
1283 869 1351 908 est
1380 864 1620 915 inimicum,

438 935 659 993 Quicquid
690 936 735 978 id
766 938 845 988 est,
874 950 954 992 per
983 949 1084 978 eum
1114 935 1278 978 desinit
1306 950 1399 978 esse
1428 949 1602 978 nocens.

381 1005 563 1048 Publica
591 1005 780 1062 priuatis
810 1005 886 1062 qui
916 1003 1114 1062 praefert
1143 1004 1371 1048 commoda
1399 1018 1582 1061 semper,

440 1074 655 1131 Quodque
685 1074 764 1117 dat
793 1074 840 1116 in
870 1073 1030 1131 plures,
1061 1074 1185 1116 ducit
1215 1074 1262 1116 in
1294 1088 1394 1116 aere
1423 1088 1515 1116 suo.

381 1143 510 1197 Quod
540 1144 619 1187 dat
648 1144 783 1186 habet
795 1157 805 1196 ;
846 1142 964 1200 quod
994 1143 1140 1194 habet,
1170 1143 1318 1201 dignis
1347 1143 1509 1186 donat:
1549 1142 1646 1185 uice
1675 1155 1806 1184 uersa

440 1213 636 1271 Spargit‚
667 1213 744 1256 sed
774 1227 952 1270 sparsae
982 1212 1339 1269 multiplicantur
1367 1227 1484 1269 opes.

379 1283 528 1340 thue
558 1283 708 1325 uirum
738 1282 884 1325 uirtus
913 1281 1063 1332 animi,
1093 1282 1155 1325 sie
1184 1282 1331 1339 gratia
1361 1281 1529 1324 formae

439 1352 646 1409 Vndique
675 1351 928 1394 mirandum
958 1351 1167 1408 gentibus
1197 1366 1290 1394 esse
1320 1350 1443 1394 facit.

380 1422 552 1464 Tardus
581 1422 638 1464 ad
669 1422 787 1464 hune
819 1420 997 1464 Samius
1026 1421 1063 1463 si
1092 1423 1233 1464 certet
1261 1420 1462 1463 acumine
1491 1419 1665 1470 mentis,

230 1493 314 1543 380
333 1503 365 1532 a
440 1490 739 1547 Indoctusque
770 1490 908 1541 Plato,
937 1490 1166 1546 Varroque
1196 1489 1360 1532 stultus
1390 1489 1489 1533 erit.

381 1559 518 1604 Curio
548 1561 587 1603 si
616 1563 756 1603 certet
785 1559 945 1611 uerbis,
973 1559 1179 1602 uincetur
1207 1559 1264 1602 ab
1293 1558 1414 1616 ipso;

440 1630 608 1680 Victus,
638 1629 675 1672 si
705 1632 857 1680 certet,
887 1628 1190 1682 Quintilianus
1220 1629 1316 1671 erit.

383 1699 531 1742 Huius
560 1714 687 1742 nosse
718 1699 896 1741 domum
928 1713 1017 1741 non
1048 1701 1115 1740 est
1140 1712 1210 1740 res
1240 1697 1403 1750 ardua3
1441 1697 1583 1741 cuiuis

441 1769 545 1811 Non
575 1769 684 1811 duce
715 1767 915 1824 quaesito
945 1767 1102 1810 semita
1131 1767 1241 1810 trita
1269 1770 1406 1824 patet.

383 1838 506 1881 Nota
535 1838 691 1881 domus
721 1837 903 1888 cunetis,
933 1837 1047 1880 uitio
1077 1851 1165 1880 non
1195 1837 1374 1894 cognita
1403 1836 1484 1879 soli

442 1908 591 1958 Lucet,
622 1907 679 1950 ab
709 1907 791 1950 hae
821 1906 963 1949 lucem
994 1906 1131 1955 diues,
1164 1921 1338 1963 egenus,
1369 1906 1545 1949 habent.

384 1977 470 2020 Illa
499 1980 624 2034 patet
653 1976 836 2026 miseris,
866 1978 991 2033 patet
1021 1978 1066 2018 et
1096 1976 1252 2019 domus
1281 1975 1359 2019 illa
1387 1975 1540 2027 beatis,

444 2046 529 2089 Hic
560 2049 686 2103 patre
716 2045 911 2087 laetatur
940 2045 1113 2087 aduena
1143 2045 1327 2101 quisque
1357 2059 1449 2088 suo.

385 2115 499 2159 Cum
531 2118 726 2157 reserata
755 2113 888 2156 semel
921 2113 1060 2156 fuerit
1089 2114 1171 2156 tibi
1203 2114 1347 2164 ianua,
1377 2127 1557 2157 currens

443 2183 514 2226 Ad
545 2183 791 2226 thalamum
821 2182 988 2225 domini
1019 2183 1299 2240 progrediere
1329 2183 1407 2226 tui.

387 2254 586 2311 Expecta.
615 2252 721 2294 dum
753 2252 886 2294 turba
915 2252 1038 2304 fluat,
1070 2267 1181 2308 quae
1214 2252 1358 2295 feruet
1388 2252 1434 2294 in
1465 2251 1578 2301 aula,

447 2323 664 2378 Fessaque
694 2321 785 2364 sint
815 2321 982 2363 domini
1013 2322 1211 2364 membra
1242 2321 1433 2364 fouenda
1462 2321 1601 2364 thoro.

434 2514 454 2550 3
482 2505 577 2548 Eryo
603 2505 696 2540 eta:
726 2502 780 2538 Ad
809 2502 992 2538 'rhomam
1023 2501 1290 2539 cancellarium
1319 2504 1361 2538 ut
1386 2501 1433 2538 ad
1461 2501 1673 2548 Augustum
1702 2500 1857 2538 ovidius

384 2550 555 2586 libellum
575 2561 682 2586 suum
702 2550 823 2586 mittit
843 2550 1009 2585 Ioannes.
1175 2559 1212 2592 ¹7
1239 2552 1403 2586 Samius:
1434 2549 1511 2586 neil.
1538 2549 1783 2596 Pythagoras,
1803 2549 1856 2587 sic

385 2599 433 2635 ab
451 2598 584 2634 Ovidio
602 2598 723 2633 dietus
744 2600 885 2634 nlo-tam.
907 2609 961 2632 xv.
980 2600 1035 2638 60.
1054 2598 1151 2632 Faae.
1171 2596 1224 2632 iii.
1248 2606 1333 2643 153:
1360 2596 1408 2632 cf.
1426 2598 1554 2633 I'olo'cr.
1574 2597 1598 2632 i.
1618 2606 1649 2644 5.
1814 2607 1857 2643 19

390 2648 519 2682 Curio:
549 2646 599 2680 Dos
623 2645 797 2681 Curionis
821 2645 1039 2699 eloquentia
1065 2643 1146 2679 vide
1168 2644 1386 2680 Ciceronem
1411 2646 1453 2679 ‹Is-
1481 2647 1627 2679 oratore
1651 2643 1688 2681 ii.
1709 2654 1752 2690 23
1773 2645 1856 2690 §98

387 2692 494 2730 cuiun
524 2692 608 2728 libri
644 2692 840 2738 (exemplar
874 2691 1126 2727 bibliothecae
1154 2691 1332 2727 eculanum
1362 2691 1590 2727 cathedralis
1615 2691 1857 2729 Carnotensis

388 2739 573 2794 legnuiune
613 2740 790 2775 loannem
828 2753 848 2776 e
886 2739 1108 2785 Necrologio
1139 2738 1363 2776 Curnotensi
1402 2738 1441 2774 in
1479 2740 1574 2776 Gau.
1612 2740 1744 2776 Christ.
1778 2751 1855 2776 not.

389 2788 466 2824 viii.
497 2790 598 2833 1148,
623 2799 646 2834 9
672 2786 850 2824 novimus.
