1994 3190
162 146 457 208 cAP.xxvn1]
691 146 1131 192 POLICRATICVS
1642 157 1724 199 474
1746 159 1772 189 c

161 271 243 314 hoc
281 268 422 326 magis
461 270 507 311 et
545 267 687 324 magis
721 266 943 317 exhorrui,
977 269 1023 309 et
1061 281 1112 309 eo
1143 266 1305 310 fortius
1339 269 1626 312 confirmatus
1645 282 1670 312 e

161 342 229 383 est
262 339 418 381 horror
451 351 585 387 meus,
616 336 744 392 quod,
774 350 874 379 cum
904 336 1068 378 multos
1097 338 1204 379 tunc
1234 338 1446 388 nouerim,
1475 351 1628 380 omnes

161 410 397 464 antequam
421 406 659 448 deficerent
687 408 768 447 aut
797 404 974 447 defectu
998 407 1184 446 naturae
1214 408 1294 448 aut
1320 420 1455 448 manu
1476 406 1628 449 hostili

160 475 369 519 beneficio
389 474 570 517 luminis
589 474 767 517 orbatos
787 473 894 524 uidi,
914 475 966 515 ut
987 475 1132 515 cetera
1151 473 1427 516 incommoda
1447 478 1628 525 taceam,

122 564 141 599 5
161 545 321 602 quibus
364 544 411 586 in
454 546 690 600 conspectu
732 557 831 585 meo
869 557 897 584 a
937 541 1128 584 Domino
1169 545 1248 584 aut
1286 544 1499 598 prostrati
1549 547 1630 587 aut

159 613 409 671 perturbati
439 614 556 663 sunt,
583 612 779 669 exceptis
802 610 985 661 duobus,
1009 610 1234 654 sacerdote
1263 611 1471 654 uidelicet
1498 627 1629 668 quem

158 682 366 740 praemisi
401 684 446 725 et
477 681 660 725 diacono
696 681 898 738 quodam,
930 680 1006 737 qui
1046 680 1391 736 speculariorum
1428 681 1630 724 uidentes

159 751 337 810 plagam
383 751 634 809 effugerunt
680 750 794 793 alter
841 749 899 792 ad
946 749 1094 792 sinum
1136 749 1370 792 canonicae
1415 750 1530 791 alter
1572 750 1630 792 ad

159 824 338 879 portum
386 820 568 864 cellulae
618 818 922 864 cluniacensis
970 818 1105 861 sacris
1158 818 1358 860 uestibus
1414 818 1629 875 insigniti.

102 908 143 932 10
161 890 348 933 Eosdem
384 892 534 932 tamen
568 903 674 946 prae
709 888 866 932 ceteris
900 888 947 930 in
979 887 1396 945 congregationibus
1430 888 1522 930 suis
1554 888 1628 930 ad-

159 974 289 1003 uersa
326 959 519 1016 plurima
557 958 835 1016 postmodum
875 971 1102 1014 perpessos
1142 971 1235 999 esse
1270 956 1477 999 misertus
1517 971 1628 1000 sum.

160 1029 276 1074 Sane
297 1029 334 1072 si
355 1029 412 1071 ad
432 1027 783 1086 impugnandum
803 1028 921 1070 hunc
940 1042 1131 1070 errorem
1148 1041 1384 1070 concursus
1404 1027 1628 1070 rationum

160 1101 205 1143 et
243 1098 483 1142 catholicae
516 1098 672 1140 matris
707 1097 924 1140 Ecclesiae
958 1096 1199 1139 auctoritas
1233 1111 1323 1138 non
1358 1099 1629 1153 suppeteret,
1645 1100 1673 1140 d

159 1168 232 1212 uel
272 1167 474 1224 exempla
516 1166 732 1210 malorum
772 1180 873 1209 eum
916 1165 1141 1208 sufficiunt
1185 1165 1420 1222 extirpare.
1501 1165 1629 1209 Sicut

103 1255 140 1290 15
160 1239 309 1281 autem
343 1251 472 1279 nemo
506 1238 653 1293 potest
687 1234 836 1278 bibere
870 1235 1049 1278 calicem
1082 1234 1165 1278 Dei
1197 1237 1242 1278 et
1271 1235 1449 1278 calicem
1482 1235 1628 1278 demo-

159 1306 335 1350 niorum
369 1308 449 1348 aut
483 1305 654 1348 duobus
689 1304 879 1347 dominis
913 1304 1079 1347 seruire
1114 1304 1210 1347 Deo
1245 1307 1290 1347 et
1325 1304 1630 1356 Mammonae3

160 1375 224 1419 sic
251 1374 442 1433 gratiam
473 1372 556 1417 Dei
587 1376 632 1417 et
658 1373 792 1416 huius
821 1373 1019 1416 malitiae
1044 1373 1304 1417 exercitium
1334 1373 1484 1416 nullus
1514 1389 1629 1417 asse-

161 1444 326 1502 quitur.
372 1443 459 1487 Sed
475 1458 571 1486 ecce
587 1457 723 1500 quare
738 1443 938 1500 punctim
955 1445 1000 1485 et
1015 1443 1141 1499 quasi
1156 1443 1346 1485 subbula
1361 1444 1630 1486 sententiam

159 1528 400 1571 prosequor
444 1512 548 1556 fidei
594 1515 640 1556 et
682 1527 855 1555 morum
905 1512 1142 1564 inimicam,
1181 1526 1282 1555 cum
1328 1527 1424 1555 eam
1470 1512 1631 1556 caesim

103 1600 146 1626 20
163 1583 358 1641 Spiritus
388 1597 595 1626 mucrone
623 1582 781 1639 capulo
819 1584 950 1624 tenus
988 1582 1347 1624 transuerberare
1387 1582 1633 1626 sufficiam?

163 1652 368 1697 Feriatur
403 1666 507 1709 ergo
540 1651 673 1695 semel
705 1651 753 1693 in
787 1666 923 1694 manu
958 1651 1066 1694 forti
1101 1654 1147 1694 et
1180 1651 1360 1694 brachio
1392 1652 1523 1702 illius,
1554 1652 1630 1708 qui

161 1722 219 1766 ad
257 1721 617 1765 summer-sionem
658 1721 955 1778 Egyptiorum
994 1721 1150 1764 diuisit
1191 1735 1312 1763 mare
1352 1721 1537 1763 rubrum
1583 1722 1630 1763 in

161 1791 411 1842 diuisiones,
440 1793 485 1834 et
515 1790 706 1834 secundo
735 1805 846 1847 opus
879 1805 969 1833 non
1005 1790 1103 1833 erit.
1165 1790 1268 1833 Non
1300 1794 1367 1833 est
1399 1791 1516 1833 enim
1553 1790 1629 1846 qui

162 1860 216 1904 de
235 1875 370 1905 manu
390 1860 510 1903 illius
529 1860 668 1918 possit
688 1874 852 1903 eruere.
915 1859 1088 1903 Educat
1107 1874 1213 1917 ergo
1232 1859 1431 1917 gladium
1453 1860 1631 1916 Moyses

104 1948 144 1983 ²5
163 1931 208 1973 et
245 1932 497 1988 prosternat
538 1929 756 1987 Egyptias
794 1929 1144 1972 abominationes
1183 1932 1229 1972 et
1266 1929 1508 1972 abscondat
1544 1944 1630 1981 eas,

162 2013 218 2042 ne
249 2002 492 2057 appareant
524 1999 573 2042 in
604 2002 841 2056 conspectu
874 1999 1084 2049 fidelium,
1114 1999 1162 2041 in
1192 1999 1347 2041 sabulo
1379 1999 1630 2041 sterilitatis
1648 2010 1725 2051 475
1745 2012 1775 2040 a

162 2082 277 2112 suae.
356 2069 587 2125 Loquatur
631 2069 830 2119 uerbum,
869 2069 1136 2111 sententiam
1185 2067 1384 2125 proferat
1430 2068 1478 2110 in
1528 2083 1631 2111 con-

163 2137 517 2195 dempnationem
547 2152 757 2188 errorum,
787 2152 896 2195 quos
924 2138 1094 2181 diutius
1124 2152 1151 2180 a
1180 2138 1310 2180 domo
1342 2140 1422 2180 tua
1454 2137 1633 2194 abigere

163 2206 506 2264 procurauimus.
566 2207 764 2250 Verbum
799 2207 1017 2264 siquidem
1047 2207 1224 2265 gladius
1258 2210 1327 2250 est
1362 2207 1431 2249 bis
1463 2211 1634 2257 acutus,

167 2315 212 2352 16
234 2326 408 2352 mamone
426 2315 450 2351 S
572 2317 614 2353 18
640 2315 774 2352 subula
791 2314 871 2351 B’A
993 2326 1039 2352 20
1063 2327 1243 2352 mucrone
1262 2314 1415 2362 spiritus
1432 2315 1465 2350 A
1586 2325 1630 2351 22

165 2362 459 2399 submersionem
477 2362 543 2399 SM
685 2373 731 2409 25
758 2363 921 2410 egiptias
939 2362 966 2400 C
1063 2363 1396 2400 abhominationes
1414 2362 1438 2398 S

214 2456 236 2492 8
259 2457 474 2494 canonicae:
503 2468 552 2493 sc.
578 2455 759 2494 ecclesiae
784 2456 1008 2503 collegiatae
1034 2455 1329 2500 canonicorum3
1356 2468 1387 2492 v.
1415 2455 1476 2491 Du
1502 2454 1631 2502 Gange

167 2513 195 2539 s.
209 2514 244 2538 v.
375 2512 414 2549 15
442 2515 544 2540 nemo
556 2509 671 2550 potest
687 2506 781 2540 eto.:
807 2516 837 2540 v.
862 2514 874 2540 1
897 2504 979 2540 Cor.
999 2516 1035 2539 x.
1054 2515 1110 2540 20.
1252 2506 1294 2540 16
1318 2505 1457 2539 duobus
1474 2505 1546 2540 etc.
1564 2516 1572 2538 :
1598 2515 1631 2539 v.

166 2549 277 2585 Matt.
288 2548 335 2586 vi.
355 2560 411 2595 24·
540 2554 592 2594 18,
612 2561 654 2596 19
672 2554 851 2597 punctim,
868 2553 1019 2587 caesim:
1043 2563 1077 2588 v.
1093 2551 1225 2598 Veget.
1242 2552 1320 2587 Mil.
1338 2550 1362 2586 i.
1386 2561 1438 2586 12.
1548 2552 1631 2586 sub-

167 2597 272 2632 bula:
296 2609 329 2632 v.
356 2597 440 2633 Seu.
466 2598 537 2644 Ep.
563 2599 604 2644 85
626 2597 644 2644 ξ
667 2609 682 2635 1
713 2598 775 2643 (cf.
801 2600 844 2634 82
865 2598 883 2644 ξ
909 2600 983 2643 24).
1187 2608 1234 2633 20
1257 2600 1418 2644 Spiritus
1441 2608 1630 2633 mucrone:

167 2655 198 2680 v.
218 2643 355 2689 Ephes.
372 2643 419 2681 vi.
441 2653 491 2688 17.
641 2655 683 2681 21
713 2646 753 2680 in
770 2658 883 2681 manu
900 2647 996 2682 etc.:
1021 2657 1054 2682 v.
1071 2644 1130 2681 Ps.
1148 2656 1277 2681 cxxxv.
1299 2656 1352 2688 12,
1375 2655 1429 2689 13.
1586 2655 1630 2690 23

166 2692 318 2726 secundo
333 2702 423 2736 opus
437 2703 510 2727 non
527 2693 618 2728 erit:
647 2702 662 2728 1
682 2691 774 2738 Reg.
791 2692 890 2728 xxvi.
910 2694 943 2729 8.
1097 2694 1181 2728 Non
1197 2698 1247 2728 est
1264 2694 1358 2729 etc.:
1386 2692 1493 2728 Deut.
1512 2691 1628 2727 xxxii.

167 2747 224 2782 39.
368 2745 410 2784 25
437 2739 630 2775 abscondat
647 2765 655 2774 .
676 2765 685 2774 .
705 2766 714 2775 .
733 2741 775 2775 in
791 2741 939 2776 sabulo:
963 2751 997 2776 v.
1015 2738 1132 2776 Exod.
1145 2739 1184 2777 ii.
1201 2750 1254 2778 12.
1414 2749 1460 2785 29
1483 2741 1631 2784 qladius

169 2785 220 2820 bis
236 2789 382 2821 acutus:
406 2796 438 2822 v.
454 2784 571 2831 Apoe.
587 2785 614 2823 i.
634 2787 688 2823 16.

1456 2856 1519 2900 165
