1994 3190
252 244 332 286 573
348 245 381 275 a
723 232 986 277 IOANNIS
1016 232 1529 278 SARESBERIENSIS
1711 231 1821 294 [ΗΒ.
1834 244 1866 279 v

398 353 600 397 admittit
626 367 760 410 quam
786 353 827 396 ei
853 353 1068 410 praestito
1094 356 1368 397 sacramento
1394 353 1564 398 faciant
1588 352 1721 397 fidem
1748 353 1867 411 quod

398 423 598 466 iustitiae
613 437 719 466 suae
733 423 942 466 insistent
957 426 1002 466 et
1016 423 1313 480 calumpniam
1333 438 1507 467 omnem
1522 423 1688 467 facient
1702 423 1868 481 procul.

353 501 382 540 b
399 492 538 535 Actor
558 492 736 548 quidem
755 492 873 535 iuret
891 507 981 535 non
1000 492 1330 550 calumpniandi
1357 493 1505 536 animo
1524 493 1650 538 litem
1677 492 1868 536 mouisse

399 562 477 605 sed
507 562 803 605 existimando
835 562 995 605 bonam
1025 562 1187 606 habere
1218 577 1396 606 causam
1428 565 1474 606 et
1504 562 1623 620 quod
1651 562 1789 606 nichil
1818 562 1867 604 in

398 634 496 674 tota
530 631 609 674 lite
641 631 776 675 faciet
806 631 1103 688 calumpniose
1129 634 1195 674 ut
1232 646 1312 675 nec
1350 632 1554 688 probatio
1591 646 1672 676 nec
1711 631 1867 674 dilatio
1885 647 1905 682 5

399 700 686 744 frustratoria
716 700 924 758 exigatur
957 701 1034 744 sed
1073 701 1120 743 id
1154 701 1296 744 solum
1332 701 1449 758 quod
1481 701 1655 744 iustitia
1687 701 1869 744 uidetur

399 770 589 828 exigere.
662 770 781 813 Reus
814 773 964 813 autem
999 770 1166 813 iurabit
1200 770 1318 826 quod
1362 773 1526 827 putans
1565 785 1612 814 se
1650 770 1767 813 bona
1801 770 1868 812 in·

399 840 568 882 stantia
605 839 674 882 uti
717 840 922 896 peruenit
965 839 1021 882 ad
1061 839 1369 882 reluctandum
1409 843 1455 883 et
1494 839 1612 897 quod
1651 840 1699 882 in
1744 839 1868 882 nullo

399 909 539 952 totius
577 908 670 952 litis
709 909 897 952 articulo
936 909 1234 966 calumpniose
1272 909 1537 962 uersabitur,
1573 909 1620 952 id
1659 909 1801 952 solum
1840 923 1868 952 a

399 977 543 1020 iudice
572 977 645 1020 uel
674 977 928 1020 aduersario
958 977 1141 1034 exigens
1173 977 1291 1034 quod
1319 991 1400 1035 pro
1429 978 1621 1021 ueritate
1649 981 1782 1035 putat
1811 992 1868 1021 ex
1887 992 1931 1017 ιο

399 1047 661 1090 necessitate
680 1047 880 1090 iustitiae
901 1047 1213 1090 exhibendum.
1271 1047 1470 1104 Vterque
1495 1062 1603 1091 uero
1629 1047 1870 1091 iuramenti

305 1137 316 1151 ο
400 1117 470 1159 sui
500 1119 700 1159 extrema
725 1116 924 1160 clausula
949 1117 1031 1160 hoc
1060 1116 1386 1173 complectetur,
1406 1120 1459 1160 ut
1482 1116 1631 1160 iurent
1660 1131 1706 1160 se
1732 1116 1871 1160 nichil

401 1185 573 1228 dedisse
612 1189 692 1229 aut
731 1186 982 1243 promisisse
1021 1189 1102 1229 aut
1140 1186 1322 1230 daturos
1362 1201 1455 1230 esse
1488 1187 1562 1230 uel
1599 1201 1680 1244 per
1713 1201 1759 1230 se
1797 1186 1871 1230 uel

401 1269 481 1312 per
501 1255 691 1299 mediam
712 1270 943 1312 personam
970 1256 1065 1299 siue
1093 1256 1312 1300 iudicibus
1338 1256 1433 1300 siue
1459 1256 1559 1299 aliis
1586 1256 1869 1313 quibuscum·

401 1340 487 1382 que
521 1325 720 1382 personis
748 1339 829 1382 pro
858 1340 911 1368 ea
939 1339 1072 1369 causa
1101 1325 1297 1383 exceptis
1326 1325 1396 1369 his
1426 1340 1539 1383 quae
1568 1326 1795 1370 aduocatis
1824 1329 1870 1369 et
1889 1341 1939 1376 15·

402 1394 668 1451 quibusdam
724 1395 824 1437 aliis
872 1395 1004 1438 certis
1059 1395 1257 1452 personis
1315 1395 1370 1438 de
1426 1395 1536 1439 iuris
1593 1395 1872 1454 indulgentia

358 1477 386 1506 c
402 1464 620 1521 praestari
659 1463 772 1507 licet.
853 1456 981 1517 Quod
1030 1464 1068 1507 si
1117 1467 1241 1507 actor
1287 1464 1349 1508 sic
1397 1465 1544 1508 iurare
1591 1465 1874 1517 recusauerit,

404 1533 610 1576 exclusus
659 1548 687 1575 a
736 1533 815 1576 lite
864 1533 986 1576 cadit
1035 1533 1092 1576 ab
1141 1534 1314 1577 actione
1366 1536 1595 1591 tamquam
1646 1534 1873 1592 improbus

402 1603 616 1660 litigator.
661 1602 779 1646 Reus
798 1617 905 1646 uero
925 1603 1175 1646 detrectans
1194 1603 1343 1647 subire
1363 1603 1662 1647 iuramentum
1682 1604 1874 1647 habetur

403 1661 484 1729 pro
504 1671 704 1715 confesso
723 1674 769 1715 et
788 1672 1054 1716 sententiam
1081 1673 1410 1730 dampnationis
1435 1676 1652 1731 expectat.
1714 1673 1802 1717 Sed
1826 1676 1872 1718 et
1890 1689 1937 1716 ao

405 1742 490 1798 ipsi
519 1741 698 1798 patroni
724 1755 968 1792 causarum,
995 1756 1083 1799 quo
1108 1742 1280 1786 fidelior
1305 1742 1446 1800 possit
1472 1757 1564 1786 esse
1591 1742 1874 1795 examinatio,

405 1811 462 1853 ab
483 1811 579 1867 ipsa
599 1811 919 1854 contestatione
939 1811 1033 1854 litis
1053 1811 1302 1855 iuramento
1322 1814 1529 1855 artantur
1553 1812 1612 1855 ad
1638 1812 1875 1856 ueritatem

406 1883 451 1923 et
490 1880 634 1930 fidem,
665 1880 864 1923 iurantes
896 1881 1026 1938 quod,
1058 1895 1158 1924 cum
1194 1881 1314 1924 omni
1348 1881 1519 1924 uirtute
1552 1895 1634 1924 sua
1668 1881 1875 1939 omnique

405 1964 487 2006 ope
517 1949 634 2006 quod
666 1949 834 1992 iustum
867 1953 912 1992 et
946 1965 1102 1993 uerum
1135 1951 1492 1995 existimauerint
1519 1951 1754 1995 clientibus
1782 1952 1875 1995 suis

405 2018 571 2062 inferre
591 2019 905 2075 procurabunt,
925 2019 1062 2063 nichil
1084 2020 1221 2063 studii
1243 2020 1543 2077 relinquentes
1564 2023 1697 2077 prout
1716 2021 1874 2078 cuique
1894 2035 1936 2071 τε

405 2088 612 2145 possibile
637 2091 705 2131 est
724 2091 769 2131 et
789 2088 906 2144 quod
934 2103 990 2131 ex
1018 2089 1239 2133 industria
1259 2103 1340 2133 sua
1360 2104 1448 2133 non
1473 2090 1735 2147 protrahent
1762 2090 1877 2136 lites.

407 2157 526 2201 Nam
554 2171 627 2200 eas
653 2160 829 2215 oportet
855 2172 882 2200 a
908 2158 1127 2202 iudicibus
1154 2159 1274 2202 infra
1294 2159 1521 2202 biennium
1541 2159 1614 2202 uel
1633 2160 1877 2204 triennium

407 2226 652 2271 terminari.
729 2226 856 2284 Ipsos
906 2242 1078 2284 quoque
1129 2228 1367 2271 aduocatos
1416 2228 1513 2286 pari
1564 2228 1878 2274 distributione

364 2303 394 2343 d
411 2296 613 2354 partibus
643 2295 920 2353 exaequabit,
949 2296 1043 2340 siue
1070 2312 1143 2340 eos
1167 2298 1379 2355 petierint
1401 2298 1496 2341 siue
1523 2312 1624 2349 non,
1653 2301 1706 2342 ut
1738 2313 1878 2357 aequo

412 2366 556 2409 Marte
595 2365 734 2422 possit
773 2379 906 2408 causa
944 2366 1189 2422 procedere.
1270 2366 1392 2411 Haec
1435 2370 1585 2410 autem
1624 2368 1794 2425 paritas
1833 2372 1879 2413 et
1896 2383 1940 2418 30

410 2436 456 2479 in
478 2434 662 2478 uirtutis
682 2434 840 2477 merito
861 2438 907 2478 et
927 2435 1168 2479 uiuacitate
1189 2436 1368 2493 ingenii,
1381 2436 1551 2480 consilii
1572 2436 1879 2495 profunditate

414 2555 455 2590 17
482 2546 614 2581 auctor
631 2543 670 2579 M
815 2552 858 2587 27
884 2554 907 2579 a
924 2542 1109 2580 iudicibus
1125 2546 1278 2591 oportet
1293 2544 1325 2580 A

461 2650 494 2688 3,
512 2653 534 2686 4
559 2643 673 2678 Actor
687 2669 695 2678 .
714 2669 722 2678 .
741 2668 749 2678 .
767 2653 913 2678 canuam
928 2653 935 2676 :
962 2640 1074 2677 verba
1092 2639 1306 2677 Iustiniani.
1487 2650 1521 2688 7,
1539 2643 1560 2679 8
1585 2644 1682 2679 Reus
1699 2671 1708 2681 .
1730 2669 1739 2680 .
1756 2670 1765 2680 .
1782 2645 1879 2681 relu-

410 2692 604 2726 ctandum:
625 2688 702 2726 fere
721 2689 835 2726 verba
853 2686 1064 2724 Iustiniani.
1166 2698 1203 2725 11
1229 2690 1374 2735 Vterque
1392 2690 1485 2726 etc.:
1505 2702 1537 2726 v,
1552 2692 1754 2727 Authentic.
1767 2691 1876 2728 cxvii.

413 2738 499 2773 coll.
518 2737 566 2773 ix.
586 2736 647 2773 tit.
708 2735 726 2783 ξ
750 2746 763 2773 ι
786 2737 934 2779 (ι-Νου.
956 2734 1075 2771 cxxiv.
1099 2734 1148 2780 1).
1250 2745 1289 2780 17
1318 2738 1418 2780 Quod
1441 2739 1475 2773 ει·
1499 2743 1600 2775 actor
1613 2739 1709 2775 etc.:
1736 2750 1767 2775 v.
1787 2738 1876 2776 cod.

415 2784 547 2821 lustin.
573 2783 610 2820 ii.
643 2745 695 2830 ςὲ.
723 2794 743 2820 2
770 2782 812 2831 ξς
839 2784 920 2820 6-8.
1064 2793 1121 2826 20,
1140 2792 1179 2819 21
1209 2783 1278 2819 Sed
1302 2789 1334 2819 et
1359 2785 1431 2838 ''23³3“
1451 2787 1602 2831 patroni
1618 2788 1710 2823 eta:
1736 2798 1769 2823 v.
1789 2785 1877 2823 Cod.

414 2831 467 2868 iii.
493 2842 519 2868 ι.
544 2841 584 2876 ¹⁴
604 2831 620 2878 §
642 2842 673 2876 ⁴·
834 2839 877 2876 27
904 2831 999 2866 Nam
1016 2842 1075 2866 eae
1092 2833 1186 2867 etc.:
1214 2842 1245 2867 v.
1262 2830 1353 2870 Cod.
1370 2843 1425 2868 ιιι.
1446 2842 1475 2870 ι.
1498 2842 1551 2879 ι3.
1707 2834 1750 2871 28
1776 2835 1880 2881 Ipsos

408 2891 544 2929 quoque
560 2881 752 2916 aduocatos
767 2879 839 2916 etc.
857 2890 864 2914 :
891 2890 921 2915 v.
939 2877 1028 2915 eod.
1049 2877 1089 2915 ii.
1108 2878 1142 2915 6.
1163 2887 1196 2924 7.

522 2959 591 2994 340
