1994 3190
175 197 275 232 cn.
289 184 344 246 v]
657 156 662 162 ’
693 181 1131 228 PomcRATIcvs
1658 191 1742 232 520
1761 193 1790 222 a

289 307 512 348 auctorem
541 317 695 360 parere
725 302 820 346 sibi.
880 301 1174 368 Componitur
1202 303 1322 346 orbis

289 362 406 419 regis
435 362 493 404 ad
523 361 785 417 exemplum,
814 374 894 402 nec
923 359 985 402 sic
1016 360 1239 403 inflectere
1267 374 1422 403 sensus

287 420 504 462 humanos
533 419 677 462 edicta
706 418 859 460 ualent
889 431 1022 473 quam
1053 417 1149 459 uita
1172 419 1385 484 regentis.
1656 420 1686 458 b

287 477 450 520 Mobile
480 479 683 519 mutatur
711 490 884 532 semper
912 489 1013 518 cum
1042 475 1241 532 principe
1270 476 1444 532 uulgus.

132 578 151 613 5
171 551 337 594 Verum
373 551 648 609 singulorum
684 549 920 593 facultates
954 564 1234 606 nequaquam
1270 551 1468 593 omnium
1502 551 1639 608 copiis

169 620 487 677 adaequantur.
536 620 603 663 De
623 620 777 663 loculis
795 619 986 676 propriis
1006 618 1194 675 quilibet
1213 619 1360 669 sumit,
1376 622 1424 662 at
1444 623 1640 676 potestas

170 690 224 733 de
250 705 353 733 arca
382 690 559 747 publica
585 689 657 733 uel
683 689 847 732 cimilio
874 688 1052 740 haurit;
1083 702 1195 744 quae
1215 688 1253 731 si
1275 687 1392 730 forte
1417 688 1639 738 defecerit,

169 759 227 802 ad
275 759 550 817 singulorum
599 758 843 802 recurritur
891 757 1141 800 facultates.
1220 756 1361 813 Atqui
1412 758 1638 814 priuatum

169 843 386 886 quemque
406 829 498 872 suis
524 843 698 872 necesse
724 830 792 871 est
818 842 911 870 esse
937 829 1207 870 contentum.
1267 826 1391 879 Quae
1412 826 1449 869 si
1471 826 1640 869 fuerint

110 913 152 939 10
169 900 421 948 extenuata,
447 898 523 955 qui
553 912 671 941 nunc
700 897 895 954 potentis
925 896 1164 954 appetebat
1193 895 1425 953 fulgorem,
1452 910 1638 952 pauper-

167 969 263 1010 tate
297 967 500 1010 sordidus
538 966 810 1010 confusionis
849 981 954 1009 suae
994 965 1200 1009 tenebras
1238 965 1468 1008 erubescit.
1528 965 1639 1008 Inde

168 1036 304 1079 etiam
325 1036 740 1080 Lacedemoniorum
757 1036 932 1080 decreto
952 1035 1249 1092 potestatibus
1269 1035 1316 1078 in
1336 1049 1420 1077 usu
1440 1035 1638 1092 publico-

168 1119 269 1148 rum
283 1105 498 1148 bonorum
511 1106 703 1162 parcitas
719 1105 887 1149 indicta
901 1108 978 1156 est,
986 1105 1092 1147 dum
1107 1108 1257 1148 tamen
1270 1104 1551 1148 hereditariis
1569 1105 1637 1148 uti

170 1177 215 1218 et
235 1175 306 1218 his
322 1190 434 1232 quae
453 1175 679 1233 pinguiori
699 1174 883 1218 fortuna
898 1174 1124 1225 accedunt,
1136 1174 1358 1218 communi
1379 1174 1475 1217 iure
1495 1174 1639 1218 liceat.

109 1311 150 1348 15
170 1296 275 1355 Cap.
295 1306 336 1352 5.
384 1297 513 1352 Quod
529 1296 794 1355 principem
817 1300 990 1339 castum
1016 1310 1101 1340 esse
1120 1299 1297 1353 oportet,
1317 1299 1356 1339 et
1376 1295 1635 1339 auaritiam
1655 1303 1679 1332 c

784 1355 1023 1398 declinare.

225 1436 400 1480 Adiecit
419 1436 516 1479 lex:
561 1435 666 1480 Non
685 1436 867 1479 habebit
886 1450 1047 1479 uxores
1067 1434 1294 1492 plurimas,
1310 1449 1422 1492 quae
1443 1434 1638 1478 afficiant

166 1506 360 1549 animam
391 1506 496 1549 eius.
555 1505 747 1549 Licitum
777 1506 956 1562 quidem
986 1505 1077 1548 fuit
1106 1504 1370 1561 quandoque
1399 1504 1446 1546 in
1473 1504 1637 1562 populo

167 1574 251 1618 Dei
292 1577 355 1625 ut,
394 1575 705 1632 propagandae
744 1575 906 1618 sobolis
944 1575 1093 1632 gratia
1132 1578 1178 1617 et
1216 1574 1390 1616 fidelem
1422 1574 1636 1631 populum

109 1660 151 1685 20
169 1644 400 1697 dilatandi,
435 1645 583 1701 plures
623 1645 722 1702 quis
761 1645 998 1687 sortiretur
1037 1658 1208 1687 uxores.
1288 1643 1343 1686 In
1384 1644 1636 1700 exemplum

166 1714 369 1758 licentiae
409 1714 543 1757 huius
581 1717 819 1758 occurrunt
857 1714 1147 1772 patriarchae,
1181 1728 1282 1756 cum
1317 1713 1431 1756 Sara
1462 1727 1543 1756 usa
1577 1713 1637 1756 sit

166 1784 262 1828 iure
289 1799 380 1835 suo,
404 1798 584 1841 corpore
615 1784 782 1828 scilicet
808 1784 1026 1834 Abrahae,
1047 1784 1094 1826 in
1118 1787 1247 1826 utero
1273 1783 1429 1834 alieno,
1450 1783 1635 1826 ancillae

165 1854 411 1897 ministerio
426 1854 481 1896 de
495 1854 593 1897 uiro
608 1854 850 1911 suscipiens
865 1854 1007 1896 filium
1023 1853 1267 1897 Ismaelem.
1308 1853 1442 1896 Iacob
1462 1867 1636 1909 quoque

165 1938 364 1967 sororum
385 1924 468 1967 sibi
490 1924 715 1980 duplicato
734 1924 939 1982 coniugio
960 1923 1172 1967 fecundas
1193 1923 1432 1966 earundem
1453 1923 1636 1966 ancillas

103 2012 146 2048 ²5
166 1993 366 2036 adsciuit.
417 1992 557 2050 Atqui
578 2007 703 2050 reges
723 1996 963 2050 perpetuae
982 1992 1294 2050 prohibitionis
1309 1992 1493 2048 laqueus
1512 1994 1637 2035 tenet

166 2064 211 2105 et
241 2077 268 2105 a
301 2062 497 2119 plurium
536 2076 721 2105 uxorem
756 2062 1035 2120 amplexibus
1061 2064 1210 2114 arcet3
1244 2064 1301 2112 et,
1320 2076 1421 2104 cum
1453 2061 1501 2103 in
1536 2061 1637 2103 aliis

163 2128 313 2186 plures
332 2129 465 2171 unius
485 2143 578 2171 esse
598 2129 770 2172 licitum
791 2128 940 2180 fuerit,
963 2130 1009 2171 in
1030 2128 1208 2186 regibus
1228 2131 1443 2185 perpetuo
1462 2128 1636 2185 optinet

165 2200 218 2240 ut
246 2212 337 2240 una
366 2198 498 2240 unius
527 2198 597 2240 sit.
658 2198 889 2255 Numquid
920 2197 1130 2240 fornicari
1160 2197 1232 2240 uel
1268 2197 1511 2240 adulterari
1542 2201 1634 2240 stu·
1652 2196 1680 2236 d

163 2280 350 2324 prumue
390 2267 664 2311 committere
703 2267 807 2310 licet
846 2282 946 2310 cum
986 2266 1200 2324 pluribus,
1240 2281 1340 2310 cum
1380 2281 1460 2310 nec
1498 2267 1657 2310 etiam

105 2356 149 2391 30
165 2336 338 2393 generis
367 2336 692 2392 multiplicandi
723 2351 856 2379 causa
890 2339 970 2379 aut
1005 2336 1265 2393 procreandi
1299 2336 1474 2379 heredis
1503 2336 1636 2380 liceat

165 2404 379 2448 uxoribus
390 2405 645 2448 admisceri?
677 2405 906 2459 Quomodo
921 2409 1077 2463 stupra
1089 2405 1310 2448 adulteria
1322 2408 1401 2448 aut
1414 2406 1635 2462 quaslibet

165 2473 478 2516 fornicationes
506 2475 662 2531 puniet
691 2478 888 2532 potestas
918 2475 1083 2518 eisdem
1112 2475 1311 2518 subiecta
1340 2475 1634 2519 criminibus?

166 2576 187 2613 7
213 2567 327 2603 archa
342 2566 383 2601 M
561 2575 603 2614 15
627 2569 801 2614 oporteat
818 2567 858 2604 M
1038 2578 1082 2614 ²3
1107 2566 1327 2605 ismahelem
1345 2566 1411 2603 BA
1588 2578 1634 2613 24

165 2613 386 2660 dupplicato
404 2611 429 2648 S

215 2702 257 2728 12
282 2692 621 2726 Lacedemoniorum
637 2692 771 2726 decreto
794 2693 888 2728 etc.:
920 2691 998 2735 Quo
1023 2693 1177 2746 auctore
1202 2691 1297 2728 haec
1320 2690 1461 2727 referat
1485 2690 1630 2734 Noster,

163 2738 301 2776 nescio.
401 2746 442 2781 17
460 2739 543 2773 Non
559 2738 697 2773 habebit
714 2739 807 2774 etc.:
834 2738 946 2776 Deut.
961 2738 1048 2775 xvii.
1068 2748 1121 2783 17.
1223 2740 1264 2775 18
1283 2740 1442 2774 Licitum
1460 2740 1555 2775 etc.:
1583 2739 1631 2774 cf.

163 2785 365 2823 Abaelard.
384 2786 485 2830 Epit.
506 2785 623 2838 Τὴεοῑ2
646 2786 774 2822 claust.
793 2797 825 2821 c.
847 2796 888 2830 31
913 2786 986 2830 (ed.
1005 2785 1153 2822 Oousin.
1180 2784 1219 2822 ii.
1241 2798 1278 2831 p.
1299 2787 1394 2831 581).
1586 2796 1628 2823 21

163 2835 260 2871 Sara
278 2835 373 2869 etc.-
366 2860 374 2869 .
401 2844 434 2869 v,
452 2830 545 2868 Gen.
564 2831 637 2868 xvi.
758 2842 802 2878 23
827 2833 933 2869 Iacob
950 2834 1022 2870 etc.
1039 2845 1049 2869 z
1073 2845 1106 2870 v.
1124 2832 1219 2870 Gen.
1236 2844 1322 2869 xxx.
1353 2843 1394 2870 1-
1398 2843 1455 2878 24.

1458 2895 1523 2932 247
