1994 3236
670 181 1083 227 PROLEGOMEN
1084 182 1127 225 A

162 300 307 345 neseio
319 299 433 356 quid
451 312 621 355 semper
631 297 747 342 abest
760 297 839 351 rei,
861 298 988 341 dulce
1006 301 1066 341 est
1090 297 1284 352 desipere
1303 297 1359 340 in
1378 297 1492 350 loco;
1522 312 1634 355 quae

162 369 256 412 sine
271 368 405 411 dubio
419 370 499 410 aut
513 367 632 424 apud
647 369 848 410 auctores
868 366 1131 409 recentiores
1150 366 1288 409 citata
1308 370 1387 409 aut
1407 367 1454 409 in
1474 367 1633 410 florum

161 437 490 481 collectionibus
510 438 718 492 excerpta
735 435 880 492 legere
899 435 1060 491 potuit.
1122 434 1360 477 Horatium
1381 436 1634 492 saepissime

101 529 106 534 ·
164 506 256 562 (sed
275 519 592 561 nonnunquam
613 504 747 546 etiam
763 503 891 560 alios)
906 503 1043 546 tacito
1057 503 1234 546 nomine
1254 503 1450 547 ethicum
1470 508 1612 547 uocat.

220 575 401 618 Hmm
432 574 487 617 de
521 573 760 629 astrologia
786 572 948 615 librum
984 572 1059 628 qui
1094 572 1177 615 sub
1209 572 1386 614 nomine
1422 573 1634 616 Poeticon

162 642 507 688 Astronomicon
525 641 847 692 circumfertur,
867 641 950 684 sub
969 642 1102 684 finem
1123 641 1286 684 Polior.
1308 641 1352 685 ii.
1379 643 1430 683 18
1452 641 1634 684 laudare

161 713 350 764 uidetur,
381 712 458 755 ubi
489 712 577 754 ait:
620 711 797 754 Eorum
829 725 938 754 uero
972 711 1055 767 qui
1088 710 1327 754 scientiam
1356 710 1634 766 profitentur

161 786 402 832 astrorum,
422 779 509 824 alii
528 779 757 837 opinionis
777 794 923 822 errore
936 779 1253 836 prolabuntur
1281 780 1343 823 ad
1356 779 1559 835 fabulae,
1578 780 1633 823 in

162 865 248 908 quo
285 849 634 907 deprehenditur
668 852 708 892 et
753 848 933 905 Iyinus.
1006 848 1214 891 Eiusdem
1255 849 1482 906 scriptoris
1522 848 1634 892 liber

161 919 447 964 Fabularum
466 919 683 962 incertum
704 920 772 960 est
791 932 849 960 an
870 917 1038 975 legerit.
1091 918 1255 960 Eorum
1271 918 1537 961 sententiam
1554 919 1631 975 qui

161 992 241 1033 aut
260 989 377 1032 hunc
397 991 477 1031 aut
497 988 622 1030 illum
639 987 754 1030 Iulio
772 987 956 1045 Hygino
975 987 1138 1031 saeculi
1155 987 1408 1044 Augustani
1425 988 1630 1031 historio-

161 1058 331 1116 grapho
368 1057 636 1107 attribuunt,
666 1056 848 1100 minime
887 1057 1080 1114 probant
1120 1057 1285 1100 Teuffel
1322 1060 1366 1100 et
1403 1057 1630 1108 Schwabe,

163 1127 307 1173 Gesch.
329 1127 410 1171 der
429 1126 559 1170 Ro'm.
581 1126 827 1176 Literatur,
852 1126 921 1170 ed.
948 1128 1057 1180 1890
1078 1128 1101 1182 ς
1125 1127 1221 1171 262.
1294 1127 1459 1170 Iulium
1480 1131 1630 1170 autem

162 1197 394 1254 Hyginum
414 1196 560 1253 ipsum
581 1197 634 1239 de
661 1195 765 1239 Vita
788 1194 1021 1252 Rebusque
1041 1196 1312 1239 Illustrium
1339 1195 1556 1239 Virorum
1583 1197 1630 1239 in

161 1266 324 1310 Policr.
348 1280 388 1308 v.
412 1275 449 1319 7,
469 1265 526 1308 vi.
554 1277 604 1319 19
625 1267 804 1308 auctore
825 1263 967 1308 Gellio
986 1264 1097 1308 citat
1117 1265 1318 1308 Ioannes.

219 1335 431 1379 SENEOAE
448 1334 590 1392 patris
607 1332 946 1378 Controuersias
964 1334 1097 1377 semel
1117 1337 1295 1377 tantum
1315 1334 1443 1386 citat;
1467 1334 1634 1378 scilicet

162 1405 209 1448 in
223 1404 386 1448 Polior.
407 1404 451 1447 ii.
474 1414 524 1459 15
545 1403 625 1448 Est
646 1403 772 1446 enim
796 1404 1049 1455 oraculum,
1069 1407 1123 1447 ut
1142 1403 1212 1446 ait
1232 1404 1438 1460 quidam,
1459 1404 1634 1447 diuina

161 1474 377 1519 uoluntas
406 1487 480 1516 ore
514 1473 711 1516 hominis
741 1473 988 1516 enuntiata
1022 1473 1251 1525 (Controu.
1288 1473 1314 1515 i.
1350 1472 1489 1530 praef.
1522 1475 1544 1530 ᾧ
1576 1477 1634 1529 9).

161 1542 419 1587 Notandum
440 1544 507 1586 est
527 1542 609 1586 hoc
628 1542 797 1585 dictum
817 1556 906 1586 non
928 1542 1136 1586 exhibere
1157 1545 1366 1599 excerpta
1394 1541 1449 1585 de
1471 1542 1632 1599 quibus

162 1611 370 1656 disseruit
392 1611 618 1668 Kiessling
636 1626 677 1668 p.
701 1611 810 1654 viiii.

219 1683 394 1726 LIVIVM
418 1682 564 1739 ipsum
594 1681 784 1724 Ioannes
814 1696 902 1724 non
930 1680 1062 1738 legin
1107 1681 1301 1738 epitoma
1330 1695 1358 1724 a
1378 1680 1427 1724 L.
1448 1681 1632 1724 Annaeo

163 1752 292 1796 Floro
326 1751 447 1796 facta
477 1751 549 1806 (de
585 1766 674 1808 qua
702 1751 805 1794 uide
839 1750 976 1809 infra)
1007 1752 1168 1808 passim
1200 1766 1306 1794 usus
1336 1755 1426 1804 est;
1466 1766 1545 1796 nec
1575 1752 1632 1795 ab

162 1836 213 1866 eo
241 1823 417 1864 tantum
446 1821 523 1864 sed
553 1821 700 1872 etiam,
732 1824 784 1864 ut
812 1823 938 1878 patet
967 1835 1023 1864 ex
1053 1820 1218 1864 Polior.
1251 1821 1311 1864 vi.
1347 1823 1411 1872 16,
1440 1822 1498 1864 ab
1532 1822 1632 1865 aliis

162 1890 508 1943 breuiatoribus;
536 1890 593 1934 cf.
610 1891 974 1934 commentarium
994 1893 1195 1934 nostrum
1211 1890 1268 1933 ad
1289 1890 1350 1933 iii.
1370 1904 1433 1941 10,
1446 1891 1540 1934 viii.
1566 1892 1630 1935 18.

163 1959 280 2004 Liuii
292 1961 430 2017 ipsius
450 1960 518 2003 bis
530 1960 798 2003 mentionem
815 1959 925 2004 facit
932 1974 942 2012 ;
972 1960 1138 2003 scilicet
1154 1960 1198 2002 in
1221 1960 1384 2004 Polier.
1401 1961 1462 2004 iii.
1485 1974 1537 2003 10
1549 1962 1630 2004 ait:

163 2029 367 2084 Qualiter
400 2029 444 2073 ei
477 2029 721 2074 Hannibal
756 2029 936 2080 cesserit,
972 2033 1011 2073 et
1047 2030 1344 2086 manifestam
1383 2031 1630 2074 uictoriam

162 2102 270 2142 nota
292 2098 348 2142 in
370 2098 526 2155 puppi
548 2098 784 2154 praetoria
804 2098 971 2142 laurus
992 2098 1292 2154 polliceretur,
1313 2099 1504 2155 scriptor
1531 2099 1632 2144 belli

163 2168 337 2213 Punici
362 2167 492 2212 Titus
520 2168 690 2212 Liuius
718 2169 878 2225 refert3
930 2171 975 2211 et
1005 2168 1052 2210 in
1077 2168 1241 2212 Policr.
1268 2169 1360 2212 viii.
1392 2171 1442 2211 18
1471 2169 1632 2214 Titum

163 2236 360 2282 Liuium
379 2238 496 2281 inter
515 2237 624 2281 alios
644 2237 875 2281 historicos
894 2240 1220 2282 commemorat.

222 2306 386 2350 Ovmn
424 2307 621 2360 Amores,
657 2307 818 2350 Artem
853 2307 1160 2359 Amatoriam,
1195 2308 1363 2359 Fastos,
1398 2309 1626 2362 Heroides,

164 2374 536 2433 Metamorphoses,
580 2374 809 2433 Epistolas
857 2389 910 2419 ex
957 2375 1115 2428 Ponto,
1164 2376 1381 2420 Remedia
1430 2378 1631 2431 Amoris,

167 2443 338 2488 Tristia
357 2445 478 2488 citat.

222 2513 433 2558 VALERIO
450 2515 647 2559 MAXIMO
663 2516 827 2572 passim
842 2530 949 2560 usus
969 2519 1050 2560 est.
1111 2516 1351 2574 Exemplar
1362 2519 1629 2562 testamento

167 2582 368 2626 ecclesiae
389 2583 651 2627 Carnotensi
674 2584 854 2642 legauit.

225 2651 387 2695 STA'rn
408 2652 664 2695 Achilleida
684 2654 828 2704 semel,
850 2653 1072 2698 Thebaida
1091 2667 1220 2710 saepe
1241 2654 1364 2699 citat.

225 2718 365 2763 013le
385 2720 440 2764 de
466 2720 695 2764 Medicina
714 2722 878 2765 librum
903 2723 1037 2766 semel
1056 2723 1192 2775 citat3
1226 2723 1274 2766 in
1296 2724 1458 2768 Polior.
1488 2725 1546 2768 vi.
1577 2739 1628 2781 19

167 2803 267 2832 cum
282 2789 347 2832 ait
365 2790 480 2846 leyat
499 2795 538 2834 et
550 2790 636 2834 illa
648 2805 763 2847 quae
781 2791 1016 2836 Cornelius
1030 2793 1179 2837 Celsus
1193 2796 1274 2837 etc.
1294 2794 1482 2850 posteris
1495 2809 1630 2850 prae-

168 2857 401 2903 scribenda
414 2859 662 2912 duoeerunt,
675 2860 812 2904 uerba
831 2860 1007 2919 vegetii
1018 2862 1072 2906 de
1090 2875 1138 2905 re
1156 2861 1359 2906 militari
1378 2864 1408 2906 i.
1430 2866 1454 2905 8
1477 2862 1627 2907 refert.

1400 2946 1514 2974 xxm
