1994 3190
170 223 269 256 cAP.
284 209 355 271 Π]
694 208 1131 254 POLICRATICVS
1652 223 1738 264 39²
1756 214 1786 254 d

169 331 415 376 conformes
434 330 482 372 in
501 343 608 373 usus
627 329 848 386 quoslibet
866 328 1220 374 transformaret.
1278 330 1457 374 Graecis
1484 331 1634 388 itaque

169 400 405 458 propinata
438 401 544 442 sunt
578 400 806 455 suspectae
836 412 1009 441 uenena
1042 398 1311 456 uoluptatis;
1346 401 1422 443 sed
1455 415 1506 443 ea
1534 415 1635 444 cum
1655 410 1738 451 393
1756 411 1787 440 a

169 469 362 527 prudens
392 470 616 526 gustasset
650 467 844 522 Ithacus,
875 467 1021 510 noluit
1055 467 1217 523 bibere,
1249 483 1305 511 ne
1339 470 1423 511 sub
1457 470 1637 513 domina

163 533 397 583 *meretrice
425 536 570 593 turpis
599 539 645 580 et
673 550 827 580 excors
855 536 1007 579 uiuere
1036 539 1278 594 cogeretur.
1338 538 1502 581 Verum
1534 540 1638 595 quia

131 621 152 657 5
169 606 387 665 sapientia
414 620 563 649 rerum
590 606 788 649 omnium
814 606 943 649 nouit
968 620 1111 666 usum,
1131 606 1330 663 prouidit
1355 607 1428 648 uir
1454 608 1638 650 circum-

169 679 356 735 spectus,
396 676 536 719 finitis
575 675 799 718 laboribus
839 678 885 719 et
923 675 1158 731 erroribus,
1195 690 1296 719 cum
1337 690 1438 719 eum
1478 678 1638 733 pudica

169 745 396 803 Penelope,
423 747 469 789 et
497 745 680 788 affectus
707 744 987 790 Thelemachi
1014 759 1103 788 non
1130 748 1387 802 agnosceret
1413 751 1637 788 reuerten-

168 818 272 871 tem,
284 814 503 872 quomodo
518 814 711 872 dampna
722 815 951 870 sociorum,
966 829 1077 872 quos
1088 815 1205 857 tanti
1218 815 1342 857 exilii
1357 814 1638 871 dispendium

170 884 349 940 tulerat,
389 884 597 928 Graeciae
636 887 951 941 compensaret.
1024 884 1302 927 Admiranda
1341 882 1490 927 fuerat
1530 884 1639 927 fides

110 969 155 997 ιο
172 955 306 1010 canis,
327 954 398 998 cui
425 953 507 998 soli
534 954 581 996 in
608 957 737 997 tanta
763 953 937 997 familia
966 968 1046 997 nec
1072 954 1237 1011 uiginti
1262 968 1480 996 annorum
1500 954 1638 996 curri·

170 1023 271 1069 cula
298 1024 555 1067 memoriam
585 1023 765 1079 domini,
786 1024 894 1080 quin
926 1023 1131 1067 redeunti
1159 1023 1462 1081 applauderet,
1489 1023 1638 1066 abstu-

171 1092 331 1149 lenmt,
351 1093 437 1136 nisi
457 1093 511 1136 de
531 1093 661 1137 laude
681 1093 776 1136 eius
795 1093 978 1138 canibus
998 1095 1261 1136 uenator-um
1281 1093 1429 1150 gratia
1453 1092 1641 1136 ulterius

170 1162 418 1208 resultaret.
478 1162 595 1206 Noui
626 1165 776 1206 tamen
803 1163 941 1206 studii
965 1162 1306 1206 Thelemachum
1333 1177 1463 1205 suum
1488 1162 1640 1205 uiuere

171 1232 394 1290 praecepit
432 1235 671 1289 expertem,
711 1232 799 1275 illis
843 1232 948 1275 solis
991 1232 1141 1276 dicens
1185 1231 1322 1275 allata
1366 1246 1457 1274 esse
1498 1246 1639 1275 nouae

114 1315 156 1351 ¹⁵
172 1301 417 1359 uoluptatis
455 1301 626 1357 solatia,
670 1302 748 1358 qui
790 1302 964 1345 amissis
1012 1302 1271 1359 parentibus
1311 1295 1491 1345 Troiani
1535 1300 1639 1343 belli
1655 1305 1684 1342 b

173 1371 365 1429 dampna
385 1371 613 1416 sentirent.
672 1371 800 1414 Vnde
826 1375 872 1415 et
898 1374 1040 1414 artem
1067 1370 1389 1414 infructuosam
1417 1385 1509 1413 esse
1539 1385 1639 1413 con·

172 1440 269 1496 icio,
299 1455 432 1498 quam
464 1440 521 1484 ab
555 1441 686 1485 unico
717 1441 809 1486 filio
843 1443 999 1484 tantus
1030 1440 1103 1484 uir
1141 1440 1316 1484 studuit
1355 1444 1643 1497 sequestrare.

175 1509 304 1564 Quod
338 1510 410 1553 uel
441 1525 498 1553 ex
535 1525 586 1554 eo
621 1525 793 1554 mecum
822 1511 1021 1565 conicies‚
1053 1510 1170 1568 quod
1200 1510 1394 1553 deterior
1428 1524 1560 1552 sexus
1595 1510 1643 1552 in

175 1579 328 1624 auium
366 1580 603 1624 uenatione
646 1580 793 1638 potior
833 1584 912 1624 est.
993 1581 1049 1623 In
1089 1595 1176 1637 quo
1219 1583 1396 1636 poteras
1435 1583 1642 1622 naturam

115 1666 162 1694 ιο
177 1663 373 1706 arguere,
402 1650 488 1692 nisi
518 1664 668 1693 nosses
699 1650 805 1707 quia
835 1650 1056 1694 deteriora
1090 1664 1263 1707 semper
1296 1649 1504 1706 proniora
1538 1652 1645 1692 sunt

177 1718 235 1762 ad
263 1719 477 1776 rapinam.
536 1719 690 1764 Inanis
713 1720 878 1763 etenim
904 1723 972 1764 est
998 1723 1044 1764 et
1073 1719 1311 1763 admodum
1339 1719 1570 1772 laboriosa,
1598 1722 1644 1762 et

177 1801 290 1846 quae
324 1788 517 1846 dampna
547 1793 820 1847 sumptuum,
854 1779 1097 1847 nu'mquam
1131 1803 1409 1833 successuum
1445 1788 1642 1831 utilitate

175 1861 438 1915 compenset.
507 1858 631 1903 Licet
666 1860 847 1917 plurimi
882 1859 1164 1903 uenationem
1195 1861 1441 1912 exerceant,
1474 1862 1526 1900 ut
1560 1858 1644 1900 sub

177 1940 228 1970 eo
247 1930 482 1991 praetextu
502 1932 706 1987 sumptus
726 1928 895 1973 faciant
913 1929 1144 1986 parciores,
1159 1928 1278 1971 domi
1296 1927 1452 1982 rariuS,
1468 1927 1644 1984 saepius

119 2010 161 2046 ⁸5
177 1995 225 2039 in
257 2012 409 2042 mensa
439 1999 595 2055 aliena,
630 1999 963 2043 multitudinem
999 2000 1160 2053 uitant,
1190 1998 1297 2041 dum
1332 1998 1468 2040 siluas
1503 1997 1644 2040 saltus

179 2064 383 2124 lacusque
406 2068 692 2125 circumeunt,
712 2069 872 2126 pannis
892 2069 1039 2112 induti
1061 2067 1304 2118 uilioribus,
1325 2066 1644 2124 frugalioribus

178 2136 373 2180 contenti
411 2137 532 2192 cibis,
572 2138 678 2180 dum
718 2141 940 2182 consortes
980 2141 1025 2181 et
1065 2137 1266 2188 famulos,
1302 2151 1411 2193 quos
1451 2140 1645 2179 macerat

179 2203 441 2248 ieiuniorum
468 2206 627 2262 inedia,
648 2210 693 2251 et
718 2211 942 2251 tormenta
966 2207 1186 2250 nuditatis
1213 2206 1428 2262 affligunt,
1449 2220 1644 2262 quosque
1663 2224 1689 2253 c

179 2272 303 2317 labor
321 2274 636 2320 immoderatus
660 2277 880 2328 exhaurit,
896 2276 1141 2334 uoluptatis
1160 2278 1241 2319 aut
1259 2275 1409 2334 potius
1429 2275 1645 2318 uanitatis

183 2426 204 2454 2
227 2427 377 2454 uenena
393 2420 564 2465 suspecte
580 2418 614 2455 Δ
810 2430 831 2474 3
858 2419 1008 2456 itachus
1025 2418 1147 2455 CBAS
1198 2465 1206 2472 —
1347 2428 1367 2459 7
1393 2417 1594 2454 thelemaci
1613 2418 1645 2452 A

182 2464 204 2500 8
228 2463 368 2501 damna
385 2464 409 2500 S
582 2476 621 2503 11
649 2466 875 2503 abstulerint
891 2466 931 2502 M
1106 2477 1147 2503 12
1173 2477 1253 2503 eius
1269 2466 1381 2502 laude
1400 2466 1439 2501 M
1603 2475 1645 2509 13

180 2509 434 2548 thelemacum
458 2512 489 2548 A
634 2516 677 2551 16
701 2514 842 2550 damna
869 2513 893 2549 S
1037 2524 1077 2549 21
1101 2519 1183 2560 post
1212 2513 1399 2550 laboriosa
1421 2515 1523 2548 addit
1548 2515 1589 2547 in
1614 2512 1648 2546 A

182 2569 298 2604 mary.
314 2571 445 2597 manus
466 2562 638 2597 recentior
654 2561 791 2607 rapina
811 2562 918 2609 (quod
940 2566 972 2596 et
994 2562 1097 2597 habet
1121 2563 1204 2598 edit.
1223 2562 1361 2608 princ.)
1389 2562 1429 2596 in
1449 2561 1486 2596 S.
1526 2566 1647 2595 autem

183 2615 212 2640 s.
228 2605 381 2643 uenatio
522 2618 567 2644 22
593 2608 733 2645 damna
749 2608 774 2645 S

234 2745 268 2780 2,
283 2746 306 2792 3
331 2748 410 2793 qum
430 2741 594 2783 prudens
614 2744 787 2784 gustasset
809 2740 902 2776 eta:
933 2738 981 2776 cf.
1007 2739 1147 2793 Mtatth.
1171 2737 1284 2775 xxvii.
1307 2748 1353 2791 34
1375 2750 1456 2773 cum
1472 2743 1647 2782 questasset

173 2783 560 2875 .'1“5'²²{¹²9.²'²²'{='Z‡u12„3
575 2788 878 2870 iffi‘ffi'ss‘ffl?
881 2785 1325 2880 ·.{:·..{{‘¹1¹1¹3‡}¹·1⁰.5.{¹¹}2{‚f²
1328 2787 1431 2878 ‘3⁵2³‘
1441 2784 1497 2821 Sp
1512 2784 1648 2830 Μ’)

250 2917 331 2936 wass
905 2910 931 2937 E
1501 2913 1516 2935 2
1524 2912 1540 2944 5
