1994 3190
109 214 209 249 οΔΡ.
224 200 294 262 1v]
632 199 1068 246 POLICRATIOVS
1589 200 1666 249 481
1686 210 1715 240 a

109 318 175 362 illi
209 318 285 375 qui
324 332 414 361 non
445 318 694 375 reprimunt
732 318 1141 375 concupiscentiam,
1170 318 1386 362 malorum
1417 319 1571 376 utique

108 387 277 430 fontem
298 390 344 430 et
363 387 575 439 fomitem,
595 389 873 446 dispendium
901 388 1058 431 salutis
1085 388 1331 440 incurrunt,
1353 389 1458 444 quid
1487 388 1572 431 erit
1589 387 1618 425 b

107 456 197 500 illis
227 457 304 514 qui
339 472 435 500 eam
470 462 794 502 assentatorum
830 458 1109 501 inflammant
1141 458 1334 500 stimulis
1366 462 1411 501 et
1446 458 1573 515 quasi

109 525 307 570 fomenta
345 527 558 571 uitiorum
593 528 871 572 accendunt‘i
942 527 1060 579 Quid
1101 526 1266 569 facient
1306 530 1386 570 aut
1424 528 1573 584 potius

4 641 8 644 ,
69 610 88 644 5
107 595 215 652 quid
234 597 473 654 patientur,
494 598 570 654 qui
591 612 619 640 a
638 598 828 640 ueritate
845 597 1057 640 auertunt
1071 596 1287 646 auditum,
1304 597 1350 638 in
1367 597 1571 638 ammira·

102 665 229 709 tione
249 681 396 709 rerum
417 667 770 724 corruptibilium
791 669 837 709 et
856 665 1232 722 corrumpentium
1253 680 1341 708 non
1358 665 1572 708 claudunt

108 734 266 787 oculos,
287 749 445 778 manus
471 736 745 792 expandunt,
765 738 810 779 et
834 735 1030 778 omnium
1052 748 1258 777 sensuum
1285 734 1572 777 uiuacitatem

108 805 343 848 exercent?
413 805 583 848 Deinde
623 806 748 863 quasi
789 805 877 848 diei
917 819 1006 849 non
1042 804 1231 847 sufficiat
1271 804 1442 847 malitia
1481 819 1572 855 sua,

107 871 286 917 fallacia
323 875 457 918 unius
495 875 679 918 alterius
719 874 941 918 fallaciam
981 874 1138 917 trudit.
1215 873 1480 916 Terentiano
1515 873 1574 915 si-

50 957 92 984 ιο
109 942 286 999 quidem
336 944 472 987 uerbo
520 944 731 988 libentius
780 947 894 994 utor,
934 944 1041 987 dum
1089 943 1147 986 ad
1196 942 1573 1000 concupiscentiae

108 1010 332 1056 fornacem
352 1014 702 1057 succendendum
723 1014 994 1057 conueniunt
1015 1013 1267 1056 adulatores
1291 1015 1337 1054 et
1364 1011 1574 1054 relatores

107 1079 324 1125 delatores
345 1085 390 1125 et
409 1083 678 1127 detractores
698 1083 841 1126 inuidi
862 1083 1085 1126 ambitiosi
1106 1082 1211 1125 elati
1228 1081 1403 1124 factiosi
1424 1095 1574 1137 super-

107 1150 270 1194 stitiosi
309 1151 519 1208 flagitiosi
559 1152 887 1209 officiorumque
934 1152 1132 1195 omnium
1178 1150 1576 1208 praeuaricatores;

110 1233 231 1276 quos,
253 1221 359 1277 quia
379 1220 472 1264 fere
498 1222 663 1278 ubique
693 1224 913 1265 terrarum
941 1225 1058 1272 sunt,
1079 1221 1254 1264 facilius
1284 1223 1352 1263 est
1375 1219 1576 1262 inuenire

51 1301 92 1336 15
109 1302 242 1346 quam
265 1289 557 1334 dinumerare.
614 1291 842 1334 Aduersus
872 1291 1124 1334 huiusmodi
1153 1294 1220 1333 est
1248 1289 1391 1332 omnis
1420 1289 1504 1341 lex,
1527 1289 1574 1331 in
1593 1297 1617 1326 c

108 1357 189 1401 hos
214 1359 362 1402 omnia
391 1359 490 1402 iura
512 1361 757 1412 coniurant,
782 1365 827 1404 et
857 1361 904 1404 in
934 1361 1109 1404 eosdem
1139 1359 1265 1416 quasi
1296 1359 1342 1401 in
1373 1358 1574 1415 publicae

109 1427 265 1471 salutis
284 1428 432 1472 hostes
453 1430 716 1487 quandoque
736 1431 879 1474 omnis
899 1430 1147 1473 armabitur
1165 1432 1381 1472 creatura.

153 1568 259 1628 Cap.
279 1583 319 1623 4.
362 1570 485 1625 Quid
515 1573 744 1624 adulator,
773 1578 1032 1624 assentator,
1063 1577 1102 1616 et
1127 1573 1268 1630 palpo
1281 1591 1300 1623 ,-
1342 1575 1381 1616 et
1411 1572 1531 1628 quod

551 1642 614 1686 eis
643 1640 789 1687 ‘nichil
812 1643 1133 1700 perniciosius.

51 1741 94 1766 ²0
169 1732 389 1776 Adulator
426 1734 543 1777 enim
583 1735 726 1778 omnis
765 1736 949 1779 uirtutis
988 1735 1193 1778 inimicus
1240 1737 1332 1784 est,-
1357 1738 1402 1777 et
1447 1734 1573 1790 quasi

113 1800 287 1845 clauum
318 1802 418 1859 figit
451 1803 498 1846 in
530 1803 656 1847 oculo
690 1804 810 1847 illius
839 1819 939 1848 cum
975 1818 1064 1861 quo
1094 1818 1339 1847 sermonem
1370 1804 1573 1852 conserit,

111 1884 247 1928 eoque
275 1872 417 1929 magis
447 1873 669 1916 cauendus
700 1877 778 1924 est,
799 1889 886 1930 quo
916 1874 999 1916 sub
1028 1873 1221 1916 amantis
1250 1872 1392 1930 specie
1420 1886 1574 1914 nocere

110 1953 199 1983 non
229 1940 402 1992 desinit,
432 1941 569 1985 donec
601 1942 786 1986 rationis
816 1943 1036 1986 obtundat
1066 1957 1249 1986 acumen
1279 1945 1325 1985 et
1354 1941 1574 1984 modicum

111 2008 158 2052 id
191 2009 382 2061 luminis,
417 2012 534 2067 quod
570 2012 721 2055 adesse
761 2012 1008 2062 uidebatur,
1049 2012 1295 2069 extinguat.
1355 2011 1427 2053 Ad
1468 2011 1574 2053 haec

52 2083 94 2120 ’ὅ
111 2077 363 2121 auditorum
402 2094 530 2123 aures
572 2081 754 2124 obturat
792 2096 848 2123 ne
887 2081 1073 2123 audiant
1112 2095 1291 2132 uerum3
1341 2095 1428 2137 quo
1467 2079 1575 2136 quid

110 2147 250 2203 possit
283 2162 376 2191 esse
409 2150 709 2206 perniciosius,
743 2165 832 2192 non
872 2149 1002 2193 facile
1037 2150 1239 2193 dixerim.
1300 2149 1471 2193 Scitum
1508 2152 1576 2191 est

111 2214 222 2258 illud
242 2215 354 2259 Lelii
373 2220 453 2260 aut
478 2219 626 2275 potius
657 2218 906 2263 Ciceronis:
938 2219 1076 2262 Cuius
1106 2234 1235 2262 aures
1264 2219 1437 2262 clausae
1468 2222 1574 2261 sunt

111 2284 291 2328 ueritati
311 2288 364 2329 ut
382 2301 538 2329 uerum
562 2288 715 2331 audire
742 2303 830 2331 non
861 2289 1011 2345 possit,
1032 2289 1126 2331 eius
1152 2289 1272 2332 salus
1300 2288 1574 2345 desperanda
1590 2288 1619 2328 d

112 2358 192 2397 est.
252 2354 370 2408 Quid
399 2370 505 2400 uero
532 2357 754 2401 infidelius
779 2350 846 2401 est
874 2372 1006 2415 quam
1034 2373 1134 2401 eum
1162 2358 1232 2402 cui
1257 2358 1389 2400 fidem
1415 2358 1574 2400 debeas

53 2432 96 2466 30
111 2421 426 2466 circumuenire
457 2425 693 2470 uerborum
723 2427 952 2470 blanditiis
983 2427 1176 2470 ludibrio
1206 2427 1387 2470 habitus
1422 2430 1574 2484 gestus

113 2549 132 2588 5
159 2540 405 2580 admiratione
424 2542 490 2579 SM
614 2556 656 2582 12
675 2551 758 2592 post
774 2545 926 2583 factiosi
942 2548 1026 2582 add.
1046 2548 1084 2583 et
1101 2546 1140 2582 M
1262 2556 1304 2592 13
1331 2545 1575 2591 omniumque

113 2587 318 2624 officiorum
335 2589 375 2624 M

161 2697 182 2732 8
207 2698 281 2732 diei-
296 2699 366 2734 etc.
381 2711 390 2734 :
415 2711 447 2735 v.
465 2699 575 2736 Matt.
593 2700 639 2736 vi.
657 2711 712 2746 34.
878 2703 1071 2747 9fallacv'a
1088 2703 1181 2738 etc.:
1208 2714 1240 2737 v.
1258 2701 1338 2738 Ter.
1356 2703 1454 2737 And.
1474 2701 1520 2736 iv.
1535 2711 1571 2744 ·4.

112 2753 170 2788 40.
269 2746 483 2782 Terentiano
500 2748 570 2783 etc.
586 2759 594 2784 :
621 2759 654 2782 v.
672 2746 747 2784 Cic.
764 2750 807 2783 de
823 2750 967 2784 Amica.
986 2749 1083 2785 xxiv.
1099 2749 1116 2795 ξ
1136 2751 1192 2795 89.
1337 2759 1376 2785 21
1400 2751 1544 2784 clauum
1562 2759 1571 2783 τ

113 2802 147 2827 v.
163 2789 255 2826 Cels.
274 2793 367 2828 Med.
385 2792 445 2828 vii.
464 2802 484 2836 7
503 2793 520 2839 §
545 2804 585 2829 12
611 2796 708 2830 claui
731 2801 910 2831 uocantur
931 2798 1064 2832 callosa
1089 2798 1129 2832 in
1154 2798 1232 2832 albo
1256 2797 1350 2832 ocula·
1374 2798 1570 2831 tubercula.

113 2846 158 2882 27
187 2838 300 2874 Cuius
317 2840 411 2876 etc.:
436 2839 512 2877 Cic.
530 2842 572 2876 de
589 2843 734 2878 Amicit.
753 2842 849 2878 xxiv.
871 2842 888 2889 ξ
909 2854 964 2889 90.

169 2908 250 2927 ”¹⁸⁸
799 2914 830 2941 Δ
849 2913 873 2940 a
1401 2916 1462 2951 177
