1994 3190
221 181 298 219 441
317 181 343 211 c
687 165 948 211 IOANNIS
988 162 1502 209 SARESBERIENSIS
1629 162 1636 165 “
1655 160 1766 222 [LIB.
1782 158 1823 206 Π

442 287 760 331 Deucalioneos
789 285 979 330 fudisset
1007 285 1232 342 Aquarius
1261 285 1435 335 imbres,

442 350 626 402 totaque
656 345 816 388 diffuso
845 344 1049 387 latuisset
1078 344 1126 386 in
1155 358 1344 400 aequore
1374 343 1519 386 tellus.

443 404 494 447 Si
524 418 679 446 seuum
707 403 844 446 radiis
875 403 1158 454 Nemeaeum,
1189 402 1346 452 Phebe,
1377 401 1568 444 Leonem

441 476 560 505 nunc
589 476 820 519 premeres,
850 463 945 504 toto
973 461 1163 503 fluerent
1191 459 1395 503 incendia
1423 459 1600 509 mundo,

443 534 762 576 succensusque
790 519 882 562 tuis
910 519 1142 576 flagrasset
1171 517 1374 561 curribus
1403 517 1540 560 ether.
1841 534 1859 568 5

442 578 522 621 Hii
552 581 725 622 cessant
753 577 903 635 ignes;
946 580 999 619 tu
1029 577 1106 633 qui
1134 577 1352 633 flagrante
1380 575 1596 618 minacem

443 636 656 693 Scorpion
686 635 884 678 incendis
913 635 1064 685 cauda,
1096 633 1342 690 Chelasque
1371 633 1556 690 peruris,

442 694 550 751 quid
579 697 769 745 tantum,
798 693 1005 744 Gradiue,
1035 693 1196 750 paras?
1255 692 1373 734 Nam
1403 691 1526 734 mitis
1555 691 1603 733 in
1633 690 1725 734 alto

441 752 615 809 Iupiter
644 766 800 795 occasu
828 751 1056 808 premitur,
1086 750 1357 806 Venerisque
1387 749 1563 792 salubre

442 811 564 854 sidus
594 810 736 860 hebet,
766 813 977 866 motuque
1006 809 1120 852 celer
1149 807 1396 852 Cillennius
1425 808 1562 859 heret,
1842 819 1884 843 10

442 871 488 912 et
516 868 658 912 celum
688 869 810 910 Mars
839 868 957 910 solus
986 867 1133 909 habet.
1192 865 1285 910 Cur
1313 865 1441 922 signa
1470 869 1643 908 meatus

442 927 672 969 deseruere
702 940 815 976 suos,
844 925 1097 981 mundoque
1126 924 1312 967 obscura
1341 923 1579 967 feruntur?

310 984 339 1023 d
443 984 637 1027 Ensiferi
669 984 856 1026 nimium
886 983 1032 1040 fulget
1061 983 1179 1025 latus
1209 981 1398 1025 Orionis.

442 1043 653 1086 Imminet
683 1056 906 1085 armorum
935 1041 1092 1091 rabies,
1122 1039 1316 1097 ferrique
1346 1041 1542 1097 potestas

440 1100 684 1144 confundet
713 1100 782 1142 ius
812 1114 941 1142 omne
969 1113 1132 1151 manu;
1176 1098 1414 1155 scelerique
1442 1097 1637 1140 nefando
1841 1110 1881 1145 15

438 1173 599 1202 nomen
629 1159 715 1202 erit
743 1158 901 1209 uirtus,
930 1157 1180 1214 multosque
1210 1156 1352 1200 exibit
1381 1156 1429 1199 in
1459 1170 1608 1199 annos.

412 1249 522 1293 Ecce
562 1264 618 1292 ex
664 1249 880 1306 qualitate
926 1248 1206 1306 planetarum
1251 1250 1296 1291 et
1338 1247 1555 1305 positione
1595 1248 1822 1306 signorum

353 1322 399 1362 et
431 1334 645 1363 concursu
679 1333 912 1362 causarum
942 1332 1075 1375 quam
1109 1316 1374 1361 manifestus
1407 1317 1511 1361 belli
1551 1317 1824 1361 ineuitabilis

352 1391 564 1446 sequatur
593 1391 790 1431 euentus.
851 1388 947 1431 Hoc
975 1387 1139 1430 etenim
1165 1387 1223 1430 ad
1242 1387 1354 1430 artis
1377 1387 1662 1431 traditionem
1683 1386 1820 1444 pluri—

351 1473 474 1500 mum
503 1460 684 1515 spectat,
714 1459 766 1500 ut
795 1456 850 1499 de
879 1456 1074 1499 naturali
1104 1456 1176 1500 uel
1206 1456 1370 1499 casuali
1399 1458 1571 1500 constet
1601 1456 1822 1500 domicilio
1841 1474 1883 1498 ιο

352 1527 643 1584 planetarum.
715 1526 880 1569 Omnes
917 1525 1135 1582 siquidem
1174 1527 1351 1582 praeter
1396 1525 1532 1568 solem
1581 1527 1627 1568 et
1669 1525 1822 1568 lunam

352 1596 428 1653 qui
459 1596 541 1639 soli
571 1596 758 1654 singulis
788 1595 984 1640 contenti
1015 1597 1131 1647 sunt,
1152 1595 1323 1638 duobus
1353 1595 1586 1639 domiciliis
1614 1595 1823 1652 gaudent,

351 1665 547 1708 naturali
582 1665 748 1708 scilicet
780 1667 825 1708 et
859 1664 1133 1708 accidentali.
1208 1663 1427 1708 Naturale
1457 1664 1635 1721 quidem
1664 1665 1823 1722 cuique

354 1734 623 1778 domicilium
651 1736 730 1785 est,
750 1734 797 1776 in
825 1748 912 1791 quo
940 1734 1125 1791 quisque
1154 1734 1390 1777 creationis
1419 1749 1525 1778 suae
1554 1735 1822 1793 principium

207 1823 289 1862 442
309 1822 338 1851 a
355 1804 524 1854 habuit,
543 1804 580 1847 si
602 1807 751 1847 tamen
781 1803 1045 1862 genethliaci
1077 1804 1360 1847 consentiunt
1379 1818 1451 1847 eos
1471 1819 1498 1847 a
1518 1805 1709 1848 Domino
1729 1818 1822 1848 esse
1841 1817 1883 1853 25

353 1875 535 1917 creatos.
614 1873 764 1916 Lunae
799 1873 939 1930 igitur
967 1872 1239 1916 domicilium
1270 1872 1439 1917 Cancer
1468 1876 1546 1925 est,
1576 1874 1664 1917 Leo
1695 1873 1822 1924 Solis,

354 1942 560 1986 Mercurii
588 1941 738 1999 Virgo,
764 1941 898 1984 Libra
925 1942 1120 1993 Veneris,
1149 1942 1330 1999 Scorpio
1361 1942 1530 1994 Martis,
1552 1942 1823 2001 Sagittarius

353 2010 486 2062 Iouis,
506 2010 689 2053 Saturni
722 2009 1027 2067 Capricornus,
1049 2013 1094 2054 et
1123 2011 1205 2054 hoc
1235 2011 1512 2055 naturaliter.
1573 2011 1823 2056 Casualiter

352 2095 459 2124 uero
499 2079 694 2123 Saturno
732 2080 850 2123 cedit
888 2079 1124 2137 Aquarius,
1165 2080 1308 2124 Pisces
1354 2080 1464 2132 Ioui,
1504 2081 1633 2125 Aries
1673 2081 1821 2132 Marti,

352 2149 514 2193 Veneri
542 2149 726 2199 Tamna
752 2149 798 2191 in
827 2149 1033 2192 Mercurii
1064 2151 1227 2193 sortem
1255 2149 1430 2193 Gemini
1460 2151 1634 2195 cedunt.
1695 2151 1822 2195 Luna
1840 2171 1883 2204 30

351 2233 458 2262 uero
489 2217 718 2262 commoda
752 2220 830 2268 est,
866 2232 998 2275 quam
1039 2233 1138 2262 cum
1179 2218 1279 2262 aliis
1318 2218 1469 2270 stellis,
1505 2220 1714 2278 quicquid
1754 2221 1821 2264 illi

350 2288 563 2346 garriant,
593 2287 762 2331 creauit
793 2287 912 2331 Deus
942 2291 994 2330 ut
1023 2291 1244 2345 praeesset
1273 2289 1403 2334 nocti.
1470 2289 1587 2343 Quid
1619 2290 1735 2333 enim
1767 2291 1821 2335 de

352 2356 443 2399 sole
463 2356 618 2407 dicam,
639 2356 714 2413 qui
741 2356 833 2399 dux
855 2359 900 2399 et
929 2357 1132 2414 princeps
1159 2360 1227 2400 est
1253 2360 1299 2400 et
1325 2358 1575 2402 moderator
1602 2359 1820 2403 luminum

353 2424 655 2482 reliquorum?
742 2425 854 2467 Eum
904 2425 1058 2482 utique
1108 2425 1449 2470 reclamantibus
1497 2428 1702 2472 omnibus
1750 2429 1821 2473 his

352 2494 622 2552 planetariis,
662 2509 749 2538 non
791 2494 925 2537 timeo
964 2494 1127 2538 bonum
1168 2498 1213 2539 et
1258 2497 1551 2540 necessarium
1600 2498 1880 2555 profiteri;35

352 2604 376 2639 6
403 2601 433 2638 Ii
451 2602 483 2639 Δ
557 2649 565 2657 ·
665 2613 707 2639 ιο
730 2603 841 2651 sydus
857 2602 918 2639 CB
1107 2614 1119 2641 1
1174 2603 1342 2642 nasando
1360 2604 1384 2641 S
1555 2608 1597 2643 16
1622 2606 1771 2645 exhibit
1788 2608 1823 2643 A

352 2650 566 2734 {3⁰31in
578 2649 693 2734 ἓξὲξ
837 2659 880 2698 25
908 2650 1108 2697 genclliaci
1158 2651 1256 2688 BSM
1401 2654 1447 2691 26
1472 2665 1563 2701 ergo
1582 2654 1619 2690 M
1775 2656 1819 2693 28

403 2796 446 2834 16
471 2797 603 2834 exibit:
622 2795 701 2835 scil.
715 2797 786 2833 1150
793 2797 916 2843 saror,
933 2795 955 2834 1.
970 2798 1050 2845 669.
1130 2807 1171 2845 31
1192 2810 1299 2845 quam
1311 2810 1390 2835 cum
1401 2800 1488 2837 aliie
1498 2801 1594 2838 eta:
1614 2800 1707 2838 Gen.
1724 2800 1748 2839 i.
1765 2802 1817 2840 16.

462 2876 525 2902 110
