1994 3190
174 196 274 230 oAP.
290 182 392 244 xx1]
684 186 1124 234 POLICRATIOVS
1653 203 1735 244 447
1753 205 1785 235 a

171 320 272 350 cum
292 307 339 349 in
360 306 575 358 omnibus,
595 321 707 363 quae
730 309 836 350 sunt
863 310 909 350 et
935 322 1048 364 quae
1068 323 1157 351 non
1177 312 1294 360 sunt,
1314 311 1371 353 ab
1391 311 1521 354 initio
1547 327 1641 355 esse

171 390 344 419 necesse
383 376 443 418 sit
477 375 549 418 uel
587 390 677 419 non
716 390 820 426 esse,
856 378 904 418 et
938 390 1090 419 eorum
1130 393 1242 434 quae
1275 381 1642 424 contradictoriae

162 446 456 501 'opponuntur
503 445 693 488 alterum
735 459 908 502 semper
956 460 1012 488 ex
1061 447 1320 490 necessitate
1369 449 1429 492 sit
1473 465 1642 494 uerum.

171 513 315 556 Tanta
341 528 445 571 ergo
471 514 788 557 numerositate
818 514 951 557 semel
979 516 1024 557 et
1047 515 1180 557 simul
1207 530 1413 559 uerorum
1444 520 1642 562 excreuit

132 598 152 632 5
169 584 250 625 aut
278 583 427 639 potius
456 584 609 626 extitit
637 598 859 634 numerus,
889 586 941 626 ut
969 583 1150 627 omnino
1178 585 1319 627 minui
1350 591 1540 642 nequeat
1569 589 1642 632 uel

168 651 334 709 augeri,
381 654 426 694 et
465 667 779 709 usquequaque
818 652 866 694 in
913 667 1045 695 euum
1086 656 1265 696 maneat
1307 653 1509 698 infinitus
1554 658 1640 699 nisi

166 721 287 778 apud
322 721 544 764 infinitam
575 722 838 778 sapientiam
874 721 968 764 Dei.
1029 721 1291 764 Indeficiens
1323 737 1428 779 ergo
1457 725 1642 769 scientia

167 792 236 833 est
265 790 335 833 cui
365 790 502 834 nichil
531 805 683 834 eorum
712 790 914 841 elabitur,
946 794 992 834 et
1020 790 1200 833 omnino
1231 795 1521 848 augmentum
1551 808 1640 837 non

167 859 325 916 recipit
373 874 486 916 quae
532 874 584 903 ea
629 860 778 902 omnia
826 860 1170 917 comprehendit.
1250 860 1484 904 Rationem
1534 878 1640 906 uero

110 942 152 967 10
169 943 332 980 eorum,
377 943 489 986 quae
537 929 659 972 Deus
708 929 765 972 ab
814 932 966 973 eterno
1014 930 1062 973 in
1110 930 1340 986 sapientia,
1382 930 1429 972 id
1476 933 1543 973 est
1592 932 1639 974 in

167 998 398 1055 unigenito
428 998 585 1049 Verbo,
615 998 845 1055 disposuit,
877 1013 1030 1042 creans
1060 998 1123 1041 ibi
1153 999 1301 1042 omnia
1331 999 1474 1050 simul,
1505 1015 1637 1056 quam
1656 1005 1684 1043 b

165 1067 445 1124 postmodum
494 1069 812 1124 consequenter
859 1067 1065 1124 producit
1113 1067 1161 1110 in
1210 1082 1343 1124 opera
1397 1070 1638 1112 secundum

165 1135 392 1194 prouisum
427 1135 626 1178 ordinem
666 1135 842 1192 singula
881 1136 1117 1179 traducens
1156 1151 1184 1179 a
1222 1138 1518 1194 generatione,
1553 1154 1641 1196 qua

165 1205 386 1262 incipiunt
420 1219 524 1255 esse,
554 1219 633 1261 per
659 1207 821 1247 sortem
853 1219 940 1261 qua
969 1205 1184 1248 fluctuare
1214 1206 1427 1250 uidentur
1454 1208 1640 1258 casibus,

108 1289 149 1324 15
166 1274 224 1317 ad
263 1274 589 1331 corruptionem
629 1288 741 1330 quae
781 1274 907 1330 quasi
948 1275 1167 1318 existendi
1203 1275 1327 1318 filum
1363 1277 1640 1333 praescidens

165 1343 359 1387 retrudit
402 1343 459 1386 ad
498 1358 587 1386 non
627 1358 731 1394 esse,
771 1343 930 1386 Parcas
969 1344 1041 1387 uel
1083 1344 1195 1387 Fata
1234 1345 1431 1402 antiquis
1471 1347 1639 1403 placuit

165 1413 390 1470 appellari,
430 1427 481 1456 eo
521 1412 638 1470 quod
673 1413 1012 1456 constitutiones
1052 1414 1359 1471 prouidentiae
1399 1415 1494 1465 Dei,
1530 1416 1638 1472 quin

164 1482 338 1525 effectui
364 1482 683 1539 mancipentur,
710 1482 877 1525 nemini
908 1486 1104 1540 parcant,
1132 1487 1177 1527 et
1207 1499 1235 1526 a
1260 1485 1406 1528 Verbo
1435 1485 1530 1535 Dei,
1551 1500 1638 1542 quo

165 1551 421 1595 eternaliter
450 1552 600 1595 omnia
633 1551 751 1594 dixit
786 1555 831 1595 et
867 1551 986 1595 facta
1026 1556 1143 1603 sunt,
1178 1554 1451 1597 executionis
1490 1555 1637 1597 firma-

106 1633 150 1658 πο
166 1623 364 1664 mentum
392 1621 622 1678 accipiant.
683 1621 811 1664 Vnde
836 1621 1012 1665 Stoicus
1038 1622 1187 1665 omnia
1214 1624 1459 1667 necessaria
1485 1624 1637 1674 credit,

163 1689 325 1733 timens
359 1690 564 1733 euacuari
599 1704 725 1747 posse
761 1690 990 1733 scientiam
1021 1690 1355 1735 immutabilem.
1415 1692 1452 1734 E
1482 1696 1638 1736 contra

163 1758 379 1816 Epicurus
408 1774 559 1803 eorum
587 1774 699 1816 quae
727 1759 941 1802 eueniunt
967 1760 1104 1803 nichil
1129 1760 1435 1817 prouidentiae
1465 1763 1637 1805 ratione

161 1827 435 1885 dispositum,
455 1843 512 1872 ne
533 1828 649 1872 forte
669 1829 973 1872 necessitatem
990 1829 1280 1872 mutabilibus
1296 1830 1427 1874 rebus
1442 1831 1636 1882 inducat,

161 1897 382 1954 opinatur.
443 1897 545 1940 Pari
566 1913 671 1955 ergo
691 1912 836 1940 errore
857 1897 1093 1955 desipiunt,
1115 1913 1214 1941 cum
1239 1899 1354 1942 alter
1373 1900 1494 1943 casui
1521 1901 1636 1944 alter

103 1978 144 2013 25
162 1967 412 2010 necessitati
455 1967 665 2010 uniuersa
704 1967 905 2010 subiciat.
980 1967 1266 2011 Mutabilium
1305 1969 1446 2026 igitur
1485 1985 1632 2013 rerum
1652 1978 1675 2007 c

161 2034 391 2092 dispositio
434 2036 724 2080 immutabilis
764 2039 853 2089 est3
903 2040 949 2080 et
988 2040 1165 2080 eternae
1205 2038 1512 2094 prouidentiae
1552 2039 1633 2081 im—

160 2105 387 2148 mutabilis
430 2109 575 2149 status
620 2106 818 2148 omnium
866 2106 1150 2149 mutabilium
1194 2107 1393 2150 continet
1441 2122 1631 2150 cursum.

161 2172 274 2218 Cum
294 2189 400 2218 uero
419 2175 516 2232 ipsa
535 2175 592 2218 ab
617 2176 869 2218 eternitatis
893 2191 999 2219 suae
1026 2179 1148 2219 statu
1170 2176 1338 2219 moueri
1366 2191 1454 2219 non
1481 2177 1632 2233 possit,

160 2242 510 2300 contingentium
545 2244 702 2287 seriem
736 2245 794 2287 ab
822 2245 950 2288 omni*
972 2260 1092 2288 nexu
1122 2246 1397 2288 necessitatis
1426 2246 1630 2288 absoluit.

100 2321 144 2355 30
162 2309 220 2354 Et
234 2311 336 2355 licet
355 2312 435 2355 lux
454 2313 764 2357 inaccessibilis
791 2314 1033 2371 sapientiae
1061 2314 1145 2357 Dei
1173 2315 1392 2358 humanae
1420 2315 1630 2358 scientiae

121 2426 124 2430 ,
159 2379 363 2423 tenebras
409 2381 812 2440 incomparabiliter
856 2383 1100 2434 antecedat,
1141 2387 1210 2426 est
1252 2387 1401 2427 tamen
1448 2384 1495 2426 in
1542 2399 1629 2440 quo

159 2447 352 2491 claritati
391 2450 510 2494 illius
547 2451 750 2509 caliginis
785 2455 962 2496 nostrae
1001 2453 1155 2496 oculus
1198 2453 1315 2510 quod
1362 2453 1419 2496 ad
1459 2453 1629 2510 aliquid

161 2575 182 2611 7
207 2566 270 2604 dei
284 2567 509 2614 sapientiam
525 2570 559 2607 A
703 2573 746 2610 16
770 2572 931 2620 parchus
948 2573 988 2609 M
1132 2584 1179 2610 20
1203 2574 1355 2620 stoycus
1371 2573 1405 2609 A

162 2721 170 2729 ι
210 2677 252 2712 16
276 2678 430 2714 Parcas:
455 2691 487 2715 v.
515 2679 615 2717 Serv.
639 2680 680 2717 iu
707 2681 780 2718 Ver
808 2708 817 2718 .
845 2683 935 2719 Aen.
961 2682 984 2718 i.
1013 2693 1082 2724 22:
1111 2684 1189 2719 Ecl.
1214 2682 1261 2718 iv.
1289 2692 1357 2728 473
1391 2683 1502 2719 Mart.
1533 2682 1622 2729 Cap.

158 2734 205 2758 ιν.
234 2725 323 2777 3ῷος
350 2724 435 2761 Isid.
466 2728 561 2772 Oriq.
586 2727 662 2764 viii.
688 2738 755 2774 933
818 2732 921 2766 onat.
950 2732 1025 2766 Ars
1049 2731 1211 2766 Gramm.
1239 2729 1293 2765 iii.
1320 2731 1354 2766 6.
1504 2731 1624 2766 Fata:

158 2781 190 2805 v.
211 2769 322 2807 Prisc.
347 2773 477 2809 Partit.
504 2776 560 2809 :cii
582 2787 676 2813 uere.
701 2779 792 2812 Aen.
815 2778 892 2814 116.
1131 2786 1173 2823 25
1199 2778 1436 2812 Mutabilium
1454 2779 1549 2814 etc:
1575 2778 1624 2814 cf.

159 2816 254 2864 Aug.
274 2819 316 2854 de
337 2819 408 2855 civ.
425 2821 505 2864 Dei,
523 2832 580 2858 xv.
600 2832 659 2870 25.
803 2834 850 2870 30
874 2825 940 2860 lux
956 2826 1231 2861 inaccessibilis:
1260 2835 1275 2862 1
1295 2824 1391 2860 Tim.
1409 2824 1457 2861 vi.
1479 2826 1534 2861 16.

1452 2905 1516 2940 119
