1994 3190
246 185 330 227 505
345 175 378 216 ‘l
720 178 922 222 IOANN
923 178 981 223 IS
1020 178 1535 223 SARESBERIENSIS
1677 177 1784 239 [ΗΒ.
1799 188 1861 221 111

394 312 547 341 eorum
592 298 946 342 immutauerunt
992 299 1242 343 naturalem
1281 314 1412 343 usum
1451 299 1499 342 in
1538 313 1639 344 eum
1678 298 1755 356 qui
1795 300 1864 342 est

393 370 548 411 contra
578 370 798 419 naturam,
829 371 874 411 et
906 369 1102 421 masculi,
1132 369 1285 412 relicto
1318 369 1514 412 naturali
1543 383 1628 411 usu
1658 368 1863 420 feminae,

395 440 658 480 exarserunt
686 437 734 480 in
763 437 992 481 desideriis
1018 438 1120 489 suis,
1147 438 1330 482 masculi
1357 438 1405 480 in
1431 438 1647 481 masculos
1673 438 1864 481 inuicem

395 506 720 563 turpitudinem
750 510 993 564 operantes,
1019 510 1072 550 ut
1101 507 1316 550 darentur
1344 507 1392 550 in
1422 522 1599 550 sensum
1629 506 1866 564 reprobum

397 574 683 632 facerentque
718 576 835 632 quod
870 576 1051 619 minime
1085 576 1384 627 conuenirent,
1414 579 1460 619 et
1490 576 1614 619 uitiis
1645 575 1866 618 uniuersis
1885 586 1904 621 5

398 645 580 687 obnoxii
603 644 954 702 indignationem
982 646 1066 688 Dei
1094 648 1139 688 et
1165 645 1362 688 omnium
1383 660 1597 702 penarum
1617 645 1665 687 in
1689 659 1734 687 se
1761 658 1866 687 acu-

398 714 490 756 leos
508 717 810 771 prouocarent.
870 714 929 757 Et
954 718 1061 758 tunc
1093 715 1271 771 quidem
1295 715 1343 756 in
1364 715 1546 757 auribus
1567 714 1867 757 Romanorum

247 781 333 830 506
353 789 383 819 a
398 782 481 825 hoc
501 783 611 825 tuba
629 784 870 840 apostolica
892 784 1206 834 conclamabat,
1226 783 1404 840 quando
1424 783 1710 840 impiissimus
1730 783 1866 839 impe-

398 855 521 895 rator
570 852 692 896 Nero
739 853 943 896 luxuriae
982 853 1194 896 seuientis
1242 867 1429 909 puerum
1470 852 1662 909 Sporum
1702 852 1869 896 exectis

399 921 616 965 testiculis
642 922 690 964 in
715 922 975 965 muliebrem
1001 925 1210 964 naturam
1235 921 1555 965 transformare
1578 923 1762 965 conatus
1788 923 1867 964 est.
1888 937 1930 961 10

401 989 473 1032 Ab
493 1004 544 1032 eo
571 993 767 1047 tempore
787 990 1071 1047 prouerbium
1092 993 1248 1032 natum
1270 993 1337 1033 est
1358 990 1488 1046 quia:
1519 990 1636 1033 Vsus
1657 989 1868 1033 formoso-

402 1074 501 1102 rum
518 1060 672 1103 abusio
693 1063 786 1112 est3
817 1063 863 1103 et
878 1060 1014 1103 illud:
1046 1060 1232 1102 Formae
1253 1059 1400 1117 gratia
1421 1074 1471 1102 eo
1491 1060 1639 1102 minus
1653 1062 1783 1116 grata
1802 1061 1871 1102 est

402 1130 604 1186 sapienti,
636 1144 723 1186 quo
761 1132 969 1186 corrupto
1003 1132 1071 1172 est
1104 1129 1276 1186 gratior
1309 1129 1566 1186 corruptori.
1637 1128 1871 1172 Difficilius

402 1199 566 1242 etenim
606 1199 663 1242 ab
701 1198 889 1241 infirmis
932 1198 1237 1242 defensoribus
1277 1198 1526 1241 custoditur
1565 1198 1682 1255 quod
1721 1198 1871 1255 plures

403 1270 632 1325 appetunt.
691 1267 811 1310 Illud
834 1268 1013 1310 incauto
1037 1267 1213 1310 facilius
1239 1267 1425 1324 surripit
1453 1266 1764 1310 fraudulentus
1791 1270 1872 1311 aut
1890 1283 1930 1317 15

404 1337 548 1380 inuito
578 1336 818 1394 pudicitiae
848 1337 1011 1393 praedo
1039 1336 1262 1379 uiolentus
1291 1339 1539 1393 extorquet.
1598 1336 1640 1379 A
1669 1337 1872 1394 patribus

404 1411 554 1449 tamen
594 1406 765 1463 pridem
806 1406 1045 1449 diffinitum
1087 1409 1154 1449 est
1193 1406 1299 1462 quia
1332 1406 1548 1463 pudicitia
1581 1405 1750 1449 auferri
1781 1420 1873 1449 non

402 1478 560 1533 potest,
595 1476 683 1519 nisi
722 1476 885 1518 mentis
919 1475 1143 1532 corruptio
1178 1475 1421 1518 antecedat.
1487 1475 1615 1529 Quod
1656 1476 1785 1527 enim,
1820 1477 1874 1518 ut

403 1559 591 1602 magnus
621 1545 779 1588 asserit
808 1544 1099 1602 Augustinus,
1129 1559 1219 1588 non
1248 1544 1536 1602 praecedente
1565 1544 1749 1588 libidine
1777 1545 1872 1588 uio-

405 1615 548 1658 lenter
585 1614 757 1672 patitpr
796 1629 966 1672 corpus,
1000 1614 1181 1658 uexatio
1220 1614 1370 1672 potius
1408 1614 1594 1658 dicenda
1633 1617 1700 1658 est
1739 1629 1872 1672 quam
1892 1633 1935 1657 20

360 1687 390 1726 b
408 1684 645 1741 corruptio.
716 1684 787 1726 Ibi
826 1699 932 1742 ergo
970 1684 1140 1726 seruari
1178 1684 1395 1741 pudicitia
1432 1687 1591 1741 potest,
1630 1684 1707 1727 ubi
1750 1683 1876 1727 nulla

408 1754 494 1796 nisi
534 1753 788 1796 uoluntaria
832 1767 924 1796 esse
964 1756 1111 1810 potest
1150 1754 1386 1811 corruptio,
1425 1754 1473 1796 in
1512 1753 1674 1796 mentis
1709 1752 1876 1797 scilicet

408 1823 679 1880 integritate,
703 1822 779 1864 ubi
811 1822 858 1864 in
888 1825 1090 1865 eternum
1120 1823 1288 1865 seruari
1318 1823 1534 1880 pudicitia
1562 1825 1721 1880 potest.
1781 1821 1876 1866 Nec

408 1906 620 1949 magnum
650 1894 718 1934 est
748 1891 967 1948 integram
995 1906 1088 1934 esse
1117 1906 1305 1942 carnem,
1325 1892 1403 1934 ubi
1429 1906 1554 1935 mens
1583 1894 1702 1934 tetra
1727 1904 1876 1935 corru-

409 1960 560 2018 ptione
581 1960 806 2017 polluitur.
865 1959 928 2003 At
957 1975 1074 2003 nunc
1095 1961 1132 2003 si
1153 1961 1360 2018 deceptor
1379 1976 1532 2004 amans
1553 1963 1633 2004 aut
1652 1960 1875 2004 uiolentus
1895 1978 1938 2014 ²⁵

409 2030 545 2081 abest,
567 2029 632 2072 ita
658 2029 771 2072 male
800 2044 827 2072 a
851 2030 1059 2072 teneriori
1091 2033 1209 2073 etate
1239 2030 1540 2074 instituuntur
1568 2030 1877 2082 adolescentes,

410 2103 463 2142 ut
476 2098 614 2142 oculis
628 2098 973 2149 lasciuientibus,
988 2102 1102 2142 nutu
1119 2098 1260 2150 faciei,
1274 2099 1468 2157 corporis
1483 2101 1612 2158 gestu
1633 2099 1878 2156 habituque

411 2168 619 2212 exteriori
644 2171 690 2211 et
717 2167 932 2211 lenocinio
958 2168 1038 2210 uix
1068 2168 1174 2225 ipsis
1200 2169 1505 2212 meretricibus
1528 2183 1730 2212 concesso
1758 2168 1878 2211 solli-

410 2238 551 2282 citent
570 2240 859 2294 corruptores,
879 2239 924 2279 et
948 2236 1094 2293 legum
1121 2252 1233 2294 quae
1254 2237 1299 2280 in
1321 2252 1394 2281 eos
1416 2238 1504 2281 iam
1524 2237 1740 2295 plurimae
1761 2237 1880 2281 latae

410 2310 516 2350 sunt
536 2306 703 2349 nullam
731 2306 925 2349 habeant
949 2307 1243 2349 reuerentiam
1269 2307 1341 2350 uel
1368 2306 1584 2358 timorem,
1604 2306 1707 2350 licet
1732 2306 1779 2349 in
1806 2321 1880 2350 eos
1898 2323 1941 2358 30

410 2376 670 2434 grauissime
710 2375 1154 2418 animaduertendum
1195 2376 1441 2419 decreuerit
1479 2375 1739 2433 Imperator.
1800 2375 1882 2420 Ait

412 2445 555 2489 enim:
596 2444 710 2489 Cum
731 2444 802 2487 uir
827 2444 994 2487 nubit
983 2459 1028 2487 ιιι
1058 2444 1267 2507 feminam
1293 2445 1411 2488 uires
1435 2449 1750 2503 porrecturam,
1771 2445 1880 2503 quid

375 2515 599 2572 ecupiat?
661 2514 744 2556 Vbi
780 2528 913 2556 sexus
945 2513 1139 2571 perdidit
1178 2514 1333 2565 locum,
1368 2529 1447 2558 nec
1486 2514 1627 2559 scelus
1661 2517 1729 2558 est
1763 2514 1882 2572 quod

416 2631 436 2667 7
463 2619 630 2668 quidem]
649 2619 740 2666 quid
758 2619 861 2657 enim
877 2619 915 2655 M
1062 2630 1101 2657 11
1131 2619 1393 2657 formosiorum
1412 2620 1450 2656 M

463 2728 485 2763 9
507 2730 558 2764 pu
561 2730 660 2753 erum
678 2721 771 2754 cte:
798 2716 899 2753 Suet.
920 2718 1015 2753 Nero
1033 2718 1334 2763 28.17
1359 2719 1540 2765 pudicitia
1558 2720 1654 2756 etc.:
1667 2730 1711 2812 ).v
1729 2719 1823 2766 Aug.
1840 2720 1884 2756 do

419 2767 491 2801 Cin.
513 2766 580 2800 Dei
568 2764 620 2802 ai.
643 2767 706 2806 18:
731 2766 773 2800 de
756 2764 1344 2819 eMendac0'0751o(MignoP.
1365 2768 1406 2802 Ι.
1428 2766 1477 2804 xl.
1494 2776 1516 2812 4

420 2815 510 2850 Cum
530 2824 565 2848 u·
562 2814 698 2849 'arete
725 2812 813 2849 Cod.
827 2812 958 2850 lustin.
973 2812 1021 2849 ix.
1036 2823 1069 2859 9.
1085 2822 1142 2859 3¹·
1254 2823 1298 2860 33
1325 2826 1408 2850 nec·
1435 2766 1691 2852 eodpfuzs‘tm.
1684 2776 1885 2852 ubihabgtz.

529 2893 593 2918 220
