<?xml version="1.0" encoding="UTF-8"?>
<!DOCTYPE html PUBLIC "-//W3C//DTD XHTML 1.0 Transitional//EN"
    "http://www.w3.org/TR/xhtml1/DTD/xhtml1-transitional.dtd">
<html xmlns="http://www.w3.org/1999/xhtml" xml:lang="en" lang="en">
 <head>
  <title>
</title>
<meta http-equiv="Content-Type" content="text/html;charset=utf-8" />
  <meta name='ocr-system' content='tesseract 3.04.00' />
  <meta name='ocr-capabilities' content='ocr_page ocr_carea ocr_par ocr_line ocrx_word'/>
</head>
<body>
  <div class='ocr_page' id='page_1' title='image "./policraticisived01john_0010.png"; bbox 0 0 1994 3236; ppageno 0'>
   <div class='ocr_carea' id='block_1_1' title="bbox 947 178 1300 224">
    <p class='ocr_par' dir='ltr' id='par_1_1' title="bbox 947 178 1300 224">
     <span class='ocr_line' id='line_1_1' title="bbox 947 178 1300 224; baseline 0.006 -2"><span class='ocrx_word' id='word_1_1' title='bbox 947 178 1300 224; x_wconf 80' lang='lat' dir='ltr'><strong>REGISTRVM</strong></span> 
     </span>
    </p>
   </div>
   <div class='ocr_carea' id='block_1_2' title="bbox 387 294 1742 1455">
    <p class='ocr_par' dir='ltr' id='par_1_2' title="bbox 387 294 1739 449">
     <span class='ocr_line' id='line_1_2' title="bbox 387 294 794 342; baseline 0 -10"><span class='ocrx_word' id='word_1_2' title='bbox 387 295 513 333; x_wconf 79' lang='lat' dir='ltr'><strong>Lrnm</strong></span> <span class='ocrx_word' id='word_1_3' title='bbox 531 295 590 332; x_wconf 93' lang='lat'><strong>111</strong></span> <span class='ocrx_word' id='word_1_4' title='bbox 637 294 729 342; x_wconf 83' lang='lat' dir='ltr'><strong>Cap.</strong></span> <span class='ocrx_word' id='word_1_5' title='bbox 749 304 794 332; x_wconf 86' lang='lat'><strong>10</strong></span> 
     </span>
     <span class='ocr_line' id='line_1_3' title="bbox 654 351 1739 400; baseline -0.001 -10"><span class='ocrx_word' id='word_1_6' title='bbox 654 355 695 391; x_wconf 87' lang='lat' dir='ltr'><strong>et</strong></span> <span class='ocrx_word' id='word_1_7' title='bbox 719 352 820 400; x_wconf 89' lang='lat' dir='ltr'><strong>quod</strong></span> <span class='ocrx_word' id='word_1_8' title='bbox 846 351 1010 390; x_wconf 87' lang='lat' dir='ltr'><strong>Romani</strong></span> <span class='ocrx_word' id='word_1_9' title='bbox 1032 352 1200 390; x_wconf 87' lang='lat' dir='ltr'><strong>uanitati</strong></span> <span class='ocrx_word' id='word_1_10' title='bbox 1228 352 1351 391; x_wconf 87' lang='lat' dir='ltr'><strong>dediti</strong></span> <span class='ocrx_word' id='word_1_11' title='bbox 1377 354 1491 396; x_wconf 86' lang='lat' dir='ltr'><strong>sunt;</strong></span> <span class='ocrx_word' id='word_1_12' title='bbox 1515 354 1554 390; x_wconf 87' lang='lat' dir='ltr'><strong>ct</strong></span> <span class='ocrx_word' id='word_1_13' title='bbox 1579 351 1664 400; x_wconf 86' lang='lat' dir='ltr'><strong>quis</strong></span> <span class='ocrx_word' id='word_1_14' title='bbox 1688 352 1739 390; x_wconf 88' lang='lat' dir='ltr'><strong>sit</strong></span> 
     </span>
     <span class='ocr_line' id='line_1_4' title="bbox 656 411 1630 449; baseline -0.001 0"><span class='ocrx_word' id='word_1_15' title='bbox 656 411 889 449; x_wconf 69' lang='lat' dir='ltr'><strong>adulatoriae</strong></span> <span class='ocrx_word' id='word_1_16' title='bbox 906 411 991 448; x_wconf 85' lang='lat' dir='ltr'><strong>finis</strong></span> <span class='ocrx_word' id='word_1_17' title='bbox 1303 439 1312 449; x_wconf 93' lang='lat'><strong><em>.</em></strong></span> <span class='ocrx_word' id='word_1_18' title='bbox 1409 439 1419 448; x_wconf 92' lang='lat'>.</span> <span class='ocrx_word' id='word_1_19' title='bbox 1515 439 1525 448; x_wconf 90' lang='lat'>.</span> <span class='ocrx_word' id='word_1_20' title='bbox 1621 438 1630 448; x_wconf 91' lang='lat'><strong>.</strong></span> 
     </span>
    </p>

    <p class='ocr_par' dir='ltr' id='par_1_3' title="bbox 525 469 1740 577">
     <span class='ocr_line' id='line_1_5' title="bbox 525 469 1740 518; baseline -0.001 -9"><span class='ocrx_word' id='word_1_21' title='bbox 525 482 579 510; x_wconf 90' lang='lat'><strong>11.</strong></span> <span class='ocrx_word' id='word_1_22' title='bbox 603 470 660 508; x_wconf 83' lang='lat' dir='ltr'><strong>De</strong></span> <span class='ocrx_word' id='word_1_23' title='bbox 685 469 975 508; x_wconf 86' lang='lat' dir='ltr'><strong>munusculariis</strong></span> <span class='ocrx_word' id='word_1_24' title='bbox 998 471 1039 507; x_wconf 86' lang='lat' dir='ltr'><strong>et</strong></span> <span class='ocrx_word' id='word_1_25' title='bbox 1062 470 1325 518; x_wconf 75' lang='lat' dir='ltr'><strong>promissariis,</strong></span> <span class='ocrx_word' id='word_1_26' title='bbox 1340 473 1380 508; x_wconf 87' lang='lat' dir='ltr'><strong>et</strong></span> <span class='ocrx_word' id='word_1_27' title='bbox 1397 470 1498 518; x_wconf 89' lang='lat' dir='ltr'><strong>quod</strong></span> <span class='ocrx_word' id='word_1_28' title='bbox 1513 470 1740 518; x_wconf 72' lang='lat' dir='ltr'><strong>promittere</strong></span> 
     </span>
     <span class='ocr_line' id='line_1_6' title="bbox 654 527 1634 577; baseline 0.001 -11"><span class='ocrx_word' id='word_1_29' title='bbox 654 541 733 567; x_wconf 91' lang='lat' dir='ltr'><strong>non</strong></span> <span class='ocrx_word' id='word_1_30' title='bbox 749 528 927 577; x_wconf 84' lang='lat' dir='ltr'><strong>expediat</strong></span> <span class='ocrx_word' id='word_1_31' title='bbox 940 529 990 566; x_wconf 88' lang='lat' dir='ltr'><strong>ad</strong></span> <span class='ocrx_word' id='word_1_32' title='bbox 1005 527 1189 568; x_wconf 83' lang='lat' dir='ltr'><strong>uirtutem</strong></span> <span class='ocrx_word' id='word_1_33' title='bbox 1201 557 1210 567; x_wconf 92' lang='lat'><em>.</em></span> <span class='ocrx_word' id='word_1_34' title='bbox 1517 556 1527 566; x_wconf 91' lang='lat'><strong>.</strong></span> <span class='ocrx_word' id='word_1_35' title='bbox 1624 556 1634 567; x_wconf 89' lang='lat'><em>.</em></span> 
     </span>
    </p>

    <p class='ocr_par' dir='ltr' id='par_1_4' title="bbox 525 586 1740 870">
     <span class='ocr_line' id='line_1_7' title="bbox 525 586 1740 635; baseline -0.002 -9"><span class='ocrx_word' id='word_1_36' title='bbox 525 599 540 627; x_wconf 91' lang='lat'>1</span> <span class='ocrx_word' id='word_1_37' title='bbox 547 599 579 626; x_wconf 81' lang='lat'><strong>2.</strong></span> <span class='ocrx_word' id='word_1_38' title='bbox 603 588 658 626; x_wconf 88' lang='lat' dir='ltr'><strong>De</strong></span> <span class='ocrx_word' id='word_1_39' title='bbox 669 587 920 626; x_wconf 76' lang='lat' dir='ltr'><strong>rationalibus</strong></span> <span class='ocrx_word' id='word_1_40' title='bbox 933 589 972 626; x_wconf 88' lang='lat' dir='ltr'><strong>et</strong></span> <span class='ocrx_word' id='word_1_41' title='bbox 983 587 1195 626; x_wconf 74' lang='lat' dir='ltr'><strong>secretariis</strong></span> <span class='ocrx_word' id='word_1_42' title='bbox 1205 586 1370 624; x_wconf 88' lang='lat' dir='ltr'><strong>diuitum</strong></span> <span class='ocrx_word' id='word_1_43' title='bbox 1380 601 1390 631; x_wconf 74' lang='grc' dir='ltr'><strong><em>ς</em></strong></span> <span class='ocrx_word' id='word_1_44' title='bbox 1405 590 1446 625; x_wconf 87' lang='lat' dir='ltr'><strong>et</strong></span> <span class='ocrx_word' id='word_1_45' title='bbox 1457 587 1557 635; x_wconf 92' lang='lat' dir='ltr'><strong>quod</strong></span> <span class='ocrx_word' id='word_1_46' title='bbox 1567 586 1740 624; x_wconf 88' lang='lat' dir='ltr'><strong>amicitia</strong></span> 
     </span>
     <span class='ocr_line' id='line_1_8' title="bbox 654 646 1740 693; baseline -0.001 -9"><span class='ocrx_word' id='word_1_47' title='bbox 654 659 732 684; x_wconf 94' lang='lat' dir='ltr'><strong>non</strong></span> <span class='ocrx_word' id='word_1_48' title='bbox 764 647 838 683; x_wconf 88' lang='lat' dir='ltr'><strong>nisi</strong></span> <span class='ocrx_word' id='word_1_49' title='bbox 866 647 909 683; x_wconf 91' lang='lat' dir='ltr'><strong>in</strong></span> <span class='ocrx_word' id='word_1_50' title='bbox 936 646 1048 683; x_wconf 92' lang='lat' dir='ltr'><strong>bonis</strong></span> <span class='ocrx_word' id='word_1_51' title='bbox 1077 649 1146 692; x_wconf 87' lang='lat' dir='ltr'><strong>est,</strong></span> <span class='ocrx_word' id='word_1_52' title='bbox 1178 649 1219 685; x_wconf 89' lang='lat' dir='ltr'><strong>et</strong></span> <span class='ocrx_word' id='word_1_53' title='bbox 1247 647 1347 693; x_wconf 91' lang='lat' dir='ltr'><strong>quod</strong></span> <span class='ocrx_word' id='word_1_54' title='bbox 1374 647 1481 684; x_wconf 89' lang='lat' dir='ltr'><strong>diues</strong></span> <span class='ocrx_word' id='word_1_55' title='bbox 1510 646 1740 683; x_wconf 78' lang='lat' dir='ltr'><strong>familiarem</strong></span> 
     </span>
     <span class='ocr_line' id='line_1_9' title="bbox 655 705 1740 753; baseline -0.001 -10"><span class='ocrx_word' id='word_1_56' title='bbox 655 706 783 753; x_wconf 90' lang='lat' dir='ltr'><strong>potius</strong></span> <span class='ocrx_word' id='word_1_57' title='bbox 796 705 985 752; x_wconf 77' lang='lat' dir='ltr'><strong>exprimat</strong></span> <span class='ocrx_word' id='word_1_58' title='bbox 995 717 1108 752; x_wconf 87' lang='lat' dir='ltr'><strong>quam</strong></span> <span class='ocrx_word' id='word_1_59' title='bbox 1125 705 1305 749; x_wconf 86' lang='lat' dir='ltr'><strong>amicum,</strong></span> <span class='ocrx_word' id='word_1_60' title='bbox 1318 708 1368 749; x_wconf 85' lang='lat' dir='ltr'><strong>et,</strong></span> <span class='ocrx_word' id='word_1_61' title='bbox 1386 705 1478 742; x_wconf 87' lang='lat' dir='ltr'><strong>licet</strong></span> <span class='ocrx_word' id='word_1_62' title='bbox 1496 705 1740 742; x_wconf 76' lang='lat' dir='ltr'><strong>familiaritas</strong></span> 
     </span>
     <span class='ocr_line' id='line_1_10' title="bbox 656 763 1740 812; baseline -0.002 -11"><span class='ocrx_word' id='word_1_63' title='bbox 656 764 821 801; x_wconf 85' lang='lat' dir='ltr'><strong>diuitum</strong></span> <span class='ocrx_word' id='word_1_64' title='bbox 851 764 959 802; x_wconf 84' lang='lat' dir='ltr'><strong>utilis</strong></span> <span class='ocrx_word' id='word_1_65' title='bbox 991 764 1180 809; x_wconf 85' lang='lat' dir='ltr'><strong>uideatur,</strong></span> <span class='ocrx_word' id='word_1_66' title='bbox 1209 775 1321 811; x_wconf 84' lang='lat' dir='ltr'><strong>saepe</strong></span> <span class='ocrx_word' id='word_1_67' title='bbox 1345 763 1560 812; x_wconf 86' lang='lat' dir='ltr'><strong>periculosa</strong></span> <span class='ocrx_word' id='word_1_68' title='bbox 1585 765 1667 807; x_wconf 86' lang='lat' dir='ltr'><strong>est;</strong></span> <span class='ocrx_word' id='word_1_69' title='bbox 1699 764 1740 800; x_wconf 91' lang='lat' dir='ltr'><strong>et</strong></span> 
     </span>
     <span class='ocr_line' id='line_1_11' title="bbox 656 822 1632 870; baseline -0.002 -10"><span class='ocrx_word' id='word_1_70' title='bbox 656 823 758 870; x_wconf 90' lang='lat' dir='ltr'><strong>quod</strong></span> <span class='ocrx_word' id='word_1_71' title='bbox 775 822 1004 861; x_wconf 89' lang='lat' dir='ltr'><strong>innocenter</strong></span> <span class='ocrx_word' id='word_1_72' title='bbox 1014 822 1223 860; x_wconf 88' lang='lat' dir='ltr'><strong>uiuendum</strong></span> <span class='ocrx_word' id='word_1_73' title='bbox 1241 825 1300 860; x_wconf 87' lang='lat' dir='ltr'><strong>est</strong></span> <span class='ocrx_word' id='word_1_74' title='bbox 1623 849 1632 858; x_wconf 92' lang='lat'>.</span> 
     </span>
    </p>

    <p class='ocr_par' dir='ltr' id='par_1_5' title="bbox 527 879 1741 1104">
     <span class='ocr_line' id='line_1_12' title="bbox 527 879 1740 929; baseline -0.003 -9"><span class='ocrx_word' id='word_1_75' title='bbox 527 892 579 929; x_wconf 91' lang='lat'><strong>13.</strong></span> <span class='ocrx_word' id='word_1_76' title='bbox 607 881 705 926; x_wconf 85' lang='lat' dir='ltr'><strong>Quia</strong></span> <span class='ocrx_word' id='word_1_77' title='bbox 744 881 937 919; x_wconf 88' lang='lat' dir='ltr'><strong>uendicari</strong></span> <span class='ocrx_word' id='word_1_78' title='bbox 976 884 1135 929; x_wconf 79' lang='lat' dir='ltr'><strong>possunt</strong></span> <span class='ocrx_word' id='word_1_79' title='bbox 1183 893 1279 928; x_wconf 85' lang='lat' dir='ltr'><strong>quae</strong></span> <span class='ocrx_word' id='word_1_80' title='bbox 1327 882 1416 917; x_wconf 88' lang='lat' dir='ltr'><strong>sunt</strong></span> <span class='ocrx_word' id='word_1_81' title='bbox 1455 879 1740 918; x_wconf 80' lang='lat' dir='ltr'><strong>adulationibus</strong></span> 
     </span>
     <span class='ocr_line' id='line_1_13' title="bbox 657 938 1740 986; baseline -0.001 -10"><span class='ocrx_word' id='word_1_82' title='bbox 657 939 870 986; x_wconf 83' lang='lat' dir='ltr'><strong>adquisita3</strong></span> <span class='ocrx_word' id='word_1_83' title='bbox 905 942 943 977; x_wconf 91' lang='lat' dir='ltr'><strong>et</strong></span> <span class='ocrx_word' id='word_1_84' title='bbox 975 940 1022 977; x_wconf 89' lang='lat' dir='ltr'><strong>de</strong></span> <span class='ocrx_word' id='word_1_85' title='bbox 1055 939 1257 977; x_wconf 90' lang='lat' dir='ltr'><strong>lenonibus</strong></span> <span class='ocrx_word' id='word_1_86' title='bbox 1288 941 1328 977; x_wconf 89' lang='lat' dir='ltr'><strong>et</strong></span> <span class='ocrx_word' id='word_1_87' title='bbox 1359 938 1536 976; x_wconf 79' lang='lat' dir='ltr'><strong>mollibus</strong></span> <span class='ocrx_word' id='word_1_88' title='bbox 1567 940 1606 976; x_wconf 86' lang='lat' dir='ltr'><strong>et</strong></span> <span class='ocrx_word' id='word_1_89' title='bbox 1638 949 1740 986; x_wconf 87' lang='lat' dir='ltr'><strong>pena</strong></span> 
     </span>
     <span class='ocr_line' id='line_1_14' title="bbox 657 997 1741 1045; baseline -0.002 -9"><span class='ocrx_word' id='word_1_90' title='bbox 657 1010 812 1042; x_wconf 71' lang='lat' dir='ltr'><strong>eorum:</strong></span> <span class='ocrx_word' id='word_1_91' title='bbox 862 1001 902 1036; x_wconf 88' lang='lat' dir='ltr'><strong>et</strong></span> <span class='ocrx_word' id='word_1_92' title='bbox 943 998 1043 1045; x_wconf 89' lang='lat' dir='ltr'><strong>quod</strong></span> <span class='ocrx_word' id='word_1_93' title='bbox 1083 998 1270 1045; x_wconf 85' lang='lat' dir='ltr'><strong>pudicitia</strong></span> <span class='ocrx_word' id='word_1_94' title='bbox 1309 997 1452 1035; x_wconf 82' lang='lat' dir='ltr'><strong>auferri</strong></span> <span class='ocrx_word' id='word_1_95' title='bbox 1491 1009 1571 1034; x_wconf 93' lang='lat' dir='ltr'><strong>non</strong></span> <span class='ocrx_word' id='word_1_96' title='bbox 1614 997 1741 1045; x_wconf 88' lang='lat' dir='ltr'><strong>potest</strong></span> 
     </span>
     <span class='ocr_line' id='line_1_15' title="bbox 657 1056 1404 1104; baseline 0.001 -11"><span class='ocrx_word' id='word_1_97' title='bbox 657 1057 859 1102; x_wconf 88' lang='lat' dir='ltr'><strong>uiolenter,</strong></span> <span class='ocrx_word' id='word_1_98' title='bbox 878 1056 952 1093; x_wconf 87' lang='lat' dir='ltr'><strong>nisi</strong></span> <span class='ocrx_word' id='word_1_99' title='bbox 969 1069 1075 1095; x_wconf 88' lang='lat' dir='ltr'><strong>mens</strong></span> <span class='ocrx_word' id='word_1_100' title='bbox 1090 1057 1174 1104; x_wconf 87' lang='lat' dir='ltr'><strong>ipsa</strong></span> <span class='ocrx_word' id='word_1_101' title='bbox 1184 1056 1404 1094; x_wconf 77' lang='lat' dir='ltr'><strong>consentiat</strong></span> 
     </span>
    </p>

    <p class='ocr_par' dir='ltr' id='par_1_6' title="bbox 528 1083 1742 1338">
     <span class='ocr_line' id='line_1_16' title="bbox 528 1083 1741 1163; baseline -0.002 -9"><span class='ocrx_word' id='word_1_102' title='bbox 528 1126 583 1160; x_wconf 87' lang='lat'><strong>14.</strong></span> <span class='ocrx_word' id='word_1_103' title='bbox 606 1115 833 1153; x_wconf 84' lang='lat' dir='ltr'><strong>Adulatores</strong></span> <span class='ocrx_word' id='word_1_104' title='bbox 848 1115 1059 1163; x_wconf 87' lang='lat' dir='ltr'><strong>puniendos</strong></span> <span class='ocrx_word' id='word_1_105' title='bbox 1072 1127 1165 1163; x_wconf 81' lang='lat' dir='ltr'><strong>esse,</strong></span> <span class='ocrx_word' id='word_1_106' title='bbox 1181 1118 1377 1162; x_wconf 87' lang='lat' dir='ltr'><strong>tamquam</strong></span> <span class='ocrx_word' id='word_1_107' title='bbox 1388 1114 1516 1152; x_wconf 86' lang='lat' dir='ltr'><strong>hostes</strong></span> <span class='ocrx_word' id='word_1_108' title='bbox 1527 1114 1684 1152; x_wconf 87' lang='lat' dir='ltr'><strong>deorum</strong></span> <span class='ocrx_word' id='word_1_109' title='bbox 1700 1083 1741 1151; x_wconf 81' lang='lat' dir='ltr'><strong>et</strong></span> 
     </span>
     <span class='ocr_line' id='line_1_17' title="bbox 657 1172 1738 1222; baseline -0.002 -12"><span class='ocrx_word' id='word_1_110' title='bbox 657 1173 868 1218; x_wconf 88' lang='lat' dir='ltr'><strong>hominum,</strong></span> <span class='ocrx_word' id='word_1_111' title='bbox 894 1176 934 1211; x_wconf 87' lang='lat' dir='ltr'><strong>et</strong></span> <span class='ocrx_word' id='word_1_112' title='bbox 958 1173 1160 1211; x_wconf 85' lang='lat' dir='ltr'><strong>ueritatem</strong></span> <span class='ocrx_word' id='word_1_113' title='bbox 1193 1175 1388 1222; x_wconf 78' lang='lat' dir='ltr'><strong>gratanter</strong></span> <span class='ocrx_word' id='word_1_114' title='bbox 1419 1172 1738 1220; x_wconf 82' lang='lat' dir='ltr'><strong>amplectendam,</strong></span> 
     </span>
     <span class='ocr_line' id='line_1_18' title="bbox 655 1231 1742 1299; baseline -0.002 -29"><span class='ocrx_word' id='word_1_115' title='bbox 655 1234 696 1270; x_wconf 85' lang='lat' dir='ltr'><strong>et</strong></span> <span class='ocrx_word' id='word_1_116' title='bbox 719 1231 948 1299; x_wconf 81' lang='lat' dir='ltr'><strong>patientiam</strong></span> <span class='ocrx_word' id='word_1_117' title='bbox 973 1232 1272 1278; x_wconf 81' lang='lat' dir='ltr'><strong>custodiendam,</strong></span> <span class='ocrx_word' id='word_1_118' title='bbox 1287 1234 1370 1269; x_wconf 90' lang='lat' dir='ltr'><strong>tam</strong></span> <span class='ocrx_word' id='word_1_119' title='bbox 1391 1231 1603 1269; x_wconf 87' lang='lat' dir='ltr'><strong>rationibus</strong></span> <span class='ocrx_word' id='word_1_120' title='bbox 1626 1243 1742 1278; x_wconf 86' lang='lat' dir='ltr'><strong>quam</strong></span> 
     </span>
     <span class='ocr_line' id='line_1_19' title="bbox 658 1290 1315 1357; baseline 0 -30"><span class='ocrx_word' id='word_1_121' title='bbox 658 1291 842 1357; x_wconf 83' lang='lat' dir='ltr'><strong>exemplis</strong></span> <span class='ocrx_word' id='word_1_122' title='bbox 858 1290 1042 1328; x_wconf 87' lang='lat' dir='ltr'><strong>maiorum</strong></span> <span class='ocrx_word' id='word_1_123' title='bbox 1094 1318 1103 1328; x_wconf 92' lang='lat'><strong>.</strong></span> <span class='ocrx_word' id='word_1_124' title='bbox 1306 1318 1315 1327; x_wconf 92' lang='lat'>.</span> 
     </span>
    </p>

    <p class='ocr_par' dir='ltr' id='par_1_7' title="bbox 513 1319 1740 1455">
     <span class='ocr_line' id='line_1_20' title="bbox 513 1319 1740 1397; baseline -0.002 -10"><span class='ocrx_word' id='word_1_125' title='bbox 513 1359 567 1397; x_wconf 86' lang='grc' dir='ltr'><strong>ι5.</strong></span> <span class='ocrx_word' id='word_1_126' title='bbox 592 1348 698 1394; x_wconf 85' lang='lat' dir='ltr'><strong>Quod</strong></span> <span class='ocrx_word' id='word_1_127' title='bbox 722 1349 758 1387; x_wconf 91' lang='lat' dir='ltr'><strong>ei</strong></span> <span class='ocrx_word' id='word_1_128' title='bbox 783 1350 984 1386; x_wconf 83' lang='lat' dir='ltr'><strong>dumtaxat</strong></span> <span class='ocrx_word' id='word_1_129' title='bbox 1009 1349 1101 1387; x_wconf 85' lang='lat' dir='ltr'><strong>lieet</strong></span> <span class='ocrx_word' id='word_1_130' title='bbox 1124 1319 1282 1394; x_wconf 78' lang='lat' dir='ltr'><strong>adulari,</strong></span> <span class='ocrx_word' id='word_1_131' title='bbox 1307 1360 1417 1396; x_wconf 89' lang='lat' dir='ltr'><strong>quem</strong></span> <span class='ocrx_word' id='word_1_132' title='bbox 1433 1348 1528 1387; x_wconf 89' lang='lat' dir='ltr'><strong>licet</strong></span> <span class='ocrx_word' id='word_1_133' title='bbox 1543 1348 1740 1396; x_wconf 89' lang='lat' dir='ltr'><strong>occidere;</strong></span> 
     </span>
     <span class='ocr_line' id='line_1_21' title="bbox 657 1407 1406 1455; baseline -0.001 -9"><span class='ocrx_word' id='word_1_134' title='bbox 657 1411 698 1446; x_wconf 89' lang='lat' dir='ltr'><strong>et</strong></span> <span class='ocrx_word' id='word_1_135' title='bbox 714 1409 815 1455; x_wconf 87' lang='lat' dir='ltr'><strong>quod</strong></span> <span class='ocrx_word' id='word_1_136' title='bbox 830 1408 1006 1446; x_wconf 86' lang='lat' dir='ltr'><strong>tirannus</strong></span> <span class='ocrx_word' id='word_1_137' title='bbox 1022 1407 1198 1455; x_wconf 88' lang='lat' dir='ltr'><strong>publicus</strong></span> <span class='ocrx_word' id='word_1_138' title='bbox 1211 1407 1332 1446; x_wconf 88' lang='lat' dir='ltr'><strong>hostis</strong></span> <span class='ocrx_word' id='word_1_139' title='bbox 1348 1409 1406 1446; x_wconf 90' lang='lat' dir='ltr'><strong>est</strong></span> 
     </span>
    </p>
   </div>
   <div class='ocr_carea' id='block_1_3' title="bbox 392 1522 1744 2871">
    <p class='ocr_par' dir='ltr' id='par_1_8' title="bbox 392 1522 889 1572">
     <span class='ocr_line' id='line_1_22' title="bbox 392 1522 889 1572; baseline -0.004 -10"><span class='ocrx_word' id='word_1_140' title='bbox 392 1526 518 1563; x_wconf 70' lang='lat' dir='ltr'><strong>Lnsm</strong></span> <span class='ocrx_word' id='word_1_141' title='bbox 539 1524 592 1562; x_wconf 86' lang='lat' dir='ltr'><strong>IV</strong></span> <span class='ocrx_word' id='word_1_142' title='bbox 640 1522 824 1572; x_wconf 83' lang='lat' dir='ltr'><strong>Prologus</strong></span> <span class='ocrx_word' id='word_1_143' title='bbox 879 1550 889 1560; x_wconf 87' lang='lat'><strong>.</strong></span> 
     </span>
    </p>

    <p class='ocr_par' dir='ltr' id='par_1_9' title="bbox 439 1592 1741 1643">
     <span class='ocr_line' id='line_1_23' title="bbox 439 1592 1741 1643; baseline -0.002 -11"><span class='ocrx_word' id='word_1_144' title='bbox 439 1594 531 1643; x_wconf 81' lang='lat' dir='ltr'><strong>Cap.</strong></span> <span class='ocrx_word' id='word_1_145' title='bbox 552 1605 582 1632; x_wconf 88' lang='lat'><strong>1.</strong></span> <span class='ocrx_word' id='word_1_146' title='bbox 605 1593 662 1631; x_wconf 90' lang='lat' dir='ltr'><strong>De</strong></span> <span class='ocrx_word' id='word_1_147' title='bbox 675 1592 897 1631; x_wconf 79' lang='lat' dir='ltr'><strong>differentia</strong></span> <span class='ocrx_word' id='word_1_148' title='bbox 912 1592 1099 1640; x_wconf 87' lang='lat' dir='ltr'><strong>principis</strong></span> <span class='ocrx_word' id='word_1_149' title='bbox 1116 1595 1156 1631; x_wconf 89' lang='lat' dir='ltr'><strong>et</strong></span> <span class='ocrx_word' id='word_1_150' title='bbox 1172 1592 1330 1638; x_wconf 85' lang='lat' dir='ltr'><strong>tiranni,</strong></span> <span class='ocrx_word' id='word_1_151' title='bbox 1343 1595 1384 1630; x_wconf 90' lang='lat' dir='ltr'><strong>et</strong></span> <span class='ocrx_word' id='word_1_152' title='bbox 1395 1592 1487 1639; x_wconf 90' lang='lat' dir='ltr'><strong>quid</strong></span> <span class='ocrx_word' id='word_1_153' title='bbox 1499 1592 1549 1629; x_wconf 91' lang='lat' dir='ltr'><strong>sit</strong></span> <span class='ocrx_word' id='word_1_154' title='bbox 1562 1592 1741 1640; x_wconf 87' lang='lat' dir='ltr'><strong>princeps</strong></span> 
     </span>
    </p>

    <p class='ocr_par' dir='ltr' id='par_1_10' title="bbox 549 1651 1742 1699">
     <span class='ocr_line' id='line_1_24' title="bbox 549 1651 1742 1699; baseline -0.003 -9"><span class='ocrx_word' id='word_1_155' title='bbox 549 1663 583 1691; x_wconf 85' lang='lat'><strong>2.</strong></span> <span class='ocrx_word' id='word_1_156' title='bbox 607 1652 705 1698; x_wconf 86' lang='lat' dir='ltr'><strong>Quid</strong></span> <span class='ocrx_word' id='word_1_157' title='bbox 733 1652 818 1695; x_wconf 86' lang='lat' dir='ltr'><strong>lex;</strong></span> <span class='ocrx_word' id='word_1_158' title='bbox 854 1655 894 1690; x_wconf 87' lang='lat' dir='ltr'><strong>et</strong></span> <span class='ocrx_word' id='word_1_159' title='bbox 922 1652 1022 1699; x_wconf 90' lang='lat' dir='ltr'><strong>quod</strong></span> <span class='ocrx_word' id='word_1_160' title='bbox 1046 1651 1232 1699; x_wconf 88' lang='lat' dir='ltr'><strong>princeps,</strong></span> <span class='ocrx_word' id='word_1_161' title='bbox 1261 1651 1354 1689; x_wconf 87' lang='lat' dir='ltr'><strong>licet</strong></span> <span class='ocrx_word' id='word_1_162' title='bbox 1381 1651 1432 1689; x_wconf 91' lang='lat' dir='ltr'><strong>sit</strong></span> <span class='ocrx_word' id='word_1_163' title='bbox 1459 1651 1555 1699; x_wconf 89' lang='lat' dir='ltr'><strong>legis</strong></span> <span class='ocrx_word' id='word_1_164' title='bbox 1582 1651 1742 1689; x_wconf 88' lang='lat' dir='ltr'><strong>nexibus</strong></span> 
     </span>
    </p>

    <p class='ocr_par' dir='ltr' id='par_1_11' title="bbox 661 1708 1741 1758">
     <span class='ocr_line' id='line_1_25' title="bbox 661 1708 1741 1758; baseline -0.002 -10"><span class='ocrx_word' id='word_1_165' title='bbox 661 1709 868 1754; x_wconf 87' lang='lat' dir='ltr'><strong>absolutus,</strong></span> <span class='ocrx_word' id='word_1_166' title='bbox 910 1708 1006 1758; x_wconf 87' lang='lat' dir='ltr'><strong>legis</strong></span> <span class='ocrx_word' id='word_1_167' title='bbox 1036 1712 1168 1747; x_wconf 85' lang='lat' dir='ltr'><strong>tamen</strong></span> <span class='ocrx_word' id='word_1_168' title='bbox 1200 1721 1330 1747; x_wconf 87' lang='lat' dir='ltr'><strong>seruus</strong></span> <span class='ocrx_word' id='word_1_169' title='bbox 1361 1712 1420 1747; x_wconf 86' lang='lat' dir='ltr'><strong>est</strong></span> <span class='ocrx_word' id='word_1_170' title='bbox 1450 1710 1489 1747; x_wconf 88' lang='lat' dir='ltr'><strong>et</strong></span> <span class='ocrx_word' id='word_1_171' title='bbox 1525 1709 1741 1756; x_wconf 84' lang='lat' dir='ltr'><strong>aequitatis,</strong></span> 
     </span>
    </p>

    <p class='ocr_par' dir='ltr' id='par_1_12' title="bbox 659 1768 1740 1877">
     <span class='ocr_line' id='line_1_26' title="bbox 659 1768 1740 1817; baseline 0 -11"><span class='ocrx_word' id='word_1_172' title='bbox 659 1769 831 1817; x_wconf 83' lang='lat' dir='ltr'><strong>geritque</strong></span> <span class='ocrx_word' id='word_1_173' title='bbox 859 1780 1060 1816; x_wconf 82' lang='lat' dir='ltr'><strong>personam</strong></span> <span class='ocrx_word' id='word_1_174' title='bbox 1094 1769 1299 1816; x_wconf 81' lang='lat' dir='ltr'><strong>publicam,</strong></span> <span class='ocrx_word' id='word_1_175' title='bbox 1331 1771 1370 1806; x_wconf 89' lang='lat' dir='ltr'><strong>et</strong></span> <span class='ocrx_word' id='word_1_176' title='bbox 1402 1768 1627 1806; x_wconf 85' lang='lat' dir='ltr'><strong>innocenter</strong></span> <span class='ocrx_word' id='word_1_177' title='bbox 1659 1780 1740 1806; x_wconf 85' lang='lat' dir='ltr'><strong>san·</strong></span> 
     </span>
     <span class='ocr_line' id='line_1_27' title="bbox 659 1827 1632 1877; baseline 0 -13"><span class='ocrx_word' id='word_1_178' title='bbox 659 1828 815 1877; x_wconf 90' lang='lat' dir='ltr'><strong>guinem</strong></span> <span class='ocrx_word' id='word_1_179' title='bbox 832 1827 1416 1865; x_wconf 83' lang='lat' dir='ltr'><strong>fundit..</strong></span> <span class='ocrx_word' id='word_1_180' title='bbox 1515 1854 1526 1865; x_wconf 89' lang='lat'>.</span> <span class='ocrx_word' id='word_1_181' title='bbox 1623 1854 1632 1864; x_wconf 93' lang='lat'><strong><em>.</em></strong></span> 
     </span>
    </p>

    <p class='ocr_par' dir='ltr' id='par_1_13' title="bbox 551 1867 1740 1934">
     <span class='ocr_line' id='line_1_28' title="bbox 551 1867 1740 1934; baseline -0.001 -11"><span class='ocrx_word' id='word_1_182' title='bbox 551 1897 584 1934; x_wconf 90' lang='lat'><strong>3.</strong></span> <span class='ocrx_word' id='word_1_183' title='bbox 610 1885 716 1931; x_wconf 84' lang='lat' dir='ltr'><strong>Quod</strong></span> <span class='ocrx_word' id='word_1_184' title='bbox 739 1885 915 1933; x_wconf 85' lang='lat' dir='ltr'><strong>princeps</strong></span> <span class='ocrx_word' id='word_1_185' title='bbox 937 1867 1111 1923; x_wconf 70' lang='lat' dir='ltr'><strong>minister</strong></span> <span class='ocrx_word' id='word_1_186' title='bbox 1128 1888 1184 1923; x_wconf 87' lang='lat' dir='ltr'><strong>est</strong></span> <span class='ocrx_word' id='word_1_187' title='bbox 1201 1885 1440 1923; x_wconf 86' lang='lat' dir='ltr'><strong>sacerdotum</strong></span> <span class='ocrx_word' id='word_1_188' title='bbox 1457 1886 1497 1922; x_wconf 87' lang='lat' dir='ltr'><strong>et</strong></span> <span class='ocrx_word' id='word_1_189' title='bbox 1520 1884 1645 1922; x_wconf 87' lang='lat' dir='ltr'><strong>minor</strong></span> <span class='ocrx_word' id='word_1_190' title='bbox 1666 1884 1740 1932; x_wconf 87' lang='lat' dir='ltr'><strong>eis;</strong></span> 
     </span>
    </p>

    <p class='ocr_par' dir='ltr' id='par_1_14' title="bbox 658 1942 1741 1992">
     <span class='ocr_line' id='line_1_29' title="bbox 658 1942 1741 1992; baseline 0 -10"><span class='ocrx_word' id='word_1_191' title='bbox 658 1947 698 1982; x_wconf 86' lang='lat' dir='ltr'><strong>ct</strong></span> <span class='ocrx_word' id='word_1_192' title='bbox 713 1943 804 1991; x_wconf 88' lang='lat' dir='ltr'><strong>quid</strong></span> <span class='ocrx_word' id='word_1_193' title='bbox 827 1943 876 1981; x_wconf 86' lang='lat' dir='ltr'><strong>sit</strong></span> <span class='ocrx_word' id='word_1_194' title='bbox 902 1942 1158 1982; x_wconf 87' lang='lat' dir='ltr'><strong>ministerium</strong></span> <span class='ocrx_word' id='word_1_195' title='bbox 1175 1943 1413 1991; x_wconf 85' lang='lat' dir='ltr'><strong>principatus</strong></span> <span class='ocrx_word' id='word_1_196' title='bbox 1430 1943 1596 1982; x_wconf 87' lang='lat' dir='ltr'><strong>fideliter</strong></span> <span class='ocrx_word' id='word_1_197' title='bbox 1611 1955 1741 1992; x_wconf 78' lang='lat' dir='ltr'><strong>gerere</strong></span> 
     </span>
    </p>

    <p class='ocr_par' dir='ltr' id='par_1_15' title="bbox 549 2001 1743 2051">
     <span class='ocr_line' id='line_1_30' title="bbox 549 2001 1743 2051; baseline 0 -12"><span class='ocrx_word' id='word_1_198' title='bbox 549 2014 584 2049; x_wconf 82' lang='grc'><strong>4.</strong></span> <span class='ocrx_word' id='word_1_199' title='bbox 610 2003 717 2048; x_wconf 87' lang='lat' dir='ltr'><strong>Quod</strong></span> <span class='ocrx_word' id='word_1_200' title='bbox 734 2002 891 2040; x_wconf 86' lang='lat' dir='ltr'><strong>diuinae</strong></span> <span class='ocrx_word' id='word_1_201' title='bbox 906 2001 1002 2050; x_wconf 88' lang='lat' dir='ltr'><strong>legis</strong></span> <span class='ocrx_word' id='word_1_202' title='bbox 1019 2002 1252 2040; x_wconf 85' lang='lat' dir='ltr'><strong>auctoritate</strong></span> <span class='ocrx_word' id='word_1_203' title='bbox 1268 2004 1416 2039; x_wconf 83' lang='lat' dir='ltr'><strong>constat</strong></span> <span class='ocrx_word' id='word_1_204' title='bbox 1431 2001 1645 2050; x_wconf 83' lang='lat' dir='ltr'><strong>principem</strong></span> <span class='ocrx_word' id='word_1_205' title='bbox 1663 2002 1743 2051; x_wconf 86' lang='lat' dir='ltr'><strong>legi</strong></span> 
     </span>
    </p>

    <p class='ocr_par' dir='ltr' id='par_1_16' title="bbox 661 2060 1634 2099">
     <span class='ocr_line' id='line_1_31' title="bbox 661 2060 1634 2099; baseline 0 -1"><span class='ocrx_word' id='word_1_206' title='bbox 661 2060 832 2099; x_wconf 82' lang='lat' dir='ltr'><strong>iustitiae</strong></span> <span class='ocrx_word' id='word_1_207' title='bbox 849 2072 927 2099; x_wconf 81' lang='lat' dir='ltr'><strong>esse</strong></span> <span class='ocrx_word' id='word_1_208' title='bbox 944 2061 1157 2098; x_wconf 90' lang='lat' dir='ltr'><strong>subiectum</strong></span> <span class='ocrx_word' id='word_1_209' title='bbox 1198 2088 1208 2099; x_wconf 89' lang='lat'><strong>.</strong></span> <span class='ocrx_word' id='word_1_210' title='bbox 1518 2085 1529 2097; x_wconf 84' lang='lat'><strong>.</strong></span> <span class='ocrx_word' id='word_1_211' title='bbox 1623 2086 1634 2098; x_wconf 91' lang='lat'><strong>.</strong></span> 
     </span>
    </p>

    <p class='ocr_par' dir='ltr' id='par_1_17' title="bbox 551 2118 1743 2214">
     <span class='ocr_line' id='line_1_32' title="bbox 551 2118 1743 2214; baseline -0.001 -57"><span class='ocrx_word' id='word_1_212' title='bbox 551 2129 582 2168; x_wconf 94' lang='grc'><strong>5.</strong></span> <span class='ocrx_word' id='word_1_213' title='bbox 607 2119 712 2165; x_wconf 90' lang='lat' dir='ltr'><strong>Quod</strong></span> <span class='ocrx_word' id='word_1_214' title='bbox 741 2118 957 2167; x_wconf 86' lang='lat' dir='ltr'><strong>principem</strong></span> <span class='ocrx_word' id='word_1_215' title='bbox 989 2121 1135 2157; x_wconf 81' lang='lat' dir='ltr'><strong>castum</strong></span> <span class='ocrx_word' id='word_1_216' title='bbox 1162 2130 1242 2157; x_wconf 84' lang='lat' dir='ltr'><strong>esse</strong></span> <span class='ocrx_word' id='word_1_217' title='bbox 1274 2119 1438 2214; x_wconf 82' lang='lat' dir='ltr'><strong>oportet,</strong></span> <span class='ocrx_word' id='word_1_218' title='bbox 1467 2121 1506 2156; x_wconf 84' lang='lat' dir='ltr'><strong>st</strong></span> <span class='ocrx_word' id='word_1_219' title='bbox 1538 2118 1743 2157; x_wconf 82' lang='lat' dir='ltr'><strong>auaritiam</strong></span> 
     </span>
    </p>

    <p class='ocr_par' dir='ltr' id='par_1_18' title="bbox 659 2178 888 2215">
     <span class='ocr_line' id='line_1_33' title="bbox 659 2178 888 2215; baseline -0.005 0"><span class='ocrx_word' id='word_1_220' title='bbox 659 2178 888 2215; x_wconf 84' lang='lat' dir='ltr'><strong>declinare.</strong></span> 
     </span>
    </p>

    <p class='ocr_par' dir='ltr' id='par_1_19' title="bbox 549 2205 1744 2284">
     <span class='ocr_line' id='line_1_34' title="bbox 549 2205 1744 2284; baseline 0 -9"><span class='ocrx_word' id='word_1_221' title='bbox 549 2238 584 2275; x_wconf 90' lang='lat'><strong>6.</strong></span> <span class='ocrx_word' id='word_1_222' title='bbox 609 2236 716 2282; x_wconf 84' lang='lat' dir='ltr'><strong>Quod</strong></span> <span class='ocrx_word' id='word_1_223' title='bbox 741 2236 854 2274; x_wconf 86' lang='lat' dir='ltr'><strong>debet</strong></span> <span class='ocrx_word' id='word_1_224' title='bbox 878 2235 1002 2284; x_wconf 88' lang='lat' dir='ltr'><strong>legem</strong></span> <span class='ocrx_word' id='word_1_225' title='bbox 1029 2205 1099 2273; x_wconf 86' lang='lat' dir='ltr'><strong>Dei</strong></span> <span class='ocrx_word' id='word_1_226' title='bbox 1124 2235 1267 2274; x_wconf 82' lang='lat' dir='ltr'><strong>habere</strong></span> <span class='ocrx_word' id='word_1_227' title='bbox 1294 2246 1383 2283; x_wconf 76' lang='lat' dir='ltr'><strong>prae</strong></span> <span class='ocrx_word' id='word_1_228' title='bbox 1412 2238 1538 2274; x_wconf 87' lang='lat' dir='ltr'><strong>mente</strong></span> <span class='ocrx_word' id='word_1_229' title='bbox 1562 2237 1602 2274; x_wconf 87' lang='lat' dir='ltr'><strong>et</strong></span> <span class='ocrx_word' id='word_1_230' title='bbox 1625 2236 1744 2275; x_wconf 84' lang='lat' dir='ltr'><strong>oculis</strong></span> 
     </span>
    </p>

    <p class='ocr_par' dir='ltr' id='par_1_20' title="bbox 659 2294 1742 2343">
     <span class='ocr_line' id='line_1_35' title="bbox 659 2294 1742 2343; baseline -0.001 -10"><span class='ocrx_word' id='word_1_231' title='bbox 659 2306 820 2343; x_wconf 81' lang='lat' dir='ltr'><strong>semper,</strong></span> <span class='ocrx_word' id='word_1_232' title='bbox 838 2297 878 2332; x_wconf 87' lang='lat' dir='ltr'><strong>et</strong></span> <span class='ocrx_word' id='word_1_233' title='bbox 902 2294 1046 2342; x_wconf 83' lang='lat' dir='ltr'><strong>peritus</strong></span> <span class='ocrx_word' id='word_1_234' title='bbox 1071 2305 1150 2333; x_wconf 84' lang='lat' dir='ltr'><strong>csse</strong></span> <span class='ocrx_word' id='word_1_235' title='bbox 1175 2294 1216 2331; x_wconf 90' lang='lat' dir='ltr'><strong>in</strong></span> <span class='ocrx_word' id='word_1_236' title='bbox 1240 2294 1393 2339; x_wconf 84' lang='lat' dir='ltr'><strong>litteris.</strong></span> <span class='ocrx_word' id='word_1_237' title='bbox 1419 2296 1460 2332; x_wconf 82' lang='lat' dir='ltr'><strong>et</strong></span> <span class='ocrx_word' id='word_1_238' title='bbox 1485 2294 1742 2333; x_wconf 85' lang='lat' dir='ltr'><strong>litteratorum</strong></span> 
     </span>
    </p>

    <p class='ocr_par' dir='ltr' id='par_1_21' title="bbox 659 2353 1633 2402">
     <span class='ocr_line' id='line_1_36' title="bbox 659 2353 1633 2402; baseline 0.001 -11"><span class='ocrx_word' id='word_1_239' title='bbox 659 2354 722 2402; x_wconf 81' lang='lat' dir='ltr'><strong>agi</strong></span> <span class='ocrx_word' id='word_1_240' title='bbox 740 2353 906 2391; x_wconf 84' lang='lat' dir='ltr'><strong>consiliis</strong></span> <span class='ocrx_word' id='word_1_241' title='bbox 985 2379 995 2390; x_wconf 89' lang='lat'><strong>.</strong></span> <span class='ocrx_word' id='word_1_242' title='bbox 1409 2380 1418 2391; x_wconf 89' lang='lat'><em>.</em></span> <span class='ocrx_word' id='word_1_243' title='bbox 1515 2380 1524 2390; x_wconf 91' lang='lat'>.</span> <span class='ocrx_word' id='word_1_244' title='bbox 1622 2380 1633 2392; x_wconf 86' lang='lat'><strong>.</strong></span> 
     </span>
    </p>

    <p class='ocr_par' dir='ltr' id='par_1_22' title="bbox 552 2410 1742 2459">
     <span class='ocr_line' id='line_1_37' title="bbox 552 2410 1742 2459; baseline 0.001 -10"><span class='ocrx_word' id='word_1_245' title='bbox 552 2421 585 2459; x_wconf 92' lang='lat'>7</span> <span class='ocrx_word' id='word_1_246' title='bbox 610 2411 716 2458; x_wconf 85' lang='lat' dir='ltr'><strong>Quod</strong></span> <span class='ocrx_word' id='word_1_247' title='bbox 733 2411 909 2450; x_wconf 82' lang='lat' dir='ltr'><strong>timorem</strong></span> <span class='ocrx_word' id='word_1_248' title='bbox 926 2411 996 2449; x_wconf 86' lang='lat' dir='ltr'><strong>Dei</strong></span> <span class='ocrx_word' id='word_1_249' title='bbox 1013 2410 1140 2449; x_wconf 86' lang='lat' dir='ltr'><strong>doceri</strong></span> <span class='ocrx_word' id='word_1_250' title='bbox 1156 2410 1282 2455; x_wconf 82' lang='lat' dir='ltr'><strong>debet,</strong></span> <span class='ocrx_word' id='word_1_251' title='bbox 1291 2413 1331 2449; x_wconf 88' lang='lat' dir='ltr'><strong>et</strong></span> <span class='ocrx_word' id='word_1_252' title='bbox 1348 2410 1504 2449; x_wconf 85' lang='lat' dir='ltr'><strong>humilis</strong></span> <span class='ocrx_word' id='word_1_253' title='bbox 1521 2423 1614 2456; x_wconf 86' lang='lat' dir='ltr'><strong>esse,</strong></span> <span class='ocrx_word' id='word_1_254' title='bbox 1631 2413 1672 2449; x_wconf 86' lang='lat' dir='ltr'><strong>et</strong></span> <span class='ocrx_word' id='word_1_255' title='bbox 1688 2411 1742 2450; x_wconf 88' lang='lat' dir='ltr'><strong>sic</strong></span> 
     </span>
    </p>

    <p class='ocr_par' dir='ltr' id='par_1_23' title="bbox 661 2469 1742 2517">
     <span class='ocr_line' id='line_1_38' title="bbox 661 2469 1742 2517; baseline 0.001 -10"><span class='ocrx_word' id='word_1_256' title='bbox 661 2482 814 2508; x_wconf 83' lang='lat' dir='ltr'><strong>seruare</strong></span> <span class='ocrx_word' id='word_1_257' title='bbox 830 2469 1091 2507; x_wconf 82' lang='lat' dir='ltr'><strong>humilitatem</strong></span> <span class='ocrx_word' id='word_1_258' title='bbox 1109 2470 1209 2517; x_wconf 88' lang='lat' dir='ltr'><strong>quod</strong></span> <span class='ocrx_word' id='word_1_259' title='bbox 1228 2469 1436 2507; x_wconf 85' lang='lat' dir='ltr'><strong>auctoritas</strong></span> <span class='ocrx_word' id='word_1_260' title='bbox 1456 2469 1640 2517; x_wconf 86' lang='lat' dir='ltr'><strong>principis</strong></span> <span class='ocrx_word' id='word_1_261' title='bbox 1665 2482 1742 2508; x_wconf 89' lang='lat' dir='ltr'><strong>non</strong></span> 
     </span>
    </p>

    <p class='ocr_par' dir='ltr' id='par_1_24' title="bbox 661 2527 1743 2576">
     <span class='ocr_line' id='line_1_39' title="bbox 661 2527 1743 2576; baseline 0.001 -11"><span class='ocrx_word' id='word_1_262' title='bbox 661 2529 881 2571; x_wconf 62' lang='lat' dir='ltr'><strong>minuatum</strong></span> <span class='ocrx_word' id='word_1_263' title='bbox 906 2531 945 2566; x_wconf 86' lang='lat' dir='ltr'><strong>et</strong></span> <span class='ocrx_word' id='word_1_264' title='bbox 962 2529 1060 2575; x_wconf 90' lang='lat' dir='ltr'><strong>quod</strong></span> <span class='ocrx_word' id='word_1_265' title='bbox 1080 2531 1368 2576; x_wconf 80' lang='lat' dir='ltr'><strong>praeceptorum</strong></span> <span class='ocrx_word' id='word_1_266' title='bbox 1384 2527 1463 2566; x_wconf 82' lang='lat' dir='ltr'><strong>alia</strong></span> <span class='ocrx_word' id='word_1_267' title='bbox 1480 2528 1647 2574; x_wconf 87' lang='lat' dir='ltr'><strong>mobilia,</strong></span> <span class='ocrx_word' id='word_1_268' title='bbox 1665 2529 1743 2567; x_wconf 80' lang='lat' dir='ltr'><strong>alia</strong></span> 
     </span>
    </p>

    <p class='ocr_par' dir='ltr' id='par_1_25' title="bbox 662 2586 1635 2624">
     <span class='ocr_line' id='line_1_40' title="bbox 662 2586 1635 2624; baseline -0.001 0"><span class='ocrx_word' id='word_1_269' title='bbox 662 2586 1107 2624; x_wconf 79' lang='lat' dir='ltr'><strong>immobilia..</strong></span> <span class='ocrx_word' id='word_1_270' title='bbox 1310 2613 1320 2624; x_wconf 90' lang='lat'><strong>.</strong></span> <span class='ocrx_word' id='word_1_271' title='bbox 1415 2614 1424 2623; x_wconf 91' lang='lat'><em>.</em></span> <span class='ocrx_word' id='word_1_272' title='bbox 1521 2613 1530 2623; x_wconf 92' lang='lat'>.</span> <span class='ocrx_word' id='word_1_273' title='bbox 1626 2613 1635 2623; x_wconf 93' lang='lat'>.</span> 
     </span>
    </p>

    <p class='ocr_par' dir='ltr' id='par_1_26' title="bbox 550 2644 1742 2693">
     <span class='ocr_line' id='line_1_41' title="bbox 550 2644 1742 2693; baseline -0.001 -8"><span class='ocrx_word' id='word_1_274' title='bbox 550 2646 584 2685; x_wconf 90' lang='grc'><strong>8.</strong></span> <span class='ocrx_word' id='word_1_275' title='bbox 611 2645 667 2684; x_wconf 84' lang='lat' dir='ltr'><strong>Dc</strong></span> <span class='ocrx_word' id='word_1_276' title='bbox 685 2645 946 2685; x_wconf 83' lang='lat' dir='ltr'><strong>moderatione</strong></span> <span class='ocrx_word' id='word_1_277' title='bbox 964 2644 1132 2683; x_wconf 81' lang='lat' dir='ltr'><strong>iustitiae</strong></span> <span class='ocrx_word' id='word_1_278' title='bbox 1145 2646 1184 2684; x_wconf 86' lang='lat' dir='ltr'><strong>et</strong></span> <span class='ocrx_word' id='word_1_279' title='bbox 1197 2644 1422 2683; x_wconf 80' lang='lat' dir='ltr'><strong>clementiae</strong></span> <span class='ocrx_word' id='word_1_280' title='bbox 1437 2644 1634 2693; x_wconf 82' lang='lat' dir='ltr'><strong>principis,</strong></span> <span class='ocrx_word' id='word_1_281' title='bbox 1646 2657 1742 2693; x_wconf 86' lang='lat' dir='ltr'><strong>quae</strong></span> 
     </span>
    </p>

    <p class='ocr_par' dir='ltr' id='par_1_27' title="bbox 659 2702 1740 2752">
     <span class='ocr_line' id='line_1_42' title="bbox 659 2702 1740 2752; baseline 0 -11"><span class='ocrx_word' id='word_1_282' title='bbox 659 2704 824 2742; x_wconf 80' lang='lat' dir='ltr'><strong>debent</strong></span> <span class='ocrx_word' id='word_1_283' title='bbox 813 2716 854 2741; x_wconf 89' lang='grc' dir='ltr'><strong>ιιι</strong></span> <span class='ocrx_word' id='word_1_284' title='bbox 869 2716 912 2742; x_wconf 84' lang='lat' dir='ltr'><strong>eo</strong></span> <span class='ocrx_word' id='word_1_285' title='bbox 924 2703 971 2741; x_wconf 79' lang='lat' dir='ltr'><strong>ad</strong></span> <span class='ocrx_word' id='word_1_286' title='bbox 986 2702 1196 2742; x_wconf 82' lang='lat' dir='ltr'><strong>utilitatem</strong></span> <span class='ocrx_word' id='word_1_287' title='bbox 1208 2703 1261 2742; x_wconf 86' lang='lat' dir='ltr'><strong>rei</strong></span> <span class='ocrx_word' id='word_1_288' title='bbox 1276 2702 1451 2751; x_wconf 80' lang='lat' dir='ltr'><strong>publicae</strong></span> <span class='ocrx_word' id='word_1_289' title='bbox 1462 2704 1740 2752; x_wconf 83' lang='lat' dir='ltr'><strong>contemperari</strong></span> 
     </span>
    </p>

    <p class='ocr_par' dir='ltr' id='par_1_28' title="bbox 549 2761 1741 2810">
     <span class='ocr_line' id='line_1_43' title="bbox 549 2761 1741 2810; baseline 0 -10"><span class='ocrx_word' id='word_1_290' title='bbox 549 2772 584 2810; x_wconf 89' lang='lat'><strong>9.</strong></span> <span class='ocrx_word' id='word_1_291' title='bbox 609 2762 706 2808; x_wconf 85' lang='lat' dir='ltr'><strong>Quid</strong></span> <span class='ocrx_word' id='word_1_292' title='bbox 730 2762 782 2800; x_wconf 90' lang='lat' dir='ltr'><strong>sit</strong></span> <span class='ocrx_word' id='word_1_293' title='bbox 806 2762 997 2801; x_wconf 75' lang='lat' dir='ltr'><strong>declinare</strong></span> <span class='ocrx_word' id='word_1_294' title='bbox 1021 2762 1070 2799; x_wconf 81' lang='lat' dir='ltr'><strong>ad</strong></span> <span class='ocrx_word' id='word_1_295' title='bbox 1094 2762 1293 2801; x_wconf 82' lang='lat' dir='ltr'><strong>dexteram</strong></span> <span class='ocrx_word' id='word_1_296' title='bbox 1319 2761 1382 2800; x_wconf 84' lang='lat' dir='ltr'><strong>uel</strong></span> <span class='ocrx_word' id='word_1_297' title='bbox 1407 2762 1611 2810; x_wconf 82' lang='lat' dir='ltr'><strong>sinistram,</strong></span> <span class='ocrx_word' id='word_1_298' title='bbox 1640 2763 1741 2810; x_wconf 85' lang='lat' dir='ltr'><strong>quod</strong></span> 
     </span>
    </p>

    <p class='ocr_par' dir='ltr' id='par_1_29' title="bbox 661 2820 1104 2871">
     <span class='ocr_line' id='line_1_44' title="bbox 661 2820 1104 2871; baseline -0.005 -11"><span class='ocrx_word' id='word_1_299' title='bbox 661 2821 838 2871; x_wconf 81' lang='lat' dir='ltr'><strong>princeps</strong></span> <span class='ocrx_word' id='word_1_300' title='bbox 853 2820 1077 2870; x_wconf 83' lang='lat' dir='ltr'><strong>prohibetur</strong></span> <span class='ocrx_word' id='word_1_301' title='bbox 1095 2846 1104 2857; x_wconf 91' lang='lat'>.</span> 
     </span>
    </p>
   </div>
   <div class='ocr_carea' id='block_1_4' title="bbox 511 2880 558 2924">
    <p class='ocr_par' dir='ltr' id='par_1_30' title="bbox 511 2880 558 2924">
     <span class='ocr_line' id='line_1_45' title="bbox 511 2880 558 2924; baseline 0 0"><span class='ocrx_word' id='word_1_302' title='bbox 511 2880 558 2924; x_wconf 83' lang='lat' dir='ltr'><strong>vi</strong></span> 
     </span>
    </p>
   </div>
   <div class='ocr_carea' id='block_1_5' title="bbox 1759 303 1854 332">
    <p class='ocr_par' dir='ltr' id='par_1_31' title="bbox 1759 303 1854 332">
     <span class='ocr_line' id='line_1_46' title="bbox 1759 303 1854 332; baseline -0.011 0"><span class='ocrx_word' id='word_1_303' title='bbox 1759 303 1854 332; x_wconf 70' lang='lat' dir='ltr'>PAG.</span> 
     </span>
    </p>
   </div>
   <div class='ocr_carea' id='block_1_6' title="bbox 1726 421 1857 459">
    <p class='ocr_par' dir='ltr' id='par_1_32' title="bbox 1726 421 1857 459">
     <span class='ocr_line' id='line_1_47' title="bbox 1726 421 1857 459; baseline 0.008 -1"><span class='ocrx_word' id='word_1_304' title='bbox 1726 437 1736 448; x_wconf 89' lang='lat'><strong>·</strong></span> <span class='ocrx_word' id='word_1_305' title='bbox 1789 421 1857 459; x_wconf 81' lang='lat'><strong>199</strong></span> 
     </span>
    </p>
   </div>
   <div class='ocr_carea' id='block_1_7' title="bbox 1728 537 1855 575">
    <p class='ocr_par' dir='ltr' id='par_1_33' title="bbox 1728 537 1855 575">
     <span class='ocr_line' id='line_1_48' title="bbox 1728 537 1855 575; baseline 0 -9"><span class='ocrx_word' id='word_1_306' title='bbox 1728 555 1739 566; x_wconf 88' lang='lat'>.</span> <span class='ocrx_word' id='word_1_307' title='bbox 1789 537 1855 575; x_wconf 85' lang='lat'><strong>205</strong></span> 
     </span>
    </p>
   </div>
   <div class='ocr_carea' id='block_1_8' title="bbox 1729 831 1858 867">
    <p class='ocr_par' dir='ltr' id='par_1_34' title="bbox 1729 831 1858 867">
     <span class='ocr_line' id='line_1_49' title="bbox 1729 831 1858 867; baseline 0.016 -10"><span class='ocrx_word' id='word_1_308' title='bbox 1729 831 1858 867; x_wconf 81' lang='lat'><em>,209</em></span> 
     </span>
    </p>
   </div>
   <div class='ocr_carea' id='block_1_9' title="bbox 1788 1055 1859 1092">
    <p class='ocr_par' dir='ltr' id='par_1_35' title="bbox 1788 1055 1859 1092">
     <span class='ocr_line' id='line_1_50' title="bbox 1788 1055 1859 1092; baseline 0 0"><span class='ocrx_word' id='word_1_309' title='bbox 1788 1055 1859 1092; x_wconf 88' lang='lat'><strong>216</strong></span> 
     </span>
    </p>
   </div>
   <div class='ocr_carea' id='block_1_10' title="bbox 1729 1299 1855 1326">
    <p class='ocr_par' dir='ltr' id='par_1_36' title="bbox 1729 1299 1855 1326">
     <span class='ocr_line' id='line_1_51' title="bbox 1729 1299 1855 1326; baseline 0 0"><span class='ocrx_word' id='word_1_310' title='bbox 1729 1316 1739 1326; x_wconf 84' lang='lat'>.</span> <span class='ocrx_word' id='word_1_311' title='bbox 1788 1299 1855 1326; x_wconf 84' lang='lat'><strong>221</strong></span> 
     </span>
    </p>
   </div>
   <div class='ocr_carea' id='block_1_11' title="bbox 1730 1417 1858 1454">
    <p class='ocr_par' dir='ltr' id='par_1_37' title="bbox 1730 1417 1858 1454">
     <span class='ocr_line' id='line_1_52' title="bbox 1730 1417 1858 1454; baseline -0.008 -10"><span class='ocrx_word' id='word_1_312' title='bbox 1730 1434 1740 1444; x_wconf 89' lang='lat'><em>.</em></span> <span class='ocrx_word' id='word_1_313' title='bbox 1789 1417 1858 1454; x_wconf 84' lang='lat'><strong>232</strong></span> 
     </span>
    </p>
   </div>
   <div class='ocr_carea' id='block_1_12' title="bbox 1727 1532 1856 1569">
    <p class='ocr_par' dir='ltr' id='par_1_38' title="bbox 1727 1532 1856 1569">
     <span class='ocr_line' id='line_1_53' title="bbox 1727 1532 1856 1569; baseline -0.016 1"><span class='ocrx_word' id='word_1_314' title='bbox 1727 1550 1737 1560; x_wconf 88' lang='lat'><strong>·</strong></span> <span class='ocrx_word' id='word_1_315' title='bbox 1789 1532 1856 1569; x_wconf 80' lang='lat'><strong>234</strong></span> 
     </span>
    </p>
   </div>
   <div class='ocr_carea' id='block_1_13' title="bbox 1789 1601 1856 1639">
    <p class='ocr_par' dir='ltr' id='par_1_39' title="bbox 1789 1601 1856 1639">
     <span class='ocr_line' id='line_1_54' title="bbox 1789 1601 1856 1639; baseline 0 0"><span class='ocrx_word' id='word_1_316' title='bbox 1789 1601 1856 1639; x_wconf 83' lang='lat'><strong>235</strong></span> 
     </span>
    </p>
   </div>
   <div class='ocr_carea' id='block_1_14' title="bbox 1728 1837 1857 1874">
    <p class='ocr_par' dir='ltr' id='par_1_40' title="bbox 1728 1837 1857 1874">
     <span class='ocr_line' id='line_1_55' title="bbox 1728 1837 1857 1874; baseline -0.008 -9"><span class='ocrx_word' id='word_1_317' title='bbox 1728 1854 1738 1865; x_wconf 78' lang='lat'><strong>·</strong></span> <span class='ocrx_word' id='word_1_318' title='bbox 1789 1837 1857 1874; x_wconf 89' lang='grc'><strong>237</strong></span> 
     </span>
    </p>
   </div>
   <div class='ocr_carea' id='block_1_15' title="bbox 1790 1955 1859 1992">
    <p class='ocr_par' dir='ltr' id='par_1_41' title="bbox 1790 1955 1859 1992">
     <span class='ocr_line' id='line_1_56' title="bbox 1790 1955 1859 1992; baseline 0 0"><span class='ocrx_word' id='word_1_319' title='bbox 1790 1955 1859 1992; x_wconf 85' lang='lat'><strong>239</strong></span> 
     </span>
    </p>
   </div>
   <div class='ocr_carea' id='block_1_16' title="bbox 1729 2071 1861 2108">
    <p class='ocr_par' dir='ltr' id='par_1_42' title="bbox 1729 2071 1861 2108">
     <span class='ocr_line' id='line_1_57' title="bbox 1729 2071 1861 2108; baseline -0.008 0"><span class='ocrx_word' id='word_1_320' title='bbox 1729 2084 1741 2096; x_wconf 93' lang='lat'><strong>·</strong></span> <span class='ocrx_word' id='word_1_321' title='bbox 1791 2071 1861 2108; x_wconf 83' lang='lat'><strong>244</strong></span> 
     </span>
    </p>
   </div>
   <div class='ocr_carea' id='block_1_17' title="bbox 1790 2187 1859 2224">
    <p class='ocr_par' dir='ltr' id='par_1_43' title="bbox 1790 2187 1859 2224">
     <span class='ocr_line' id='line_1_58' title="bbox 1790 2187 1859 2224; baseline 0 0"><span class='ocrx_word' id='word_1_322' title='bbox 1790 2187 1859 2224; x_wconf 83' lang='lat'><strong>247</strong></span> 
     </span>
    </p>
   </div>
   <div class='ocr_carea' id='block_1_18' title="bbox 1729 2363 1861 2402">
    <p class='ocr_par' dir='ltr' id='par_1_44' title="bbox 1729 2363 1861 2402">
     <span class='ocr_line' id='line_1_59' title="bbox 1729 2363 1861 2402; baseline 0.008 -11"><span class='ocrx_word' id='word_1_323' title='bbox 1729 2380 1740 2391; x_wconf 90' lang='lat'><strong>.</strong></span> <span class='ocrx_word' id='word_1_324' title='bbox 1790 2363 1861 2402; x_wconf 82' lang='lat'><strong>250</strong></span> 
     </span>
    </p>
   </div>
   <div class='ocr_carea' id='block_1_19' title="bbox 1730 2597 1858 2635">
    <p class='ocr_par' dir='ltr' id='par_1_45' title="bbox 1730 2597 1858 2635">
     <span class='ocr_line' id='line_1_60' title="bbox 1730 2597 1858 2635; baseline 0 0"><span class='ocrx_word' id='word_1_325' title='bbox 1730 2615 1740 2625; x_wconf 89' lang='lat'><em>-</em></span> <span class='ocrx_word' id='word_1_326' title='bbox 1790 2597 1858 2635; x_wconf 82' lang='lat'><strong>257</strong></span> 
     </span>
    </p>
   </div>
   <div class='ocr_carea' id='block_1_20' title="bbox 1790 2707 1858 2744">
    <p class='ocr_par' dir='ltr' id='par_1_46' title="bbox 1790 2707 1858 2744">
     <span class='ocr_line' id='line_1_61' title="bbox 1790 2707 1858 2744; baseline 0 -1"><span class='ocrx_word' id='word_1_327' title='bbox 1790 2707 1858 2744; x_wconf 84' lang='lat'><strong>262</strong></span> 
     </span>
    </p>
   </div>
   <div class='ocr_carea' id='block_1_21' title="bbox 1731 2824 1860 2862">
    <p class='ocr_par' dir='ltr' id='par_1_47' title="bbox 1731 2824 1860 2862">
     <span class='ocr_line' id='line_1_62' title="bbox 1731 2824 1860 2862; baseline 0.008 -1"><span class='ocrx_word' id='word_1_328' title='bbox 1731 2824 1860 2862; x_wconf 81' lang='lat'><strong>‚266</strong></span> 
     </span>
    </p>
   </div>
  </div>
 </body>
</html>
