1994 3190
210 184 285 224 413
304 183 331 214 c
676 172 937 218 IOANNIS
977 171 1491 216 SARESBERIENSIS
1667 170 1780 231 [ΠΒ.
1796 182 1817 214 1
1872 212 1873 216 ,

347 306 612 350 processum.
671 290 786 336 Cum
806 291 990 335 fortuna
1010 306 1122 348 quae
1150 291 1323 349 Frigios
1343 291 1495 335 exules
1514 291 1674 334 liuenti
1694 289 1820 334 oculo

349 362 428 404 diu
439 362 774 419 perstrinxerat,
787 362 967 405 tandem
979 361 1227 418 benignius,
1240 361 1366 418 quasi
1379 361 1433 404 de
1445 361 1623 418 specula
1636 360 1821 418 gratiae,

349 431 626 488 respexisset,

408 518 485 561 olli
515 518 714 561 ceruleus
744 531 879 574 supra
908 519 1043 574 caput
1073 516 1219 560 astitit
1249 517 1402 560 imber.

352 611 504 653 Venus
523 609 743 668 naufrago
768 610 861 652 filio
890 610 1008 667 apud
1036 609 1257 652 Didonem
1284 609 1527 666 hospitium
1553 622 1823 666 praeparans
1843 627 1862 662 5

352 681 541 724 eundem
580 679 669 723 fido
708 680 847 723 Acate
885 679 1157 729 comitatum,
1192 678 1299 720 dum
1338 678 1386 720 in
1420 678 1599 736 reginae
1632 678 1825 735 gratiam
1905 669 1910 674 ⁵

354 750 666 800 introduceret,
690 764 801 792 caua
834 749 952 791 nube
984 747 1167 791 obtexit.
1234 747 1451 790 Tonitrua
1477 762 1651 804 quoque
1677 748 1826 790 uarias

354 820 522 862 habent
541 819 895 876 significationes.
956 818 1005 861 Si
1026 818 1144 860 enim
1172 817 1361 860 afferant
1388 831 1711 874 quamcumque
1738 816 1825 860 ful-

308 896 338 936 d
356 889 488 932 minis
508 889 729 940 lesionem,
750 888 950 931 infausta
969 890 1086 930 sunt.
1147 887 1276 930 Vnde
1296 886 1430 930 illud:

414 976 555 1033 Saepe
584 975 750 1018 malum
780 975 862 1018 hoc
892 974 1019 1018 nobis
1049 973 1104 1032 (si
1134 989 1258 1017 mens
1287 989 1376 1017 non
1406 974 1507 1017 leua
1537 972 1715 1033 fuisset)
1849 993 1891 1018 10

414 1034 468 1077 de
498 1034 590 1077 celo
618 1037 761 1077 tactas
790 1033 972 1076 memini
1002 1032 1253 1090 praedicere
1284 1047 1480 1089 quercus.

357 1121 414 1164 In
452 1120 524 1163 his
562 1122 712 1162 autem
752 1122 799 1162 et
837 1111 960 1162 illud'
988 1118 1289 1176 perpenditur,
1330 1133 1388 1161 an
1427 1118 1586 1162 semita
1625 1132 1716 1161 una
1754 1117 1828 1161 de-

358 1189 589 1240 scenderit,
615 1203 673 1231 an
704 1188 995 1245 multipharia
1020 1188 1135 1232 aeris
1166 1188 1372 1245 ruptione
1407 1188 1589 1231 diffusos
1618 1187 1832 1245 sparserit

359 1260 497 1317 ignes.
574 1257 672 1301 Hoc
711 1257 914 1315 equidem
953 1272 1126 1315 semper
1164 1258 1340 1301 tristius
1379 1261 1457 1301 est.
1532 1257 1652 1300 Dum
1693 1256 1832 1300 Gaius

361 1328 497 1373 Cesar
515 1327 637 1371 ciuili
668 1327 782 1370 bello
811 1327 983 1384 patriae
1013 1327 1275 1378 immineret,
1296 1342 1430 1384 quam
1461 1326 1727 1370 fulminosus
1756 1341 1833 1369 aer
1853 1341 1892 1375 15

361 1398 575 1448 extiterit,
588 1400 698 1454 quot
717 1397 924 1440 habuerit
943 1397 1096 1454 igneos
1111 1397 1324 1448 turbines,
1336 1400 1445 1454 quot
1459 1397 1608 1440 trabes
1623 1395 1832 1448 emiserit,

363 1482 443 1511 nec
463 1470 638 1510 ueteres
657 1466 869 1510 historiae
889 1465 1114 1509 sufficiunt
1134 1480 1340 1509 enarrare
1357 1480 1367 1518 ;
1398 1469 1444 1509 et
1464 1469 1571 1510 tune

547 1588 551 1593 -
595 1558 750 1616 ignota
779 1557 988 1600 obscurae
1019 1557 1230 1601 uiderunt
1259 1557 1404 1601 sidera
1433 1561 1595 1601 noctes.

366 1644 416 1689 Si
443 1659 550 1689 uero
571 1643 773 1688 fulminis
793 1646 942 1688 careat
961 1646 1236 1701 tempestate,
1257 1644 1295 1687 si
1322 1643 1472 1687 leuum
1492 1647 1629 1694 sonet,
1650 1643 1833 1686 deorum

224 1736 300 1776 414
319 1734 350 1765 a
367 1714 563 1758 creditur
611 1713 819 1757 nuntiare
868 1712 1082 1757 fauorem.
1170 1713 1313 1756 Encas
1363 1713 1516 1756 Iouem
1565 1728 1593 1756 a
1640 1713 1834 1756 sinistris
1855 1727 1900 1753 πο

367 1787 598 1828 tonantem
637 1783 823 1826 audiens
861 1797 908 1826 se
942 1797 1044 1827 eum
1078 1782 1330 1840 praemissis
1363 1782 1588 1826 sacrificiis
1627 1782 1838 1840 opinatur

368 1854 530 1898 habere
562 1853 819 1911 propitium.
895 1852 984 1896 Sed
1016 1852 1395 1911 qualitercumque
1430 1852 1517 1896 ista
1550 1867 1596 1896 se
1631 1852 1838 1903 habeant,
1869 1851 1874 1856 ’

369 1924 574 1967 innatum
614 1923 818 1966 timorem
851 1922 1080 1966 hominum
1115 1922 1280 1980 poterit
1313 1922 1531 1980 mitigare,
1561 1922 1679 1979 quod
1708 1936 1838 1965 nemo

370 1993 533 2038 sentiet
573 1992 775 2035 fulminis
814 1993 965 2045 ictum,
999 1992 1036 2035 si
1077 1994 1181 2036 ante
1220 1991 1410 2035 tonitrui
1449 2005 1606 2034 sonum
1646 1991 1840 2035 audierit

371 2066 452 2107 aut
482 2061 754 2120 praeuiderit
785 2061 1175 2106 choruscationem.
1252 2060 1455 2105 Tiberius
1489 2060 1653 2105 Caesar
1687 2060 1838 2104 turba·
1860 2078 1902 2113 25

373 2133 486 2176 tiore
515 2131 608 2176 celo
647 2131 843 2175 lauream
878 2145 1083 2175 coronam
1123 2130 1328 2189 gestabat
1358 2130 1405 2173 in
1434 2130 1589 2188 capite,
1623 2130 1729 2187 quia
1758 2130 1841 2175 hoe

373 2216 514 2260 genus
542 2200 713 2244 frondis
741 2199 928 2244 fulmine
950 2203 1140 2258 negatur
1169 2200 1324 2244 afflari.
1382 2199 1598 2243 Tonitrua
1623 2199 1843 2258 siquidem

375 2270 654 2315 timidissime
685 2272 730 2313 et
760 2270 1044 2313 uehementer
1072 2283 1245 2328 semper
1275 2269 1519 2313 exhorruit.
1581 2269 1662 2312 Est
1693 2272 1845 2313 tamen

376 2340 493 2399 quod
518 2339 808 2397 proculdubio
834 2338 962 2397 longe
990 2339 1201 2383 tutiorem
1230 2338 1367 2382 faciat
1391 2339 1625 2390 hominem,
1645 2339 1683 2383 si
1712 2338 1845 2383 fidem

380 2480 394 2507 1
424 2479 662 2517 progressum
681 2465 726 2502 A¹
857 2477 879 2511 4
903 2443 1036 2514 {vmber
1053 2465 1081 2502 C
1212 2467 1236 2503 6
1260 2464 1395 2503 achate
1413 2465 1485 2501 AM
1610 2475 1654 2510 27
1681 2467 1848 2514 negetur

378 2517 416 2554 M
563 2525 608 2561 29
634 2514 727 2551 facit
745 2512 784 2549 M

426 2637 449 2673 ⁴
477 2628 549 2663 011⁸·
566 2628 638 2663 cte.
655 2636 664 2662 τ
694 2625 805 2671 Vei-g.
825 2626 914 2660 Aen.
933 2635 963 2660 v.
986 2633 1038 2660 ιο.
1224 2630 1240 2669 5
1274 2623 1392 2659 Venus
1409 2624 1504 2659 ote:
1531 2634 1562 2659 v.
1581 2621 1692 2670 Verg.
1712 2625 1802 2659 Aen.
1822 2621 1847 2660 i.

381 2685 624 2759 g;;z‘¹2{0‚2
652 2731 697 2757 ex
724 2675 894 2756 ΟιζῖιιίῗῗἸ
915 2669 1493 2755 ἕτὲἓῇοείνιῖὶῗίὺῗξιαοέὶίιιῗ811ζῖ
1662 2672 1850 2764 ιέζ4ἰῖηἴίῗ

381 2773 479 2807 eta:
507 2769 646 2806 Lucan.
667 2769 796 2805 Pham.
822 2766 845 2803 i.
873 2769 950 2813 526.
1152 2775 1198 2801 20
1223 2766 1345 2801 Encas
1369 2767 1466 2802 etc.:
1493 2778 1523 2802 v.
1543 2765 1656 2813 Verg.
1684 2767 1775 2803 Aen.
1802 2765 1852 2802 ix.

382 2820 454 2864 630
465 2828 566 2863 seqq.
681 2825 723 2863 25
754 2816 919 2852 Tiberius
935 2815 1029 2851 etc:
1058 2812 1161 2851 Suet.
1183 2813 1258 2850 Tib.
1276 2813 1332 2859 69.

493 2891 535 2925 6²
