1994 3190
244 186 326 228 φο
344 174 374 215 d
718 171 979 218 IOANNIS
1019 170 1535 216 SARESBERIENSIS
1583 154 1586 157 ’
1677 169 1791 232 [m.
1807 180 1858 214 ιν

389 300 484 344 Nec
503 313 665 343 uxores
693 297 843 341 Dauid
863 297 1097 356 quisquam
1117 296 1292 350 obiciat,
1312 296 1390 354 qui
1414 295 1531 340 forte
1555 295 1604 339 in
1629 296 1723 348 hoc,
1743 286 1860 340 sicut

389 374 436 414 et
466 370 515 412 in
549 368 704 412 multis
739 368 850 419 aliis,
880 367 1060 425 speciali
1089 366 1325 424 priuilegio
1361 366 1551 424 gaudet3
1595 365 1699 409 licet
1727 365 1859 410 facile

389 438 676 483 concesserim
708 437 827 495 quod
858 440 904 480 et
937 437 1031 494 ipse
1066 437 1114 479 in
1153 437 1236 479 hac
1267 439 1394 493 parte
1429 435 1676 493 deliquerit.
1742 435 1860 479 Sane

390 523 492 552 eum
541 508 725 551 affectus
772 507 847 550 ille
896 507 1080 550 uxorius
1129 505 1379 563 proditione
1428 508 1474 548 et
1522 505 1759 549 homicidio
1811 505 1862 548 in

391 577 661 621 adulterium
699 577 897 634 impegit,
926 590 1006 619 nec
1041 576 1089 618 in
1120 575 1240 618 illius
1272 575 1555 619 excusatione
1586 575 1749 626 laboro,
1783 574 1900 632 quis

391 646 650 705 prophetica
668 648 912 690 conuentus
939 648 985 688 et
1010 645 1240 688 conuictus
1265 644 1476 701 parabola
1499 644 1692 702 seipsum
1711 644 1863 687 uirum

392 716 549 760 mortis
579 731 671 759 esse
700 715 939 773 respondit.
999 714 1151 757 Habes
1184 714 1335 770 itaque
1365 728 1514 771 regem
1548 728 1649 757 cum
1683 713 1863 771 regibus

256 802 328 843 521
347 803 377 832 a
394 786 747 843 delinquentem
786 788 832 828 et
861 785 1036 827 utinam
1065 798 1166 827 cum
1192 783 1420 841 penitente
1450 783 1682 840 peniteant
1718 786 1763 826 et
1794 782 1863 826 fa·

393 859 575 900 teantur
601 870 701 899 cum
728 855 965 898 confitente
995 853 1170 911 culpam
1191 856 1237 896 et
1257 852 1581 896 satisfacientes
1610 867 1711 896 cum
1731 852 1861 896 satis-

393 925 585 969 faciente
606 927 892 968 reuertantur
916 922 973 966 ad
993 923 1161 966 uitam!
1220 922 1371 980 Ipsam
1397 937 1571 979 quoque
1598 922 1863 980 sapientiam
1883 933 1926 959 ιο

394 994 642 1038 Salomonis
687 993 923 1036 mulierum
969 991 1216 1035 infatuauit
1262 1006 1396 1035 amor.
1477 991 1720 1048 Sequitur-t
1770 991 1864 1036 Nec

394 1063 578 1107 habebit
606 1062 781 1121 argenti
809 1065 854 1104 et
880 1061 978 1104 auri
1008 1061 1224 1104 immensa
1251 1061 1457 1118 pondera.
1518 1060 1637 1104 Eant
1666 1075 1795 1112 nunc,
1819 1063 1867 1104 et

395 1132 588 1177 Domino
617 1132 879 1190 prohibente
914 1133 1150 1189 argentum
1180 1130 1265 1173 sibi
1296 1133 1342 1174 et
1365 1145 1525 1174 aurum
1553 1130 1867 1182 thesaurizent,

396 1203 609 1247 facientes
629 1217 685 1245 ex
704 1200 956 1258 calumpnia
976 1202 1220 1257 quaestum,
1241 1199 1296 1244 de
1319 1200 1658 1258 paupertatibus
1678 1200 1867 1245 aliorum

396 1272 718 1317 abundantiam
748 1273 975 1328 quaerant,
1005 1269 1060 1313 de
1091 1270 1260 1327 rapinis
1291 1269 1486 1322 diuitias,
1515 1272 1562 1314 et
1595 1270 1867 1329 singularem
1885 1282 1928 1319 15

396 1342 482 1386 sibi
516 1341 839 1386 beatitudinem
871 1342 1076 1383 statuant
1103 1339 1152 1382 in
1181 1339 1434 1383 calamitate
1463 1340 1718 1384 multorum.
1778 1341 1869 1385 Sed

397 1412 568 1469 copiam
585 1410 833 1454 Salomonis
847 1410 984 1453 obicit
998 1409 1170 1467 aliquis.
1214 1409 1333 1461 Esto,
1348 1410 1591 1468 principem
1605 1410 1869 1468 locupletem

398 1481 494 1525 fieri
515 1495 604 1524 non
624 1480 836 1538 prohibeo
856 1479 933 1523 sed
952 1494 1150 1522 auarum.
1207 1479 1368 1523 Nonne
1388 1494 1547 1523 aurum
1568 1482 1614 1524 et
1633 1483 1870 1538 argentum

400 1550 648 1595 Salomonis
683 1552 881 1607 tempore
909 1548 1168 1592 uiluerunt?
1228 1548 1333 1593 Non
1366 1549 1522 1606 utique
1555 1549 1802 1602 uiluissent,
1831 1549 1871 1594 si

400 1635 552 1664 eorum
573 1620 787 1662 immensa
812 1618 1008 1676 pondera
1033 1620 1078 1662 et
1106 1633 1218 1676 quae
1241 1633 1371 1662 usum
1392 1619 1665 1670 excederent,
1685 1619 1770 1663 sibi
1789 1633 1871 1663 rex
1889 1633 1934 1660 ao

354 1696 383 1735 b
401 1689 588 1747 cupidus
627 1689 928 1747 congessisset.
998 1687 1211 1732 Potuerat
1250 1703 1302 1732 ea
1341 1688 1389 1732 in
1429 1691 1595 1732 terram
1629 1688 1872 1742 defodiens,

402 1774 490 1817 quo
528 1758 699 1802 cariora
737 1759 906 1808 fierent,
944 1758 1152 1801 humanis
1191 1758 1346 1802 usibus
1384 1758 1670 1803 subtraxisse.
1737 1758 1874 1817 Apud

403 1828 657 1872 Petronium
678 1827 945 1871 Trimalchio
965 1826 1104 1871 refert
1125 1827 1302 1871 fabrum
1328 1827 1477 1879 fuisse,
1499 1828 1575 1886 qui
1598 1829 1744 1872 uitrea
1764 1842 1874 1872 uasa

403 1898 571 1942 faceret
602 1896 855 1940 tenacitatis
890 1898 1043 1939 tantae
1078 1899 1131 1940 ut
1164 1911 1254 1940 non
1295 1897 1438 1955 magis
1468 1912 1602 1955 quam
1631 1912 1767 1941 aurea
1801 1897 1875 1942 uel

403 1970 615 2025 argentea
655 1966 978 2024 frangerentur.
1039 1964 1154 2010 Cum
1194 1981 1298 2023 ergo
1338 1966 1487 2010 fialam
1526 1966 1780 2011 huiusmodi
1819 1966 1874 2011 de
1893 1975 1937 2012 ²⁵

404 2037 525 2080 uitro
548 2035 785 2093 purissimo
814 2038 860 2077 et
889 2034 981 2078 solo
1011 2032 1081 2093 (ut
1111 2034 1318 2094 putabat)
1345 2035 1526 2094 dignam
1551 2035 1710 2080 Cesare
1738 2035 1875 2080 fabri-

404 2108 558 2156 casset,
601 2119 702 2148 cum
742 2118 923 2147 munere
962 2119 1043 2147 suo
1082 2103 1288 2148 Cesarem
1328 2104 1493 2156 adiens,
1532 2105 1750 2149 admissus
1793 2109 1875 2151 est.

407 2173 610 2218 Laudata
639 2176 706 2216 est
736 2173 901 2231 species
931 2173 1138 2224 muneris,
1158 2174 1464 2217 commendata
1494 2189 1651 2218 manus
1680 2175 1876 2227 artificis,

406 2246 635 2302 acceptata
655 2246 722 2286 est
737 2243 915 2286 deuotio
930 2242 1148 2287 donantis.
1180 2243 1323 2287 Faber
1337 2258 1454 2295 uero,
1470 2247 1522 2287 ut
1538 2243 1877 2289 admirationem

407 2313 679 2358 intuentium
710 2315 905 2356 uerteret
936 2312 983 2355 in
1018 2315 1254 2370 stuporem,
1287 2315 1332 2356 et
1363 2313 1448 2356 sibi
1480 2313 1654 2371 plenius
1683 2314 1877 2372 gratiam
1896 2327 1940 2363 30

407 2390 894 2458 Wxs
921 2409 1225 2447 habundantiam
1242 2409 1357 2447 A¹SM

461 2503 473 2530 ι
504 2505 632 2529 utem
652 2494 796 2529 Dauid:
823 2504 853 2527 v.
870 2501 890 2528 2
910 2491 999 2538 Reg.
1018 2503 1049 2527 v.
1072 2501 1125 2536 13.
1268 2503 1290 2537 4
1317 2495 1463 2539 affectus
1481 2494 1540 2528 ille
1557 2495 1711 2531 uxorius
1727 2495 1819 2531 etc.:
1845 2505 1878 2531 v.

411 2551 431 2578 2
451 2540 602 2586 Regxi,
617 2539 680 2576 xii.
783 2549 834 2581 11.
858 2549 899 2576 η
924 2541 996 2575 Nec
1012 2539 1150 2575 habebit
1166 2541 1237 2576 etc.
1257 2551 1265 2576 :
1294 2540 1404 2578 Deut.
1421 2540 1508 2577 xvii.
1534 2549 1586 2586 17.
1686 2543 1727 2579 18
1752 2543 1881 2578 Nonne

410 2601 544 2625 aun-um
562 2590 657 2624 etc.:
684 2599 716 2623 v.
737 2597 756 2633 3
772 2586 861 2632 Reg.
882 2598 916 2622 x.
936 2597 991 2623 21.
1099 2597 1143 2633 23
1170 2589 1402 2624 Petronium:
1427 2600 1459 2624 v.
1477 2588 1630 2626 Petron.
1647 2589 1721 2626 Sat.
1743 2598 1808 2636 513
1834 2588 1881 2628 de

412 2634 565 2672 Ioannis
592 2634 775 2671 citatione
802 2634 894 2670 haec
923 2633 992 2670 ocri
1025 2633 1074 2670 sit
1103 2634 1342 2671 Burmannus
1375 2635 1413 2671 in
1444 2635 1612 2673 Petronii
1646 2636 1770 2673 locum
1805 2635 1878 2681 (ed.

410 2682 566 2719 Amutel.
599 2691 699 2728 1743.
724 2681 748 2718 i.
775 2694 811 2729 p.
839 2682 948 2727 333):
977 2685 985 2700 ⁸
1023 2694 1087 2719 nec
1113 2684 1170 2718 eet
1195 2682 1291 2718 ratio
1317 2695 1383 2719 cur
1408 2682 1691 2721 sarisberiensis
1716 2682 1880 2722 narratio

410 2741 434 2766 a
449 2729 617 2766 Petronii
632 2729 821 2771 dissideat.
833 2741 916 2766 cum
931 2728 995 2765 illc
1010 2729 1169 2765 voluerit
1183 2741 1265 2765 eam
1281 2730 1507 2767 floridiorem
1522 2734 1561 2768 et
1573 2730 1694 2777 magis
1707 2733 1880 2769 exactam

412 2777 578 2814 reddere.
646 2776 706 2814 Sic
733 2776 830 2823 quod
867 2775 1004 2813 runtice
1030 2776 1156 2823 inquit
1184 2777 1415 2814 Trimalchio
1436 2780 1526 2824 secie
1553 2780 1771 2825 repom-iyere
1796 2805 1804 2815 .
1832 2805 1841 2816 .
1869 2804 1878 2815 .

413 2824 636 2872 elegantiori
655 2824 775 2862 multo
793 2823 1130 2862 circumlocutione
1149 2824 1289 2863 extulit
1307 2825 1475 2870 loannes,
1494 2828 1533 2864 et
1548 2825 1604 2864 ita
1621 2825 1790 2872 reliqua:

524 2881 590 2922 248
