1994 3190
218 167 290 234 54'1
308 194 339 224 a
684 179 947 224 IoANNIS
987 143 1502 223 SARESBERIENsis
1667 160 1776 236 [mn.
1791 187 1823 220 v

359 317 472 359 quae
503 301 708 359 religioso
742 300 932 358 principi
964 299 1153 357 putabat
1187 298 1439 356 ingerenda,
1474 297 1824 355 superstitiosius

358 373 588 429 disputata
627 373 744 421 sunt,
784 370 854 412 his
893 369 1066 412 omissis
1106 383 1219 426 quae
1267 368 1326 411 ad
1374 367 1606 411 idolatriae
1655 366 1825 409 cultum

357 441 595 498 pertinent,
633 439 985 497 perstringamus
1033 438 1230 481 breuiter
1278 451 1455 480 sensum
1498 436 1690 479 hominis
1738 449 1828 492 quo

358 510 602 567 principem
637 512 683 552 et
716 508 858 552 officia
888 508 952 551 rei
984 507 1185 565 publicae
1221 507 1279 550 ad
1318 506 1487 550 cultum
1526 505 1725 548 iustitiae
1759 504 1826 546 in-

359 579 595 622 formabat.
1845 591 1864 626 5

360 699 467 757 Cap.
489 713 526 756 3.
568 698 692 752 Quae
706 697 953 754 praecipue
966 699 1206 739 uersentur
1220 695 1277 738 in
1291 694 1543 738 intentione
1557 693 1803 737 Plutarchi
1809 712 1827 744 ;

476 771 515 811 et
534 767 588 810 de
608 766 866 810 reuerentia
886 764 1134 809 emhibenda
1154 765 1243 807 Deo
1263 767 1302 807 et
1322 763 1453 807 ‘rebus
1471 763 1623 806 sacris.

314 868 343 905 b
421 861 477 903 In
505 874 678 903 summa
702 874 807 916 ergo
834 861 1047 915 quattuor
1073 860 1179 900 sunt
1206 871 1319 914 quae
1349 850 1512 899 nititur
1537 856 1602 899 rei
1629 856 1830 913 publicae

362 930 637 988 principibus
665 928 907 971 inculcare:
943 926 1238 970 reuerentiam
1269 925 1365 976 Dei,
1394 918 1563 968 cultum
1593 925 1673 976 sui,
1702 925 1830 969 disci-

362 1000 532 1057 plinam
558 997 810 1042 officialium
838 1000 884 1039 et
906 998 1190 1053 potestatum,
1211 995 1417 1038 affectum
1445 998 1490 1038 et
1513 995 1831 1052 protectionem
1851 1010 1892 1035 10

364 1069 654 1112 subditorum.
713 1066 857 1109 Deum
892 1080 997 1122 ergo
1035 1065 1083 1107 in
1112 1064 1268 1121 primis
1306 1064 1464 1107 asserit
1502 1064 1833 1117 honorandum3

365 1138 525 1181 deinde
564 1137 756 1193 seipsum
795 1135 1026 1178 colendum
1061 1133 1299 1190 unicuique
1331 1136 1395 1184 ut,
1434 1133 1675 1177 secundum
1715 1133 1834 1190 quod

366 1207 607 1264 Apostolus
628 1205 765 1248 sentit
785 1204 905 1259 (licet
932 1204 1006 1246 ille
1033 1203 1296 1260 Apostolum
1323 1217 1413 1246 non
1439 1204 1678 1260 agnoscat),
1698 1217 1833 1246 unus-

367 1277 552 1334 quisque
582 1290 663 1318 uas
693 1289 823 1317 suum
854 1273 1077 1330 possideat
1106 1273 1153 1315 in
1188 1272 1535 1317 sanctificatione
1569 1275 1615 1316 et
1645 1273 1834 1325 honore;

366 1349 468 1404 post
503 1349 556 1388 ut
584 1344 830 1387 doctrinam
869 1343 1109 1399 praepositi
1144 1342 1282 1385 totius
1313 1342 1546 1399 disciplina
1576 1341 1733 1385 domus
1766 1356 1833 1384 re·
1854 1361 1894 1395 15

368 1416 517 1459 doleat
542 1418 588 1457 et
617 1413 798 1457 tandem
825 1411 1094 1454 uniuersitas
1121 1411 1419 1454 subiectorum
1442 1411 1497 1454 de
1523 1411 1682 1468 capitis
1708 1425 1833 1468 prae-

369 1485 613 1542 positorum
653 1483 737 1526 sibi
777 1482 1082 1525 incolumitate
1113 1481 1286 1524 letetur.
1358 1481 1622 1538 Magnorum
1662 1494 1836 1537 quoque

368 1554 569 1596 uirorum
591 1550 1028 1608 strategemmatibus
1048 1553 1093 1593 et
1113 1550 1529 1607 strategemmaticis
1543 1549 1700 1602 utitur,
1713 1563 1837 1606 quae,

368 1624 406 1665 si
427 1638 506 1680 per
525 1621 701 1679 singula
721 1621 986 1671 inserantur,
1007 1619 1178 1663 tediosa
1197 1623 1330 1662 erunt
1357 1619 1508 1662 lectori
1533 1622 1579 1662 et
1602 1634 1683 1676 pro
1709 1622 1837 1676 parte

370 1708 397 1736 a
425 1692 528 1735 fidei
555 1693 733 1734 nostrae
763 1689 1017 1733 sinceritate
1045 1689 1278 1732 recedent..
1324 1687 1544 1739 Ceterum,
1565 1688 1670 1746 quia
1693 1687 1899 1732 sanctino

331 1782 355 1811 c
372 1765 522 1820 patres
558 1763 604 1803 et
634 1759 884 1817 principum
919 1758 1037 1815 leges
1075 1758 1196 1801 illius
1235 1758 1425 1802 deducta
1463 1761 1613 1801 tamen
1652 1757 1839 1815 perfidia

373 1830 584 1873 uidentur
604 1828 803 1870 inherere
819 1827 1032 1884 uestigiis,
1044 1827 1290 1870 doctrinam
1307 1827 1400 1870 eius
1415 1841 1614 1870 sermone
1626 1827 1841 1871 catholico

372 1903 419 1942 et
449 1898 683 1950 succincto,
713 1897 897 1940 adiectis
928 1911 985 1939 ex
1025 1900 1152 1953 parte
1192 1897 1608 1954 strategemmaticis
1637 1897 1742 1948 eius,
1773 1900 1841 1941 at-

372 1969 610 2025 tingamus.
691 1966 825 2009 Porro
859 1966 900 2008 ei
936 1966 1115 2008 initium
1148 1980 1175 2008 a
1214 1965 1463 2009 reuerentia
1494 1966 1727 2008 numinum
1761 1969 1840 2018 est,

373 2037 502 2080 nobis
536 2051 564 2079 a
598 2035 703 2085 Deo,
725 2035 800 2091 qui
836 2035 893 2077 ab
924 2035 1128 2078 omnibus
1156 2034 1423 2092 generaliter
1451 2034 1667 2078 amandus
1696 2037 1764 2078 est
1793 2037 1840 2078 et
1859 2054 1900 2089 ²5

377 2148 398 2183 8
423 2148 587 2192 quatuor
603 2144 650 2181 S:
678 2143 771 2179 iiiior
788 2142 826 2179 M
971 2151 1014 2190 25
1040 2143 1134 2180 adeo
1151 2142 1212 2179 CB

429 2260 482 2296 13,
497 2259 536 2293 14
553 2249 793 2294 unusquisque
806 2248 899 2283 etc.:
917 2256 970 2283 v.1
987 2244 1112 2283 Thess.
1125 2245 1169 2281 iv.
1183 2257 1216 2291 4.
1302 2254 1354 2290 17.
1372 2247 1411 2283 18
1425 2246 1642 2291 Maynorum
1654 2249 1842 2284 uir-orum:

379 2310 428 2334 sc.
464 2297 735 2343 imperatorum
769 2305 930 2341 quorum
965 2294 1067 2330 facta
1099 2294 1229 2330 narrat
1262 2292 1476 2330 Frontinus.
1639 2296 1681 2331 18
1718 2299 1843 2330 scrute-

401 2344 613 2381 emmaeibua
637 2348 668 2379 et
692 2342 1043 2387 ser-aeeqemnmtica's:
1070 2353 1101 2377 v.
1128 2340 1298 2377 Frontin.
1323 2342 1434 2376 Str-at.
1461 2339 1485 2376 i.
1510 2340 1629 2387 praef.
1655 2340 1701 2378 iv.
1723 2342 1841 2388 praef.

377 2358 436 2428 ᾖε
463 2390 636 2428 uocabuli
659 2395 769 2425 strate
792 2391 965 2425 ematicon
982 2387 1131 2434 origine
1148 2386 1301 2425 consule
1319 2387 1655 2424 Gundermannum
1679 2388 1719 2425 in
1741 2400 1846 2444 prae·

383 2438 525 2476 satione
559 2437 736 2474 editionis
799 2435 1050 2473 eubnerianae
1079 2446 1114 2481 p.
1142 2434 1221 2472 xiii.
1270 2435 1441 2471 Frontini
1471 2435 1577 2478 libro,
1604 2448 1716 2482 quem
1742 2439 1846 2474 mter

382 2499 500 2524 annos
533 2497 569 2532 p.
602 2484 688 2522 Chr.
724 2486 856 2529 84-101
895 2482 1077 2529 scriptum
1111 2494 1190 2519 esse
1222 2485 1383 2527 constat,
1417 2482 1516 2519 nihil
1550 2494 1595 2519 ex
1628 2486 1843 2530 temporum

384 2532 668 2580 computatione
694 2534 819 2569 ortum
852 2530 1030 2578 prohibet
1062 2529 1261 2575 quominus
1293 2541 1380 2566 usus
1408 2529 1458 2566 sit
1490 2530 1739 2574 Plutarchum
1779 2531 1845 2569 sed

384 2581 512 2629 potius
528 2579 754 2617 credendum
772 2581 828 2616 est
847 2579 1129 2623 oemeeyemaeoea
1145 2588 1213 2624 pro
1229 2577 1526 2623 quibuscumque
1544 2577 1845 2615 memorabilium

384 2629 432 2665 ab
463 2626 755 2675 imperatoribus
789 2627 975 2662 factorum
1009 2624 1271 2670 dictorumque
1301 2624 1585 2662 collectionibus
1613 2625 1845 2672 usurpavisse

387 2676 577 2718 loannem.
623 2674 774 2720 qualem
823 2672 925 2720 apud
975 2671 1217 2708 Plutarchum
1269 2671 1441 2708 invenies
1491 2672 1530 2708 in
1579 2672 1708 2710 libello
1753 2674 1847 2719 Apo-

381 2725 651 2770 phehaeqmatum
690 2720 761 2768 ipsi
802 2719 966 2766 'Pr-ajano
1004 2718 1140 2762 dicato.
1175 2730 1261 2765 que,
1297 2722 1339 2756 ut
1378 2731 1492 2766 supra
1526 2719 1699 2763 diximus,
1738 2732 1846 2756 usum

385 2783 463 2808 mse
490 2771 736 2806 Institutioniae
770 2769 927 2804 Tmiam·
959 2769 1151 2804 auctorem
1185 2766 1396 2813 suspicatus
1430 2770 1486 2803 est
1516 2766 1843 2815 wyttenbachius.

387 2828 431 2866 23
457 2820 553 2854 eiua:
579 2830 630 2854 sc.
651 2814 859 2853 Plutarchi.
1002 2823 1045 2862 25
1071 2816 1252 2850 amandus
1269 2817 1365 2851 etc.:
1390 2826 1421 2851 v.
1444 2814 1528 2852 Luc.
1548 2825 1582 2852 x.
1603 2824 1658 2861 27.

499 2889 563 2932 284
