1994 3190
222 172 311 212 493
329 172 360 201 a
709 160 970 204 IOANNIS
999 159 1512 205 SARESBERIENSIS
1661 158 1771 221 [ΜΒ.
1787 172 1848 226 111

380 281 572 324 Fabricii
602 280 747 331 fidem,
776 280 1075 324 innocentiam
1106 279 1294 333 Numae,
1324 280 1585 337 pudicitiam
1616 281 1847 339 Scipionis,

378 349 764 406 longanimitatem
793 349 952 401 Vlixis,
988 348 1172 392 Catonis
1204 349 1479 405 parcitatem,
1509 350 1600 393 Titi
1633 351 1847 407 pietatem

378 419 614 462 imitatur?
674 419 784 471 Quis
803 433 893 461 non
913 433 1013 461 cum
1034 418 1327 461 admiratione
1347 421 1614 471 ueneratur?
1648 419 1848 477 probitas

332 495 361 533 b
380 489 598 545 siquidem
622 489 834 531 laudatur
859 492 905 531 et
924 488 1056 545 alget.
1116 488 1252 531 Porro
1281 488 1496 545 praedicti
1525 491 1571 532 et
1599 489 1847 532 consimiles

379 558 530 616 magni
550 558 728 614 quidem
749 564 795 601 et
814 558 1059 600 laudabiles
1083 557 1172 600 uiri
1201 557 1327 614 quasi
1358 557 1574 614 quaedam
1601 559 1846 602 seculorum
1867 577 1887 611 5

378 642 560 670 suorum
581 628 726 671 sidera
745 627 1077 685 splenduerunt,
1097 627 1374 670 illustrantes
1393 631 1592 684 tempora
1612 643 1703 679 sua,
1721 643 1846 685 prae-

379 697 548 740 ambuli
568 700 878 740 coetaneorum
898 711 1079 740 suorum
1100 697 1147 738 in
1168 696 1214 739 id
1235 696 1434 739 iustitiae
1454 699 1500 739 et
1511 697 1714 740 ueritatis
1730 697 1849 754 quod

379 766 666 823 dispositione
686 766 841 809 diuina
860 766 1071 809 illuxerat
1092 766 1167 808 eis.
1219 765 1292 809 Sic
1313 780 1486 823 quoque
1506 766 1554 808 in
1569 766 1848 810 successioni-

379 836 463 878 bus
483 835 626 878 fidelis
653 835 806 892 populi
833 850 1077 892 numquam
1098 836 1293 878 humano
1313 835 1465 893 generi
1490 836 1547 878 ad
1576 836 1718 879 noctis
1744 850 1849 879 suae

379 905 586 948 tenebras
634 905 919 961 cecitatisque
970 904 1194 947 molestias
1244 905 1526 962 depellendas
1575 919 1656 948 sua
1704 905 1850 948 sidera
1869 921 1912 947 ιο

380 973 633 1024 defuerunt,
652 974 740 1016 uiri
761 974 939 1030 quidem
960 974 1145 1017 uirtutis
1163 974 1298 1017 titulo
1317 975 1487 1017 nobiles
1501 988 1851 1032 magnorumque

381 1058 564 1101 operum
595 1043 819 1100 fulgentes
848 1043 1109 1100 insignibus,
1134 1058 1321 1100 quorum
1353 1044 1566 1101 exemplis
1595 1043 1653 1087 ad
1681 1044 1851 1087 cultum

383 1113 582 1156 iustitiae
602 1127 774 1169 semper
794 1112 870 1155 alii
891 1113 1208 1169 prouehantur.
1253 1113 1413 1156 Nonne
1429 1113 1542 1156 Abel
1554 1113 1851 1157 innocentiam

382 1182 545 1232 docuit,
567 1182 718 1225 Enoch
738 1182 1006 1225 munditiam
1025 1183 1241 1226 actionis?
1301 1183 1419 1236 Quid
1440 1183 1495 1226 de
1514 1182 1851 1240 longanimitate

382 1252 476 1309 spei
497 1255 542 1295 et
562 1252 706 1309 operis
726 1266 816 1294 non
836 1251 995 1294 habuit
1011 1252 1138 1296 Noe?
1189 1252 1307 1305 Quid
1323 1253 1378 1296 de
1397 1253 1648 1298 obedientia
1662 1251 1852 1295 fideliter
1871 1268 1912 1306 15

384 1321 610 1378 implenda
648 1321 795 1364 defuit
834 1321 1071 1365 Abrahan
1149 1322 1275 1366 Isaac
1314 1323 1508 1380 coniugii
1546 1321 1849 1366 castimoniam

342 1401 368 1429 c
386 1391 580 1440 instruit,
620 1394 666 1433 et
705 1390 840 1433 Iacob
883 1391 1046 1434 laboris
1085 1392 1369 1435 tolerantiam
1409 1392 1616 1436 ostendit.
1693 1391 1854 1448 Ioseph

386 1460 628 1518 parricidas
649 1459 812 1503 fratres
832 1460 936 1503 boni
958 1461 1250 1504 retributione
1274 1464 1540 1513 remunerat,
1560 1475 1697 1518 eoque
1727 1460 1856 1504 docet

386 1546 413 1573 a
452 1530 580 1573 bonis
618 1530 735 1572 bona
773 1544 854 1587 pro
893 1530 1022 1573 malis
1062 1531 1312 1575 tribuenda.
1385 1531 1440 1574 In
1480 1531 1633 1574 multis
1672 1530 1852 1573 milibus

385 1600 601 1644 increduli
641 1600 839 1643 indurati
875 1604 921 1643 et
960 1600 1104 1644 Deum
1144 1615 1317 1659 semper
1355 1600 1660 1644 exacerbantis
1698 1599 1851 1658 populi
1870 1617 1916 1644 ao

387 1670 532 1727 Moysi
567 1670 862 1713 mansuetudo
895 1670 1157 1722 ostenditur,
1197 1674 1242 1714 et
1281 1671 1615 1714 imminentibus
1654 1669 1852 1713 aduersis

385 1740 648 1783 confidentis
668 1739 826 1782 Iosuae
846 1740 1191 1797 magnanimitas
1203 1740 1466 1784 declaratur.
1515 1740 1597 1783 Iob
1611 1739 1854 1797 patientiae

385 1809 544 1852 indicit
575 1809 837 1866 exemplum.
899 1809 958 1852 Et
986 1810 1298 1867 praeambulus
1323 1810 1495 1868 gratiae
1525 1810 1731 1867 Baptista
1757 1809 1853 1853 Sal-

386 1878 567 1929 uatoris‚
583 1879 689 1920 dum
715 1878 1006 1935 penitentiam
1034 1879 1261 1936 praedicat
1285 1883 1330 1922 et
1356 1879 1481 1922 uitiis
1501 1878 1659 1923 indicit
1685 1878 1852 1936 fugam,

385 1948 703 1991 confessionem
740 1949 858 1991 eruit
887 1948 1092 1991 ueritatis
1122 1952 1168 1991 et
1197 1949 1253 1991 ad
1284 1949 1628 2006 increpationem
1663 1948 1851 1991 iniuriae
1871 1963 1914 1998 ²5

386 2021 432 2060 et
466 2017 906 2074 condempnationem
938 2017 1190 2073 iniquitatis
1219 2018 1417 2060 omnium
1448 2017 1645 2060 fidelium
1676 2017 1852 2075 linguas

386 2087 577 2130 exacuit.
655 2086 772 2139 Quid
806 2086 910 2129 noui
946 2087 1201 2130 testamenti
1242 2087 1429 2130 referam
1466 2089 1625 2143 patres,
1665 2101 1853 2143 quorum

388 2156 591 2213 exempla
630 2159 736 2198 sunt
775 2155 1008 2213 disciplina
1047 2170 1219 2199 morum
1264 2160 1310 2199 et
1360 2156 1603 2199 rectissima
1645 2155 1856 2199 instituta

344 2225 602 2269 duiuendi'l
664 2225 723 2267 Hi
769 2225 946 2281 quidem
986 2228 1093 2268 sunt
1132 2225 1179 2267 in
1219 2228 1386 2282 septem
1426 2225 1605 2268 milibus
1645 2225 1855 2276 uirorum,

389 2309 499 2352 quos
518 2294 600 2337 sibi
624 2293 840 2336 Dominus
868 2294 1113 2336 rcscruauit
1141 2298 1191 2337 ut
1221 2309 1309 2337 non
1338 2298 1577 2340 curuarent
1602 2308 1748 2352 genua
1774 2308 1856 2338 sua
1874 2310 1916 2344 30

387 2408 410 2444 6
436 2377 646 2488 εχάοηιῑὶίῑὶ
799 2414 822 2450 9
849 2404 981 2451 populi
1001 2404 1123 2441 fidelis
1140 2403 1178 2439 Μ
1334 2411 1378 2441 10
1402 2404 1536 2452 sydera
1551 2403 1654 2442 CBM
1809 2413 1854 2450 27

388 2465 478 2491 noui
495 2466 562 2490 οηι.

440 2567 453 2594 ι
486 2557 648 2592 Fabricii
664 2557 801 2600 fidem:
830 2567 861 2592 v.
887 2554 1018 2591 Boeth.
1049 2556 1188 2591 Consol.
1213 2554 1350 2591 Philon.
1376 2554 1416 2591 ii.
1435 2555 1543 2592 Matr.
1570 2565 1602 2601 7.
1718 2556 1858 2602 pudici-

390 2607 478 2641 tiam
503 2605 704 2649 sapimus:
730 2614 760 2639 v.
780 2602 878 2638 infru
904 2614 933 2638 c.
958 2613 999 2639 ιο
1025 2604 1106 2648 (495
1135 2607 1184 2646 c).
1313 2613 1332 2638 2
1363 2604 1437 2638 Titi
1456 2605 1650 2649 pietatem:
1676 2603 1723 2640 cf.
1745 2613 1859 2651 supra

392 2652 430 2688 ii.
452 2661 469 2698 5
493 2655 580 2695 (420
592 2658 642 2692 o).
757 2660 788 2696 3.
806 2660 827 2694 4
847 2652 1012 2696 probitas
1029 2651 1206 2686 laudatur
1219 2655 1250 2685 et
1268 2651 1380 2696 alyn:
1410 2650 1484 2687 Iuv.
1504 2653 1578 2687 Sat.
1596 2651 1620 2687 i.
1640 2660 1696 2696 74.
1815 2660 1856 2697 13

392 2702 519 2736 Nonne
539 2699 625 2734 Abel
643 2700 713 2734 etc.
732 2725 740 2733 .
762 2725 770 2734 .
790 2725 797 2734 .
819 2699 943 2733 indicit
961 2699 1181 2744 exemplum:
1208 2709 1238 2734 v.
1258 2698 1370 2744 (ἕως.
1390 2698 1519 2742 Magn.
1545 2700 1674 2735 Moral.
1695 2696 1815 2735 Praef.
1834 2698 1858 2735 6

391 2748 477 2831 gi?
489 2746 641 2831 migne
660 2747 699 2782 1¹.
717 2746 758 2782 L.
778 2744 874 2782 lxxv.
898 2748 992 2792 5²⁴)·
1124 2755 1170 2792 ²9
1194 2747 1234 2782 in
1250 2751 1379 2792 septem
1397 2746 1541 2782 milibus
1557 2748 1650 2783 eta:
1676 2758 1707 2783 v.
1726 2756 1746 2792 3
1766 2744 1856 2793 Reg.

506 2865 569 2910 198
