1994 3236
904 152 1254 197 REGISTRVM

1711 243 1807 271 PAG.

344 282 470 318 LIBRI
486 280 527 317 II
575 280 760 328 Prologus
831 307 842 318 .
939 307 952 317 .
1048 308 1058 318 .
1259 308 1269 318 .
1363 308 1374 318 .
1472 309 1482 319 .
1575 308 1584 318 .
1680 309 1690 318 .
1761 283 1807 329 65

390 340 484 387 Cap.
504 349 534 377 1.
561 338 700 375 Omina
714 349 816 376 uana
831 349 924 384 esse,
940 340 980 376 et
996 350 1054 376 res
1070 350 1118 376 ex
1132 338 1206 376 fide
1222 350 1289 376 sua
1304 339 1442 386 cuique
1463 339 1691 387 respondere
1761 341 1808 387 65

500 409 534 435 2.
558 396 645 434 Νοιι
672 397 992 444 contempnendae
1017 408 1097 434 esse
1124 397 1278 435 omnino
1303 410 1431 435 rerum
1458 398 1692 435 naturalium

609 454 908 503 significationes
941 482 950 492 .
1045 483 1055 493 .
1762 458 1810 494 68

500 525 534 562 3.
559 513 762 562 Signorum
785 512 863 550 alia
886 524 966 551 esse
989 512 1232 559 uniuersalia,
1250 513 1328 551 alia
1351 514 1626 562 particularia;
1650 516 1691 552 et

610 571 701 619 quid
717 570 904 637 significet
920 571 1128 618 geminatio
1145 571 1367 610 solis..
1678 599 1688 610 .
1762 583 1811 619 70

500 643 536 677 4.
561 630 619 668 De
650 629 770 678 signis
800 641 898 676 quae
929 631 1214 676 praecesserunt
1245 629 1437 667 excidium
1469 630 1692 668 Ierosolimi-

608 690 744 726 tanum
775 687 1019 725 nouissimum
1047 715 1056 724 .
1257 715 1268 725 .
1364 716 1373 726 .
1470 716 1479 726 .
1575 716 1585 725 .
1764 699 1806 735 71

500 757 533 795 5.
557 747 709 792 Quanta
745 746 864 784 fuerit
896 745 1095 783 calamitas
1126 746 1372 791 obsessorum,
1406 749 1446 784 et
1476 746 1691 785 obstinatae

609 804 782 842 malitiae
798 804 883 851 quis
899 803 1016 841 fuerit
1030 803 1127 848 finis,
1145 806 1184 841 et
1201 814 1295 851 quae
1311 804 1434 851 pietas
1449 804 1529 843 Titi
1575 832 1585 842 .
1681 833 1689 841 .
1763 815 1809 851 74

498 865 534 902 6.
559 863 614 901 De
630 862 754 900 Maria
769 874 865 909 quae
882 862 982 899 fame
999 863 1159 910 urgente
1177 862 1341 900 comedit
1357 862 1479 899 filium
1574 891 1584 900 .
1680 892 1690 902 .
1764 874 1811 910 79

500 933 534 968 7.
558 922 614 959 De
630 932 785 958 numero
802 920 1039 968 captiuorum
1059 922 1100 958 et
1115 921 1325 958 occisorum
1346 923 1386 958 et
1407 923 1693 969 peremptorum

607 980 736 1018 fame.
1765 984 1808 1019 81

502 1042 535 1078 8.
560 1038 617 1077 De
642 1036 950 1086 peregrinatione
975 1036 1156 1082 fidelium,
1184 1049 1276 1084 quos
1300 1037 1369 1075 sub
1394 1050 1440 1076 ea
1462 1008 1692 1086 tempestate

608 1096 775 1134 seruauit
791 1095 962 1133 Christus
978 1096 1082 1143 apud
1098 1095 1374 1134 Pellam..
1576 1125 1585 1133 .
1682 1125 1692 1135 .
1764 1099 1810 1135 82

500 1167 535 1203 9.
558 1154 832 1193 Testimonium
849 1154 948 1200 quod
965 1153 1140 1201 perhibet
1157 1154 1340 1201 Iosephus
1356 1153 1506 1192 Christo
1575 1183 1584 1192 .
1682 1183 1690 1193 .
1765 1159 1811 1203 83

480 1226 538 1254 10.
559 1215 615 1252 De
631 1212 871 1260 Vespasiano,
890 1212 956 1259 qui
974 1213 1148 1249 claudum
1164 1215 1203 1250 et
1220 1224 1353 1251 cecum
1376 1224 1524 1251 curasse
1548 1213 1693 1262 legitur
1765 1217 1810 1262 83

482 1284 536 1311 11.
560 1272 680 1319 Signa
695 1282 772 1308 esse
789 1282 885 1317 quae
902 1272 1038 1308 contra
1053 1273 1231 1308 naturam
1247 1271 1343 1308 fiunt
1359 1298 1369 1308 .
1466 1299 1476 1308 .
1573 1299 1582 1309 .
1679 1299 1689 1309 .
1764 1275 1810 1318 84

480 1343 536 1371 12.
559 1330 688 1368 Nichil
704 1331 838 1366 contra
859 1331 1048 1375 naturam,
1065 1330 1219 1367 auctore
1242 1328 1410 1374 Platone,
1435 1329 1500 1376 qui
1516 1332 1694 1368 naturam

611 1387 707 1426 dicit
721 1387 791 1425 Dei
807 1388 1047 1425 uoluntatem
1147 1415 1155 1423 .
1253 1415 1263 1425 .
1359 1414 1368 1424 .
1465 1415 1475 1425 .
1677 1415 1687 1425 .
1764 1391 1808 1437 85

481 1460 535 1496 13·
559 1447 655 1493 Quia
669 1446 771 1483 Deus
787 1445 907 1493 signis
922 1457 1026 1482 suam
1038 1444 1278 1492 praemunire
1291 1444 1472 1493 dignatur
1482 1416 1694 1484 creaturam
1765 1450 1810 1493 87

483 1518 537 1552 14.
563 1505 660 1551 Quid
677 1504 839 1552 signum,
857 1506 896 1541 et
911 1504 958 1541 de
976 1515 1271 1550 sompno..
1368 1532 1377 1541 .
1578 1533 1586 1543 .
1683 1533 1692 1543 .
1765 1507 1811 1552 87

482 1577 495 1603 ι
504 1576 535 1614 5.
559 1565 615 1602 De
631 1562 825 1610 speciebus
839 1561 1080 1606 somniorum,
1096 1564 1136 1599 et
1151 1560 1282 1606 causis,
1297 1561 1438 1609 figuris,
1452 1564 1491 1600 et
1507 1562 1697 1611 significa·

611 1621 780 1659 tionibus
838 1648 847 1657 .
942 1647 952 1657 .
1050 1646 1059 1656 .
1260 1646 1269 1655 .
1472 1647 1482 1658 .
1576 1648 1586 1658 .
1683 1650 1693 1660 .
1767 1626 1812 1661 88

482 1694 495 1721 ι
502 1684 536 1720 6.
559 1679 760 1719 Generalia
769 1679 954 1726 quaedam
964 1678 1010 1716 de
1021 1677 1363 1725 significationibus
1371 1680 1453 1717 tam
1463 1680 1694 1718 somniorum

612 1750 726 1786 quam
742 1737 904 1775 aliorum
920 1736 1162 1784 figuralium.
1258 1765 1267 1773 .
1363 1764 1373 1774 .
1471 1766 1480 1775 .
1578 1768 1586 1776 .
1682 1768 1691 1778 .
1764 1752 1811 1788 94

480 1810 534 1846 17.
560 1795 835 1835 Coniectoriam
852 1807 929 1833 non
946 1806 1025 1833 esse
1042 1795 1270 1842 sequendam
1364 1822 1373 1832 .
1470 1823 1479 1832 .
1575 1825 1586 1836 .
1683 1826 1692 1836 ,
1765 1809 1811 1846 97

482 1860 536 1896 18.
562 1857 617 1894 De
641 1855 890 1892 fundamento
915 1853 1221 1897 mathematicae
1241 1855 1280 1892 et
1304 1854 1486 1893 exercitio
1504 1866 1692 1903 sensuum,

612 1916 653 1952 et
676 1912 820 1950 uiribus
842 1911 1003 1956 animae,
1022 1913 1062 1949 et
1084 1912 1256 1959 profectu
1280 1912 1450 1957 rationis,
1468 1916 1508 1952 et
1528 1914 1696 1953 efficacia

611 1971 829 2009 liberalium
845 1970 1159 2018 disciplinarum.
1257 1998 1267 2008 .
1687 2001 1697 2011 .
1747 1985 1810 2012 101

484 2043 538 2080 19.
563 2030 620 2069 De
644 2029 863 2067 differentia
887 2028 1180 2066 mathematicae
1205 2028 1427 2067 doctrinalis
1452 2032 1492 2068 et
1515 2030 1695 2069 mathesis

613 2087 849 2135 reprobatae,
867 2089 908 2125 et
923 2086 1132 2125 traditione
1157 2087 1515 2126 mathematicorum
1536 2092 1576 2127 et
1600 2102 1695 2129 erro·

613 2146 717 2183 ribus
732 2156 861 2183 eorum
940 2173 950 2183 .
1049 2171 1058 2181 .
1259 2172 1268 2182 .
1365 2173 1374 2183 .
1470 2174 1480 2184 .
1575 2175 1584 2185 .
1680 2177 1689 2187 .
1747 2159 1812 2195 107

481 2218 538 2244 2ο.
564 2204 670 2250 Quod
688 2202 933 2252 prouidentia
951 2215 1076 2241 rerum
1093 2206 1269 2241 naturam
1286 2215 1362 2242 ιιοιι
1380 2205 1548 2253 perimit,
1569 2218 1693 2254 neque

611 2263 726 2301 series
737 2273 862 2299 rerum
874 2261 1054 2299 immutat
1065 2261 1355 2309 prouidentiam,
1365 2265 1406 2301 et
1418 2264 1517 2311 quod
1530 2263 1694 2302 liberum

615 2319 817 2359 arbitrium
834 2322 964 2358 manet
980 2332 1066 2357 cum
1084 2320 1326 2367 prouidentia
1366 2349 1375 2359 .
1473 2350 1482 2360 .
1579 2350 1589 2361 .
1747 2334 1783 2363 ιι
1792 2337 1813 2373 3

483 2391 539 2420 21.
564 2380 622 2418 An
651 2378 796 2427 possint
822 2390 847 2415 a
875 2378 953 2416 Deo
978 2377 1063 2415 sciri
1085 2390 1182 2426 quae
1203 2390 1278 2417 non
1302 2379 1492 2425 sciuntur:
1526 2383 1566 2419 et
1596 2351 1695 2429 quod

616 2449 739 2475 rerum
757 2435 995 2474 mutabilitas
1011 2436 1046 2474 ei
1064 2449 1300 2485 nequaquam
1317 2441 1373 2476 est
1388 2438 1621 2486 infligenda3
1655 2443 1695 2479 et

614 2497 711 2545 quod
745 2495 847 2534 idem
887 2497 943 2533 est
984 2495 1155 2540 scientia.
1188 2496 1452 2544 praescientia,
1484 2497 1694 2546 dispositio,

614 2554 868 2604 prouidentia.
897 2554 1216 2602 praede-timum
1242 2557 1282 2594 et
1305 2556 1404 2603 quod
1429 2567 1520 2595 uera
1543 2557 1696 2596 infinita

612 2617 714 2658 sunt,
749 2616 793 2651 ut
821 2625 999 2652 numerus
1037 2624 1165 2651 eorum
1206 2626 1282 2652 ιιοιι
1317 2617 1434 2662 queat
1469 2616 1600 2663 augeri
1633 2617 1695 2655 uel

617 2671 766 2718 miuui3
801 2675 841 2711 et
864 2672 962 2719 quod
987 2671 1234 2719 prouidentia
1258 2673 1405 2711 nullam
1430 2674 1692 2714 necessitatem

617 2732 728 2771 rebus
744 2731 893 2770 inducit
943 2759 951 2769 .
1048 2758 1057 2769 .
1472 2761 1482 2772 .
1748 2746 1811 2784 115

482 2800 538 2829 22.
563 2789 669 2836 Quod
685 2802 732 2829 ex
749 2789 921 2839 possibili
937 2802 1015 2829 nou
1031 2789 1204 2839 sequitur
1219 2759 1464 2839 impossibile,
1481 2794 1521 2830 et
1538 2762 1629 2840 ςιιιιι
1648 2806 1693 2833 ex

465 2849 510 2893 iv
