<?xml version="1.0" encoding="UTF-8"?>
<!DOCTYPE html PUBLIC "-//W3C//DTD XHTML 1.0 Transitional//EN"
    "http://www.w3.org/TR/xhtml1/DTD/xhtml1-transitional.dtd">
<html xmlns="http://www.w3.org/1999/xhtml" xml:lang="en" lang="en">
 <head>
  <title>
</title>
<meta http-equiv="Content-Type" content="text/html;charset=utf-8" />
  <meta name='ocr-system' content='tesseract 3.04.00' />
  <meta name='ocr-capabilities' content='ocr_page ocr_carea ocr_par ocr_line ocrx_word'/>
</head>
<body>
  <div class='ocr_page' id='page_1' title='image "./policraticisived01john_0351.png"; bbox 0 0 1994 3190; ppageno 0'>
   <div class='ocr_carea' id='block_1_1' title="bbox 0 0 65 3190">
    <p class='ocr_par' dir='ltr' id='par_1_1' title="bbox 0 0 65 3190">
     <span class='ocr_line' id='line_1_1' title="bbox 0 0 65 3190; baseline 0 0"><span class='ocrx_word' id='word_1_1' title='bbox 0 0 65 3190; x_wconf 95' lang='lat' dir='ltr'><strong> </strong></span> 
     </span>
    </p>
   </div>
   <div class='ocr_carea' id='block_1_2' title="bbox 182 187 1784 253">
    <p class='ocr_par' dir='ltr' id='par_1_2' title="bbox 182 187 1784 253">
     <span class='ocr_line' id='line_1_2' title="bbox 182 187 1784 253; baseline -0.006 -15"><span class='ocrx_word' id='word_1_2' title='bbox 182 204 280 238; x_wconf 73' lang='lat' dir='ltr'><strong>cAr.</strong></span> <span class='ocrx_word' id='word_1_3' title='bbox 295 191 346 253; x_wconf 80' lang='lat' dir='ltr'><strong>v]</strong></span> <span class='ocrx_word' id='word_1_4' title='bbox 690 189 1130 236; x_wconf 84' lang='lat' dir='ltr'><strong>POLIORATICVS</strong></span> <span class='ocrx_word' id='word_1_5' title='bbox 1651 187 1734 240; x_wconf 80' lang='lat'><strong>548</strong></span> <span class='ocrx_word' id='word_1_6' title='bbox 1753 197 1784 228; x_wconf 83' lang='lat' dir='ltr'><strong>a</strong></span> 
     </span>
    </p>
   </div>
   <div class='ocr_carea' id='block_1_3' title="bbox 120 310 1693 1760">
    <p class='ocr_par' dir='ltr' id='par_1_3' title="bbox 120 310 1693 1760">
     <span class='ocr_line' id='line_1_3' title="bbox 179 310 1687 368; baseline -0.003 -10"><span class='ocrx_word' id='word_1_7' title='bbox 179 314 422 358; x_wconf 84' lang='lat' dir='ltr'><strong>rectoribus</strong></span> <span class='ocrx_word' id='word_1_8' title='bbox 447 312 842 362; x_wconf 74' lang='lat' dir='ltr'><strong>animaduertatm,</strong></span> <span class='ocrx_word' id='word_1_9' title='bbox 861 314 995 368; x_wconf 86' lang='lat' dir='ltr'><strong>atque</strong></span> <span class='ocrx_word' id='word_1_10' title='bbox 1020 311 1086 354; x_wconf 88' lang='lat' dir='ltr'><strong>ita</strong></span> <span class='ocrx_word' id='word_1_11' title='bbox 1111 311 1364 368; x_wconf 87' lang='lat' dir='ltr'><strong>prouinciae</strong></span> <span class='ocrx_word' id='word_1_12' title='bbox 1389 310 1641 355; x_wconf 74' lang='lat' dir='ltr'><strong>moderator</strong></span> <span class='ocrx_word' id='word_1_13' title='bbox 1655 322 1687 353; x_wconf 83' lang='lat' dir='ltr'><strong>a</strong></span> 
     </span>
     <span class='ocr_line' id='line_1_4' title="bbox 179 380 1642 438; baseline -0.001 -13"><span class='ocrx_word' id='word_1_14' title='bbox 179 381 455 426; x_wconf 72' lang='lat' dir='ltr'><strong>sacerdotum</strong></span> <span class='ocrx_word' id='word_1_15' title='bbox 476 384 521 424; x_wconf 89' lang='lat' dir='ltr'><strong>et</strong></span> <span class='ocrx_word' id='word_1_16' title='bbox 539 381 779 424; x_wconf 87' lang='lat' dir='ltr'><strong>catholicae</strong></span> <span class='ocrx_word' id='word_1_17' title='bbox 799 380 1016 423; x_wconf 78' lang='lat' dir='ltr'>Ecclesiae</span> <span class='ocrx_word' id='word_1_18' title='bbox 1034 380 1338 424; x_wconf 90' lang='lat' dir='ltr'><strong>ministrorum</strong></span> <span class='ocrx_word' id='word_1_19' title='bbox 1365 381 1448 424; x_wconf 91' lang='lat' dir='ltr'><strong>loci</strong></span> <span class='ocrx_word' id='word_1_20' title='bbox 1469 395 1642 438; x_wconf 89' lang='lat' dir='ltr'><strong>quoque</strong></span> 
     </span>
     <span class='ocr_line' id='line_1_5' title="bbox 178 449 1644 506; baseline 0 -12"><span class='ocrx_word' id='word_1_21' title='bbox 178 451 355 494; x_wconf 87' lang='lat' dir='ltr'><strong>illorum</strong></span> <span class='ocrx_word' id='word_1_22' title='bbox 375 452 422 493; x_wconf 90' lang='lat' dir='ltr'><strong>et</strong></span> <span class='ocrx_word' id='word_1_23' title='bbox 440 450 583 493; x_wconf 91' lang='lat' dir='ltr'><strong>diuini</strong></span> <span class='ocrx_word' id='word_1_24' title='bbox 605 450 752 493; x_wconf 91' lang='lat' dir='ltr'><strong>cultus</strong></span> <span class='ocrx_word' id='word_1_25' title='bbox 774 449 984 492; x_wconf 88' lang='lat' dir='ltr'><strong>iniuriam</strong></span> <span class='ocrx_word' id='word_1_26' title='bbox 1013 450 1193 506; x_wconf 88' lang='lat' dir='ltr'><strong>capitali</strong></span> <span class='ocrx_word' id='word_1_27' title='bbox 1219 450 1267 492; x_wconf 94' lang='lat' dir='ltr'><strong>in</strong></span> <span class='ocrx_word' id='word_1_28' title='bbox 1295 451 1520 494; x_wconf 90' lang='lat' dir='ltr'><strong>conuictos</strong></span> <span class='ocrx_word' id='word_1_29' title='bbox 1548 452 1644 494; x_wconf 89' lang='lat' dir='ltr'><strong>siue</strong></span> 
     </span>
     <span class='ocr_line' id='line_1_6' title="bbox 177 518 1643 577; baseline 0 -14"><span class='ocrx_word' id='word_1_30' title='bbox 177 518 400 564; x_wconf 83' lang='lat' dir='ltr'><strong>confessos</strong></span> <span class='ocrx_word' id='word_1_31' title='bbox 429 533 526 562; x_wconf 90' lang='lat' dir='ltr'><strong>reos</strong></span> <span class='ocrx_word' id='word_1_32' title='bbox 554 519 775 562; x_wconf 86' lang='lat' dir='ltr'><strong>sententia</strong></span> <span class='ocrx_word' id='word_1_33' title='bbox 803 518 979 561; x_wconf 89' lang='lat' dir='ltr'><strong>nouerit</strong></span> <span class='ocrx_word' id='word_1_34' title='bbox 1004 518 1335 562; x_wconf 83' lang='lat' dir='ltr'><strong>nendicandam.</strong></span> <span class='ocrx_word' id='word_1_35' title='bbox 1396 520 1489 563; x_wconf 89' lang='lat' dir='ltr'><strong>Nec</strong></span> <span class='ocrx_word' id='word_1_36' title='bbox 1513 535 1643 577; x_wconf 89' lang='lat' dir='ltr'><strong>expe—</strong></span> 
     </span>
     <span class='ocr_line' id='line_1_7' title="bbox 139 587 1643 646; baseline -0.001 -12"><span class='ocrx_word' id='word_1_37' title='bbox 139 606 160 642; x_wconf 81' lang='lat'>⁵</span> <span class='ocrx_word' id='word_1_38' title='bbox 178 591 270 634; x_wconf 78' lang='lat' dir='ltr'><strong>etet</strong></span> <span class='ocrx_word' id='word_1_39' title='bbox 298 591 351 632; x_wconf 90' lang='lat' dir='ltr'><strong>ut</strong></span> <span class='ocrx_word' id='word_1_40' title='bbox 379 589 607 646; x_wconf 88' lang='lat' dir='ltr'><strong>episcopus</strong></span> <span class='ocrx_word' id='word_1_41' title='bbox 630 587 818 631; x_wconf 89' lang='lat' dir='ltr'><strong>iniuriae</strong></span> <span class='ocrx_word' id='word_1_42' title='bbox 846 588 1050 645; x_wconf 87' lang='lat' dir='ltr'><strong>propriae</strong></span> <span class='ocrx_word' id='word_1_43' title='bbox 1080 587 1294 631; x_wconf 90' lang='lat' dir='ltr'><strong>ultionem</strong></span> <span class='ocrx_word' id='word_1_44' title='bbox 1325 588 1543 645; x_wconf 88' lang='lat' dir='ltr'><strong>deposcat,</strong></span> <span class='ocrx_word' id='word_1_45' title='bbox 1572 589 1643 632; x_wconf 91' lang='lat' dir='ltr'><strong>cui</strong></span> 
     </span>
     <span class='ocr_line' id='line_1_8' title="bbox 177 657 1644 716; baseline -0.001 -14"><span class='ocrx_word' id='word_1_46' title='bbox 177 658 391 702; x_wconf 87' lang='lat' dir='ltr'><strong>sanctitas</strong></span> <span class='ocrx_word' id='word_1_47' title='bbox 408 658 662 716; x_wconf 84' lang='lat' dir='ltr'><strong>ignoscendi</strong></span> <span class='ocrx_word' id='word_1_48' title='bbox 681 658 867 715; x_wconf 80' lang='lat' dir='ltr'><strong>gloriam</strong></span> <span class='ocrx_word' id='word_1_49' title='bbox 883 657 1128 714; x_wconf 72' lang='lat' dir='ltr'><strong>dereliquit,</strong></span> <span class='ocrx_word' id='word_1_50' title='bbox 1142 658 1288 715; x_wconf 88' lang='lat' dir='ltr'><strong>sitque</strong></span> <span class='ocrx_word' id='word_1_51' title='bbox 1302 659 1472 701; x_wconf 90' lang='lat' dir='ltr'><strong>cunctis</strong></span> <span class='ocrx_word' id='word_1_52' title='bbox 1492 659 1644 701; x_wconf 88' lang='lat' dir='ltr'><strong>lauda-</strong></span> 
     </span>
     <span class='ocr_line' id='line_1_9' title="bbox 178 727 1644 772; baseline 0 -1"><span class='ocrx_word' id='word_1_53' title='bbox 178 728 266 772; x_wconf 88' lang='lat' dir='ltr'><strong>bile</strong></span> <span class='ocrx_word' id='word_1_54' title='bbox 286 727 428 771; x_wconf 85' lang='lat' dir='ltr'><strong>factas</strong></span> <span class='ocrx_word' id='word_1_55' title='bbox 449 731 618 771; x_wconf 88' lang='lat' dir='ltr'><strong>atroces</strong></span> <span class='ocrx_word' id='word_1_56' title='bbox 637 727 938 771; x_wconf 86' lang='lat' dir='ltr'><strong>sacerdotibus</strong></span> <span class='ocrx_word' id='word_1_57' title='bbox 956 729 1036 770; x_wconf 89' lang='lat' dir='ltr'><strong>aut</strong></span> <span class='ocrx_word' id='word_1_58' title='bbox 1061 727 1278 770; x_wconf 71' lang='lat' dir='ltr'><strong>ministris</strong></span> <span class='ocrx_word' id='word_1_59' title='bbox 1297 728 1483 770; x_wconf 88' lang='lat' dir='ltr'><strong>iniurias</strong></span> <span class='ocrx_word' id='word_1_60' title='bbox 1502 728 1644 771; x_wconf 91' lang='lat' dir='ltr'><strong>ueluti</strong></span> 
     </span>
     <span class='ocr_line' id='line_1_10' title="bbox 178 796 1645 856; baseline -0.001 -15"><span class='ocrx_word' id='word_1_61' title='bbox 178 797 404 856; x_wconf 90' lang='lat' dir='ltr'><strong>publicum</strong></span> <span class='ocrx_word' id='word_1_62' title='bbox 432 798 598 841; x_wconf 83' lang='lat' dir='ltr'><strong>crimen</strong></span> <span class='ocrx_word' id='word_1_63' title='bbox 636 797 838 855; x_wconf 83' lang='lat' dir='ltr'><strong>persequi</strong></span> <span class='ocrx_word' id='word_1_64' title='bbox 868 811 918 841; x_wconf 91' lang='lat' dir='ltr'><strong>ac</strong></span> <span class='ocrx_word' id='word_1_65' title='bbox 948 796 1003 840; x_wconf 90' lang='lat' dir='ltr'><strong>de</strong></span> <span class='ocrx_word' id='word_1_66' title='bbox 1032 797 1197 840; x_wconf 84' lang='lat' dir='ltr'><strong>talibus</strong></span> <span class='ocrx_word' id='word_1_67' title='bbox 1229 797 1444 840; x_wconf 87' lang='lat' dir='ltr'><strong>ultionem</strong></span> <span class='ocrx_word' id='word_1_68' title='bbox 1474 798 1645 840; x_wconf 88' lang='lat' dir='ltr'><strong>mereri.</strong></span> 
     </span>
     <span class='ocr_line' id='line_1_11' title="bbox 179 866 1644 912; baseline -0.001 -1"><span class='ocrx_word' id='word_1_69' title='bbox 179 868 322 912; x_wconf 88' lang='lat' dir='ltr'><strong>Item:</strong></span> <span class='ocrx_word' id='word_1_70' title='bbox 353 867 502 911; x_wconf 78' lang='lat' dir='ltr'><strong>Placet</strong></span> <span class='ocrx_word' id='word_1_71' title='bbox 523 866 781 911; x_wconf 89' lang='lat' dir='ltr'><strong>clementiae</strong></span> <span class='ocrx_word' id='word_1_72' title='bbox 800 875 977 910; x_wconf 73' lang='lat' dir='ltr'><strong>nostrae</strong></span> <span class='ocrx_word' id='word_1_73' title='bbox 1006 870 1060 910; x_wconf 91' lang='lat' dir='ltr'><strong>ut</strong></span> <span class='ocrx_word' id='word_1_74' title='bbox 1088 866 1224 910; x_wconf 86' lang='lat' dir='ltr'><strong>nichil</strong></span> <span class='ocrx_word' id='word_1_75' title='bbox 1249 881 1480 910; x_wconf 86' lang='lat' dir='ltr'><strong>commune</strong></span> <span class='ocrx_word' id='word_1_76' title='bbox 1499 866 1644 910; x_wconf 87' lang='lat' dir='ltr'><strong>clerici</strong></span> 
     </span>
     <span class='ocr_line' id='line_1_12' title="bbox 120 936 1646 994; baseline -0.003 -12"><span class='ocrx_word' id='word_1_77' title='bbox 120 955 165 983; x_wconf 84' lang='lat'><strong>10</strong></span> <span class='ocrx_word' id='word_1_78' title='bbox 179 950 281 981; x_wconf 88' lang='lat' dir='ltr'><strong>cum</strong></span> <span class='ocrx_word' id='word_1_79' title='bbox 304 937 492 994; x_wconf 82' lang='lat' dir='ltr'><strong>publicis</strong></span> <span class='ocrx_word' id='word_1_80' title='bbox 518 936 765 980; x_wconf 76' lang='lat' dir='ltr'><strong>actionibus</strong></span> <span class='ocrx_word' id='word_1_81' title='bbox 791 937 985 979; x_wconf 84' lang='lat' dir='ltr'><strong>habeant</strong></span> <span class='ocrx_word' id='word_1_82' title='bbox 1014 936 1087 980; x_wconf 89' lang='lat' dir='ltr'><strong>uel</strong></span> <span class='ocrx_word' id='word_1_83' title='bbox 1113 936 1171 979; x_wconf 89' lang='lat' dir='ltr'><strong>ad</strong></span> <span class='ocrx_word' id='word_1_84' title='bbox 1195 937 1363 980; x_wconf 88' lang='lat' dir='ltr'><strong>curiam</strong></span> <span class='ocrx_word' id='word_1_85' title='bbox 1384 936 1646 994; x_wconf 88' lang='lat' dir='ltr'><strong>pertinenti·</strong></span> 
     </span>
     <span class='ocr_line' id='line_1_13' title="bbox 180 1005 1647 1064; baseline -0.001 -14"><span class='ocrx_word' id='word_1_86' title='bbox 180 1006 275 1058; x_wconf 90' lang='lat' dir='ltr'><strong>bus,</strong></span> <span class='ocrx_word' id='word_1_87' title='bbox 295 1006 420 1050; x_wconf 89' lang='lat' dir='ltr'><strong>cuius</strong></span> <span class='ocrx_word' id='word_1_88' title='bbox 443 1006 614 1064; x_wconf 88' lang='lat' dir='ltr'><strong>corpori</strong></span> <span class='ocrx_word' id='word_1_89' title='bbox 644 1021 733 1049; x_wconf 91' lang='lat' dir='ltr'><strong>non</strong></span> <span class='ocrx_word' id='word_1_90' title='bbox 760 1008 866 1049; x_wconf 91' lang='lat' dir='ltr'><strong>sunt</strong></span> <span class='ocrx_word' id='word_1_91' title='bbox 892 1006 1066 1049; x_wconf 84' lang='lat' dir='ltr'><strong>adnexi.</strong></span> <span class='ocrx_word' id='word_1_92' title='bbox 1126 1005 1185 1049; x_wconf 90' lang='lat' dir='ltr'><strong>Et</strong></span> <span class='ocrx_word' id='word_1_93' title='bbox 1208 1006 1337 1049; x_wconf 88' lang='lat' dir='ltr'><strong>alibi:</strong></span> <span class='ocrx_word' id='word_1_94' title='bbox 1368 1006 1417 1049; x_wconf 86' lang='lat' dir='ltr'><strong>Si</strong></span> <span class='ocrx_word' id='word_1_95' title='bbox 1442 1005 1647 1049; x_wconf 85' lang='lat' dir='ltr'><strong>ecclesiae</strong></span> 
     </span>
     <span class='ocr_line' id='line_1_14' title="bbox 179 1075 1647 1134; baseline 0 -16"><span class='ocrx_word' id='word_1_96' title='bbox 179 1076 447 1119; x_wconf 89' lang='lat' dir='ltr'><strong>uenerabilis</strong></span> <span class='ocrx_word' id='word_1_97' title='bbox 494 1075 730 1134; x_wconf 88' lang='lat' dir='ltr'><strong>priuilegia</strong></span> <span class='ocrx_word' id='word_1_98' title='bbox 767 1075 1027 1132; x_wconf 84' lang='lat' dir='ltr'><strong>cuiusquam</strong></span> <span class='ocrx_word' id='word_1_99' title='bbox 1068 1075 1238 1119; x_wconf 85' lang='lat' dir='ltr'><strong>fuerint</strong></span> <span class='ocrx_word' id='word_1_100' title='bbox 1276 1075 1348 1118; x_wconf 91' lang='lat' dir='ltr'><strong>uel</strong></span> <span class='ocrx_word' id='word_1_101' title='bbox 1395 1075 1647 1119; x_wconf 82' lang='lat' dir='ltr'><strong>temeritate</strong></span> 
     </span>
     <span class='ocr_line' id='line_1_15' title="bbox 179 1145 1646 1202; baseline -0.001 -14"><span class='ocrx_word' id='word_1_102' title='bbox 179 1145 349 1189; x_wconf 85' lang='lat' dir='ltr'><strong>uiolata</strong></span> <span class='ocrx_word' id='word_1_103' title='bbox 386 1145 459 1189; x_wconf 90' lang='lat' dir='ltr'><strong>uel</strong></span> <span class='ocrx_word' id='word_1_104' title='bbox 498 1145 848 1189; x_wconf 87' lang='lat' dir='ltr'><strong>dissimulatione</strong></span> <span class='ocrx_word' id='word_1_105' title='bbox 886 1145 1088 1202; x_wconf 88' lang='lat' dir='ltr'><strong>neglecta</strong></span> <span class='ocrx_word' id='word_1_106' title='bbox 1129 1145 1409 1188; x_wconf 89' lang='lat' dir='ltr'><strong>commissum</strong></span> <span class='ocrx_word' id='word_1_107' title='bbox 1451 1145 1646 1202; x_wconf 88' lang='lat' dir='ltr'><strong>quinque</strong></span> 
     </span>
     <span class='ocr_line' id='line_1_16' title="bbox 180 1213 1693 1272; baseline -0.001 -15"><span class='ocrx_word' id='word_1_108' title='bbox 180 1214 394 1257; x_wconf 87' lang='lat' dir='ltr'><strong>librarum</strong></span> <span class='ocrx_word' id='word_1_109' title='bbox 413 1214 511 1257; x_wconf 89' lang='lat' dir='ltr'><strong>auri</strong></span> <span class='ocrx_word' id='word_1_110' title='bbox 532 1214 926 1271; x_wconf 88' lang='lat' dir='ltr'><strong>condempnatione</strong></span> <span class='ocrx_word' id='word_1_111' title='bbox 947 1215 1178 1272; x_wconf 88' lang='lat' dir='ltr'><strong>plectatur.</strong></span> <span class='ocrx_word' id='word_1_112' title='bbox 1237 1214 1362 1268; x_wconf 84' lang='lat' dir='ltr'><strong>Quae</strong></span> <span class='ocrx_word' id='word_1_113' title='bbox 1382 1229 1488 1257; x_wconf 89' lang='lat' dir='ltr'><strong>uero</strong></span> <span class='ocrx_word' id='word_1_114' title='bbox 1507 1213 1645 1271; x_wconf 85' lang='lat' dir='ltr'><strong>priui-</strong></span> <span class='ocrx_word' id='word_1_115' title='bbox 1663 1216 1693 1255; x_wconf 89' lang='lat' dir='ltr'><strong>b</strong></span> 
     </span>
     <span class='ocr_line' id='line_1_17' title="bbox 121 1283 1646 1341; baseline -0.001 -14"><span class='ocrx_word' id='word_1_116' title='bbox 121 1301 162 1335; x_wconf 81' lang='lat'><strong>15</strong></span> <span class='ocrx_word' id='word_1_117' title='bbox 180 1283 297 1341; x_wconf 87' lang='lat' dir='ltr'><strong>legia</strong></span> <span class='ocrx_word' id='word_1_118' title='bbox 316 1283 594 1327; x_wconf 88' lang='lat' dir='ltr'><strong>ecclesiarum</strong></span> <span class='ocrx_word' id='word_1_119' title='bbox 614 1283 895 1340; x_wconf 89' lang='lat' dir='ltr'><strong>locorumque</strong></span> <span class='ocrx_word' id='word_1_120' title='bbox 921 1284 1242 1327; x_wconf 88' lang='lat' dir='ltr'><strong>uenerabilium</strong></span> <span class='ocrx_word' id='word_1_121' title='bbox 1270 1286 1315 1326; x_wconf 91' lang='lat' dir='ltr'><strong>et</strong></span> <span class='ocrx_word' id='word_1_122' title='bbox 1341 1284 1646 1326; x_wconf 85' lang='lat' dir='ltr'><strong>ministrorum</strong></span> 
     </span>
     <span class='ocr_line' id='line_1_18' title="bbox 180 1353 1647 1404; baseline -0.001 -8"><span class='ocrx_word' id='word_1_123' title='bbox 180 1356 297 1404; x_wconf 90' lang='lat' dir='ltr'><strong>sunt,</strong></span> <span class='ocrx_word' id='word_1_124' title='bbox 324 1353 477 1396; x_wconf 89' lang='lat' dir='ltr'><strong>diuino</strong></span> <span class='ocrx_word' id='word_1_125' title='bbox 504 1353 620 1396; x_wconf 90' lang='lat' dir='ltr'><strong>fiunt</strong></span> <span class='ocrx_word' id='word_1_126' title='bbox 649 1356 694 1396; x_wconf 92' lang='lat' dir='ltr'><strong>et</strong></span> <span class='ocrx_word' id='word_1_127' title='bbox 723 1353 918 1396; x_wconf 90' lang='lat' dir='ltr'><strong>humano</strong></span> <span class='ocrx_word' id='word_1_128' title='bbox 944 1353 1041 1396; x_wconf 91' lang='lat' dir='ltr'><strong>iure</strong></span> <span class='ocrx_word' id='word_1_129' title='bbox 1067 1354 1310 1403; x_wconf 87' lang='lat' dir='ltr'><strong>notissima,</strong></span> <span class='ocrx_word' id='word_1_130' title='bbox 1336 1368 1436 1397; x_wconf 90' lang='lat' dir='ltr'><strong>cum</strong></span> <span class='ocrx_word' id='word_1_131' title='bbox 1464 1353 1536 1396; x_wconf 90' lang='lat' dir='ltr'><strong>uel</strong></span> <span class='ocrx_word' id='word_1_132' title='bbox 1563 1367 1647 1396; x_wconf 91' lang='lat' dir='ltr'><strong>usu</strong></span> 
     </span>
     <span class='ocr_line' id='line_1_19' title="bbox 180 1423 1647 1481; baseline -0.001 -14"><span class='ocrx_word' id='word_1_133' title='bbox 180 1424 270 1468; x_wconf 91' lang='lat' dir='ltr'><strong>iam</strong></span> <span class='ocrx_word' id='word_1_134' title='bbox 290 1423 461 1481; x_wconf 87' lang='lat' dir='ltr'><strong>liqueat</strong></span> <span class='ocrx_word' id='word_1_135' title='bbox 486 1423 604 1480; x_wconf 91' lang='lat' dir='ltr'><strong>quod</strong></span> <span class='ocrx_word' id='word_1_136' title='bbox 623 1438 713 1466; x_wconf 91' lang='lat' dir='ltr'><strong>non</strong></span> <span class='ocrx_word' id='word_1_137' title='bbox 733 1426 920 1481; x_wconf 88' lang='lat' dir='ltr'><strong>possunt</strong></span> <span class='ocrx_word' id='word_1_138' title='bbox 945 1423 1031 1466; x_wconf 92' lang='lat' dir='ltr'><strong>nisi</strong></span> <span class='ocrx_word' id='word_1_139' title='bbox 1052 1423 1171 1481; x_wconf 90' lang='lat' dir='ltr'><strong>apud</strong></span> <span class='ocrx_word' id='word_1_140' title='bbox 1191 1423 1358 1466; x_wconf 88' lang='lat' dir='ltr'><strong>iudices</strong></span> <span class='ocrx_word' id='word_1_141' title='bbox 1387 1423 1647 1467; x_wconf 87' lang='lat' dir='ltr'><strong>ecclesiasti·</strong></span> 
     </span>
     <span class='ocr_line' id='line_1_20' title="bbox 180 1493 1647 1550; baseline -0.002 -12"><span class='ocrx_word' id='word_1_142' title='bbox 180 1508 254 1538; x_wconf 89' lang='lat' dir='ltr'><strong>cos</strong></span> <span class='ocrx_word' id='word_1_143' title='bbox 291 1493 543 1545; x_wconf 88' lang='lat' dir='ltr'><strong>conueniri;</strong></span> <span class='ocrx_word' id='word_1_144' title='bbox 573 1496 618 1536; x_wconf 90' lang='lat' dir='ltr'><strong>et</strong></span> <span class='ocrx_word' id='word_1_145' title='bbox 657 1493 695 1536; x_wconf 88' lang='lat' dir='ltr'><strong>si</strong></span> <span class='ocrx_word' id='word_1_146' title='bbox 735 1493 834 1550; x_wconf 90' lang='lat' dir='ltr'><strong>quis</strong></span> <span class='ocrx_word' id='word_1_147' title='bbox 873 1493 920 1536; x_wconf 91' lang='lat' dir='ltr'><strong>in</strong></span> <span class='ocrx_word' id='word_1_148' title='bbox 955 1493 1147 1550; x_wconf 85' lang='lat' dir='ltr'><strong>aliquem</strong></span> <span class='ocrx_word' id='word_1_149' title='bbox 1187 1493 1241 1536; x_wconf 91' lang='lat' dir='ltr'><strong>de</strong></span> <span class='ocrx_word' id='word_1_150' title='bbox 1280 1493 1397 1536; x_wconf 91' lang='lat' dir='ltr'><strong>clero</strong></span> <span class='ocrx_word' id='word_1_151' title='bbox 1428 1493 1647 1536; x_wconf 88' lang='lat' dir='ltr'><strong>uiolentas</strong></span> 
     </span>
     <span class='ocr_line' id='line_1_21' title="bbox 181 1562 1647 1620; baseline -0.001 -14"><span class='ocrx_word' id='word_1_152' title='bbox 181 1578 339 1606; x_wconf 89' lang='lat' dir='ltr'><strong>manus</strong></span> <span class='ocrx_word' id='word_1_153' title='bbox 363 1562 572 1613; x_wconf 90' lang='lat' dir='ltr'><strong>iniecerit,</strong></span> <span class='ocrx_word' id='word_1_154' title='bbox 592 1563 875 1606; x_wconf 88' lang='lat' dir='ltr'><strong>anathemate</strong></span> <span class='ocrx_word' id='word_1_155' title='bbox 895 1562 1096 1614; x_wconf 89' lang='lat' dir='ltr'><strong>feriatur,</strong></span> <span class='ocrx_word' id='word_1_156' title='bbox 1116 1565 1168 1606; x_wconf 92' lang='lat' dir='ltr'><strong>ut</strong></span> <span class='ocrx_word' id='word_1_157' title='bbox 1192 1563 1278 1606; x_wconf 88' lang='lat' dir='ltr'><strong>nisi</strong></span> <span class='ocrx_word' id='word_1_158' title='bbox 1298 1578 1378 1620; x_wconf 91' lang='lat' dir='ltr'><strong>per</strong></span> <span class='ocrx_word' id='word_1_159' title='bbox 1398 1563 1647 1605; x_wconf 89' lang='lat' dir='ltr'><strong>Romanum</strong></span> 
     </span>
     <span class='ocr_line' id='line_1_22' title="bbox 121 1632 1648 1690; baseline 0 -14"><span class='ocrx_word' id='word_1_160' title='bbox 121 1645 166 1672; x_wconf 61' lang='grc' dir='ltr'><strong>πο</strong></span> <span class='ocrx_word' id='word_1_161' title='bbox 181 1632 433 1690; x_wconf 88' lang='lat' dir='ltr'><strong>pontificem</strong></span> <span class='ocrx_word' id='word_1_162' title='bbox 453 1632 623 1676; x_wconf 90' lang='lat' dir='ltr'><strong>absolui</strong></span> <span class='ocrx_word' id='word_1_163' title='bbox 642 1647 732 1675; x_wconf 92' lang='lat' dir='ltr'><strong>non</strong></span> <span class='ocrx_word' id='word_1_164' title='bbox 752 1632 902 1689; x_wconf 88' lang='lat' dir='ltr'><strong>possit.</strong></span> <span class='ocrx_word' id='word_1_165' title='bbox 963 1632 1110 1675; x_wconf 91' lang='lat' dir='ltr'><strong>Huius</strong></span> <span class='ocrx_word' id='word_1_166' title='bbox 1133 1632 1330 1675; x_wconf 91' lang='lat' dir='ltr'><strong>criminis</strong></span> <span class='ocrx_word' id='word_1_167' title='bbox 1350 1632 1457 1675; x_wconf 88' lang='lat' dir='ltr'><strong>alibi</strong></span> <span class='ocrx_word' id='word_1_168' title='bbox 1478 1632 1648 1676; x_wconf 85' lang='lat' dir='ltr'><strong>frustra</strong></span> 
     </span>
     <span class='ocr_line' id='line_1_23' title="bbox 180 1702 1648 1760; baseline -0.001 -14"><span class='ocrx_word' id='word_1_169' title='bbox 180 1702 410 1760; x_wconf 87' lang='lat' dir='ltr'><strong>quaeritur</strong></span> <span class='ocrx_word' id='word_1_170' title='bbox 427 1702 571 1752; x_wconf 87' lang='lat' dir='ltr'><strong>uenia,</strong></span> <span class='ocrx_word' id='word_1_171' title='bbox 594 1702 680 1745; x_wconf 90' lang='lat' dir='ltr'><strong>nisi</strong></span> <span class='ocrx_word' id='word_1_172' title='bbox 709 1702 923 1746; x_wconf 88' lang='lat' dir='ltr'><strong>articulus</strong></span> <span class='ocrx_word' id='word_1_173' title='bbox 949 1702 1106 1744; x_wconf 88' lang='lat' dir='ltr'><strong>mortis</strong></span> <span class='ocrx_word' id='word_1_174' title='bbox 1135 1702 1250 1745; x_wconf 86' lang='lat' dir='ltr'><strong>forte</strong></span> <span class='ocrx_word' id='word_1_175' title='bbox 1280 1702 1521 1752; x_wconf 88' lang='lat' dir='ltr'><strong>immineat,</strong></span> <span class='ocrx_word' id='word_1_176' title='bbox 1542 1702 1648 1759; x_wconf 88' lang='lat' dir='ltr'><strong>quia</strong></span> 
     </span>
    </p>
   </div>
   <div class='ocr_carea' id='block_1_4' title="bbox 179 1770 1644 1886">
    <p class='ocr_par' dir='ltr' id='par_1_4' title="bbox 179 1770 1644 1886">
     <span class='ocr_line' id='line_1_24' title="bbox 179 1770 1644 1830; baseline 0 -14"><span class='ocrx_word' id='word_1_177' title='bbox 179 1787 260 1817; x_wconf 91' lang='lat' dir='ltr'><strong>nec</strong></span> <span class='ocrx_word' id='word_1_178' title='bbox 293 1787 373 1830; x_wconf 90' lang='lat' dir='ltr'><strong>per</strong></span> <span class='ocrx_word' id='word_1_179' title='bbox 411 1773 504 1816; x_wconf 92' lang='lat' dir='ltr'><strong>uim</strong></span> <span class='ocrx_word' id='word_1_180' title='bbox 544 1772 798 1829; x_wconf 86' lang='lat' dir='ltr'><strong>extorqueri</strong></span> <span class='ocrx_word' id='word_1_181' title='bbox 831 1787 911 1815; x_wconf 88' lang='lat' dir='ltr'><strong>nec</strong></span> <span class='ocrx_word' id='word_1_182' title='bbox 943 1772 1106 1829; x_wconf 86' lang='lat' dir='ltr'><strong>surripi</strong></span> <span class='ocrx_word' id='word_1_183' title='bbox 1138 1774 1285 1829; x_wconf 86' lang='lat' dir='ltr'><strong>potest</strong></span> <span class='ocrx_word' id='word_1_184' title='bbox 1315 1786 1396 1829; x_wconf 91' lang='lat' dir='ltr'><strong>per</strong></span> <span class='ocrx_word' id='word_1_185' title='bbox 1427 1770 1644 1816; x_wconf 82' lang='lat' dir='ltr'><strong>fraudem.</strong></span> 
     </span>
     <span class='ocr_line' id='line_1_25' title="bbox 180 1841 1061 1886; baseline -0.001 0"><span class='ocrx_word' id='word_1_186' title='bbox 180 1841 373 1886; x_wconf 86' lang='lat' dir='ltr'><strong>Auctore</strong></span> <span class='ocrx_word' id='word_1_187' title='bbox 402 1841 648 1886; x_wconf 85' lang='lat' dir='ltr'><strong>Claudiano</strong></span> <span class='ocrx_word' id='word_1_188' title='bbox 677 1841 947 1885; x_wconf 81' lang='lat' dir='ltr'><strong>Theodosius</strong></span> <span class='ocrx_word' id='word_1_189' title='bbox 976 1841 1061 1885; x_wconf 84' lang='lat' dir='ltr'><strong>ait:</strong></span> 
     </span>
    </p>
   </div>
   <div class='ocr_carea' id='block_1_5' title="bbox 0 1919 1688 2400">
    <p class='ocr_par' dir='ltr' id='par_1_5' title="bbox 11 1919 1402 1978">
     <span class='ocr_line' id='line_1_26' title="bbox 11 1919 1402 1978; baseline 0.003 -20"><span class='ocrx_word' id='word_1_190' title='bbox 11 1940 38 1978; x_wconf 65' lang='lat'><strong>¹33·</strong></span> <span class='ocrx_word' id='word_1_191' title='bbox 787 1919 890 1962; x_wconf 93' lang='lat' dir='ltr'><strong>Non</strong></span> <span class='ocrx_word' id='word_1_192' title='bbox 921 1919 1204 1976; x_wconf 86' lang='lat' dir='ltr'><strong>extorquebis</strong></span> <span class='ocrx_word' id='word_1_193' title='bbox 1234 1919 1402 1971; x_wconf 87' lang='lat' dir='ltr'><strong>amari;</strong></span> 
     </span>
    </p>

    <p class='ocr_par' dir='ltr' id='par_1_6' title="bbox 0 1977 1468 2044">
     <span class='ocr_line' id='line_1_27' title="bbox 0 1977 1468 2035; baseline 0.001 -16"><span class='ocrx_word' id='word_1_194' title='bbox 0 1977 10 1999; x_wconf 71' lang='grc'><strong>““’</strong></span> <span class='ocrx_word' id='word_1_195' title='bbox 122 1994 164 2030; x_wconf 83' lang='lat'><strong>²5</strong></span> <span class='ocrx_word' id='word_1_196' title='bbox 354 1978 436 2021; x_wconf 92' lang='lat' dir='ltr'><strong>hoc</strong></span> <span class='ocrx_word' id='word_1_197' title='bbox 465 1977 637 2021; x_wconf 85' lang='lat' dir='ltr'><strong>alterna</strong></span> <span class='ocrx_word' id='word_1_198' title='bbox 666 1977 786 2028; x_wconf 86' lang='lat' dir='ltr'><strong>fides,</strong></span> <span class='ocrx_word' id='word_1_199' title='bbox 815 1978 897 2021; x_wconf 91' lang='lat' dir='ltr'><strong>hoc</strong></span> <span class='ocrx_word' id='word_1_200' title='bbox 925 1978 1114 2035; x_wconf 85' lang='lat' dir='ltr'><strong>simplex</strong></span> <span class='ocrx_word' id='word_1_201' title='bbox 1143 1978 1291 2035; x_wconf 86' lang='lat' dir='ltr'><strong>gratia</strong></span> <span class='ocrx_word' id='word_1_202' title='bbox 1319 1978 1468 2022; x_wconf 82' lang='lat' dir='ltr'><strong>donat.</strong></span> 
     </span>
    </p>

    <p class='ocr_par' dir='ltr' id='par_1_7' title="bbox 15 2053 1688 2330">
     <span class='ocr_line' id='line_1_28' title="bbox 15 2053 1645 2122; baseline 0.001 -16"><span class='ocrx_word' id='word_1_203' title='bbox 15 2065 23 2082; x_wconf 90' lang='lat'><strong>·&#39;</strong></span> <span class='ocrx_word' id='word_1_204' title='bbox 35 2053 42 2081; x_wconf 35' lang='lat'><strong>‘⁸</strong></span> <span class='ocrx_word' id='word_1_205' title='bbox 181 2063 507 2107; x_wconf 90' lang='lat' dir='ltr'><strong>Nichilominus</strong></span> <span class='ocrx_word' id='word_1_206' title='bbox 525 2078 682 2107; x_wconf 88' lang='lat' dir='ltr'><strong>uerum</strong></span> <span class='ocrx_word' id='word_1_207' title='bbox 702 2066 770 2108; x_wconf 89' lang='lat' dir='ltr'><strong>est</strong></span> <span class='ocrx_word' id='word_1_208' title='bbox 789 2063 894 2121; x_wconf 90' lang='lat' dir='ltr'><strong>quia</strong></span> <span class='ocrx_word' id='word_1_209' title='bbox 912 2079 1002 2107; x_wconf 91' lang='lat' dir='ltr'><strong>non</strong></span> <span class='ocrx_word' id='word_1_210' title='bbox 1022 2064 1305 2121; x_wconf 89' lang='lat' dir='ltr'><strong>extorquebis</strong></span> <span class='ocrx_word' id='word_1_211' title='bbox 1325 2064 1508 2115; x_wconf 88' lang='lat' dir='ltr'><strong>absolui,</strong></span> <span class='ocrx_word' id='word_1_212' title='bbox 1527 2065 1645 2122; x_wconf 91' lang='lat' dir='ltr'><strong>quod</strong></span> 
     </span>
     <span class='ocr_line' id='line_1_29' title="bbox 179 2132 1645 2191; baseline 0.001 -15"><span class='ocrx_word' id='word_1_213' title='bbox 179 2132 274 2176; x_wconf 80' lang='lat' dir='ltr'><strong>sola</strong></span> <span class='ocrx_word' id='word_1_214' title='bbox 311 2132 520 2176; x_wconf 90' lang='lat' dir='ltr'><strong>contritio</strong></span> <span class='ocrx_word' id='word_1_215' title='bbox 558 2133 712 2184; x_wconf 91' lang='lat' dir='ltr'><strong>cordis,</strong></span> <span class='ocrx_word' id='word_1_216' title='bbox 743 2133 960 2176; x_wconf 84' lang='lat' dir='ltr'><strong>confessio</strong></span> <span class='ocrx_word' id='word_1_217' title='bbox 994 2133 1095 2184; x_wconf 90' lang='lat' dir='ltr'><strong>oris,</strong></span> <span class='ocrx_word' id='word_1_218' title='bbox 1130 2135 1176 2176; x_wconf 86' lang='lat' dir='ltr'><strong>et</strong></span> <span class='ocrx_word' id='word_1_219' title='bbox 1214 2133 1461 2177; x_wconf 85' lang='lat' dir='ltr'><strong>satisfactio</strong></span> <span class='ocrx_word' id='word_1_220' title='bbox 1500 2134 1645 2191; x_wconf 87' lang='lat' dir='ltr'><strong>operis</strong></span> 
     </span>
     <span class='ocr_line' id='line_1_30' title="bbox 178 2202 1688 2260; baseline 0.002 -16"><span class='ocrx_word' id='word_1_221' title='bbox 178 2205 497 2259; x_wconf 86' lang='lat' dir='ltr'><strong>promerentur.</strong></span> <span class='ocrx_word' id='word_1_222' title='bbox 564 2202 730 2259; x_wconf 87' lang='lat' dir='ltr'><strong>Vtique</strong></span> <span class='ocrx_word' id='word_1_223' title='bbox 768 2216 858 2245; x_wconf 92' lang='lat' dir='ltr'><strong>non</strong></span> <span class='ocrx_word' id='word_1_224' title='bbox 896 2202 965 2244; x_wconf 90' lang='lat' dir='ltr'><strong>uis</strong></span> <span class='ocrx_word' id='word_1_225' title='bbox 983 2202 1076 2245; x_wconf 82' lang='lat' dir='ltr'><strong>sed</strong></span> <span class='ocrx_word' id='word_1_226' title='bbox 1115 2203 1262 2260; x_wconf 85' lang='lat' dir='ltr'><strong>gratia</strong></span> <span class='ocrx_word' id='word_1_227' title='bbox 1300 2203 1394 2246; x_wconf 89' lang='lat' dir='ltr'><strong>sola</strong></span> <span class='ocrx_word' id='word_1_228' title='bbox 1432 2203 1644 2246; x_wconf 88' lang='lat' dir='ltr'><strong>iustificat</strong></span> <span class='ocrx_word' id='word_1_229' title='bbox 1662 2216 1688 2247; x_wconf 84' lang='lat' dir='ltr'><strong>c</strong></span> 
     </span>
     <span class='ocr_line' id='line_1_31' title="bbox 179 2269 1645 2330; baseline 0.001 -17"><span class='ocrx_word' id='word_1_230' title='bbox 179 2269 378 2327; x_wconf 90' lang='lat' dir='ltr'><strong>impium,</strong></span> <span class='ocrx_word' id='word_1_231' title='bbox 390 2274 435 2314; x_wconf 90' lang='lat' dir='ltr'><strong>et</strong></span> <span class='ocrx_word' id='word_1_232' title='bbox 454 2270 578 2314; x_wconf 82' lang='lat' dir='ltr'><strong>fraus</strong></span> <span class='ocrx_word' id='word_1_233' title='bbox 593 2272 811 2329; x_wconf 85' lang='lat' dir='ltr'><strong>peccatori</strong></span> <span class='ocrx_word' id='word_1_234' title='bbox 826 2287 915 2315; x_wconf 91' lang='lat' dir='ltr'><strong>non</strong></span> <span class='ocrx_word' id='word_1_235' title='bbox 929 2272 1119 2329; x_wconf 91' lang='lat' dir='ltr'><strong>prodest,</strong></span> <span class='ocrx_word' id='word_1_236' title='bbox 1135 2272 1241 2329; x_wconf 91' lang='lat' dir='ltr'><strong>quia</strong></span> <span class='ocrx_word' id='word_1_237' title='bbox 1254 2272 1451 2330; x_wconf 87' lang='lat' dir='ltr'><strong>Spiritus</strong></span> <span class='ocrx_word' id='word_1_238' title='bbox 1465 2276 1645 2316; x_wconf 88' lang='lat' dir='ltr'><strong>sanctus</strong></span> 
     </span>
    </p>

    <p class='ocr_par' dir='ltr' id='par_1_8' title="bbox 121 2338 1645 2400">
     <span class='ocr_line' id='line_1_32' title="bbox 121 2338 1645 2400; baseline 0.003 -19"><span class='ocrx_word' id='word_1_239' title='bbox 121 2355 166 2390; x_wconf 77' lang='grc' dir='ltr'><strong>3ο</strong></span> <span class='ocrx_word' id='word_1_240' title='bbox 181 2338 437 2397; x_wconf 88' lang='lat' dir='ltr'><strong>disciplinae</strong></span> <span class='ocrx_word' id='word_1_241' title='bbox 470 2341 628 2398; x_wconf 86' lang='lat' dir='ltr'><strong>effugit</strong></span> <span class='ocrx_word' id='word_1_242' title='bbox 660 2341 813 2384; x_wconf 90' lang='lat' dir='ltr'><strong>fictum</strong></span> <span class='ocrx_word' id='word_1_243' title='bbox 851 2356 931 2385; x_wconf 91' lang='lat' dir='ltr'><strong>nec</strong></span> <span class='ocrx_word' id='word_1_244' title='bbox 963 2342 1140 2385; x_wconf 89' lang='lat' dir='ltr'><strong>habitat</strong></span> <span class='ocrx_word' id='word_1_245' title='bbox 1172 2341 1220 2385; x_wconf 84' lang='lat' dir='ltr'><strong>in</strong></span> <span class='ocrx_word' id='word_1_246' title='bbox 1252 2357 1432 2400; x_wconf 89' lang='lat' dir='ltr'><strong>corpore</strong></span> <span class='ocrx_word' id='word_1_247' title='bbox 1466 2342 1645 2386; x_wconf 87' lang='lat' dir='ltr'><strong>subdito</strong></span> 
     </span>
    </p>
   </div>
   <div class='ocr_carea' id='block_1_6' title="bbox 183 2451 1645 2546">
    <p class='ocr_par' dir='ltr' id='par_1_9' title="bbox 183 2451 1645 2546">
     <span class='ocr_line' id='line_1_33' title="bbox 183 2451 1645 2499; baseline 0.002 -12"><span class='ocrx_word' id='word_1_248' title='bbox 183 2461 203 2495; x_wconf 76' lang='lat'>3</span> <span class='ocrx_word' id='word_1_249' title='bbox 229 2451 438 2496; x_wconf 83' lang='lat' dir='ltr'><strong>conuictos]</strong></span> <span class='ocrx_word' id='word_1_250' title='bbox 458 2451 676 2488; x_wconf 84' lang='lat' dir='ltr'><strong>coniunctos</strong></span> <span class='ocrx_word' id='word_1_251' title='bbox 694 2452 735 2487; x_wconf 83' lang='lat' dir='ltr'>M</span> <span class='ocrx_word' id='word_1_252' title='bbox 860 2463 884 2499; x_wconf 85' lang='lat'>4</span> <span class='ocrx_word' id='word_1_253' title='bbox 907 2452 1180 2490; x_wconf 87' lang='lat' dir='ltr'><strong>uindicandam</strong></span> <span class='ocrx_word' id='word_1_254' title='bbox 1198 2452 1343 2490; x_wconf 88' lang='lat' dir='ltr'>CBAS:</span> <span class='ocrx_word' id='word_1_255' title='bbox 1370 2452 1645 2491; x_wconf 84' lang='lat' dir='ltr'><strong>uindicandum</strong></span> 
     </span>
     <span class='ocr_line' id='line_1_34' title="bbox 367 2498 810 2546; baseline 0.002 -11"><span class='ocrx_word' id='word_1_256' title='bbox 367 2508 408 2544; x_wconf 88' lang='lat'><strong>13</strong></span> <span class='ocrx_word' id='word_1_257' title='bbox 435 2498 615 2546; x_wconf 82' lang='lat' dir='ltr'><strong>quinque]</strong></span> <span class='ocrx_word' id='word_1_258' title='bbox 634 2512 665 2536; x_wconf 86' lang='lat' dir='ltr'><strong>v.</strong></span> <span class='ocrx_word' id='word_1_259' title='bbox 687 2499 810 2536; x_wconf 87' lang='lat' dir='ltr'>CBAS</span> 
     </span>
    </p>
   </div>
   <div class='ocr_carea' id='block_1_7' title="bbox 180 2595 1650 2882">
    <p class='ocr_par' dir='ltr' id='par_1_10' title="bbox 180 2595 1650 2882">
     <span class='ocr_line' id='line_1_35' title="bbox 230 2595 1644 2645; baseline 0.002 -12"><span class='ocrx_word' id='word_1_260' title='bbox 230 2606 253 2642; x_wconf 92' lang='lat'>9</span> <span class='ocrx_word' id='word_1_261' title='bbox 276 2598 396 2633; x_wconf 76' lang='lat' dir='ltr'><strong>Placet</strong></span> <span class='ocrx_word' id='word_1_262' title='bbox 414 2598 510 2633; x_wconf 86' lang='lat' dir='ltr'><strong>etc.:</strong></span> <span class='ocrx_word' id='word_1_263' title='bbox 536 2595 624 2634; x_wconf 80' lang='lat' dir='ltr'><strong>eod.</strong></span> <span class='ocrx_word' id='word_1_264' title='bbox 642 2597 776 2634; x_wconf 84' lang='lat' dir='ltr'><strong>Iustin.</strong></span> <span class='ocrx_word' id='word_1_265' title='bbox 792 2598 817 2634; x_wconf 91' lang='lat' dir='ltr'><strong>i.</strong></span> <span class='ocrx_word' id='word_1_266' title='bbox 838 2609 858 2644; x_wconf 91' lang='lat'>3</span> <span class='ocrx_word' id='word_1_267' title='bbox 879 2597 898 2645; x_wconf 68' lang='grc' dir='ltr'><strong>ξ</strong></span> <span class='ocrx_word' id='word_1_268' title='bbox 920 2607 973 2643; x_wconf 89' lang='grc'><strong>17.</strong></span> <span class='ocrx_word' id='word_1_269' title='bbox 1128 2609 1166 2636; x_wconf 85' lang='grc'><strong>11</strong></span> <span class='ocrx_word' id='word_1_270' title='bbox 1194 2601 1237 2636; x_wconf 77' lang='grc' dir='ltr'><strong>δί·</strong></span> <span class='ocrx_word' id='word_1_271' title='bbox 1252 2601 1414 2636; x_wconf 68' lang='lat' dir='ltr'><strong>ecclesiae</strong></span> <span class='ocrx_word' id='word_1_272' title='bbox 1431 2601 1529 2636; x_wconf 87' lang='lat' dir='ltr'><strong>etc.:</strong></span> <span class='ocrx_word' id='word_1_273' title='bbox 1555 2598 1644 2636; x_wconf 80' lang='lat' dir='ltr'><strong>eod.</strong></span> 
     </span>
     <span class='ocr_line' id='line_1_36' title="bbox 180 2642 1644 2698; baseline 0.003 -19"><span class='ocrx_word' id='word_1_274' title='bbox 180 2643 318 2680; x_wconf 82' lang='lat' dir='ltr'><strong>lustin.</strong></span> <span class='ocrx_word' id='word_1_275' title='bbox 330 2643 356 2680; x_wconf 87' lang='lat' dir='ltr'><strong>i.</strong></span> <span class='ocrx_word' id='word_1_276' title='bbox 370 2653 390 2689; x_wconf 84' lang='lat'>3</span> <span class='ocrx_word' id='word_1_277' title='bbox 406 2642 428 2698; x_wconf 68' lang='grc' dir='ltr'><strong>ξ</strong></span> <span class='ocrx_word' id='word_1_278' title='bbox 451 2654 504 2688; x_wconf 83' lang='grc'><strong>13.</strong></span> <span class='ocrx_word' id='word_1_279' title='bbox 688 2647 728 2682; x_wconf 91' lang='lat'><strong>18</strong></span> <span class='ocrx_word' id='word_1_280' title='bbox 746 2648 780 2681; x_wconf 77' lang='lat' dir='ltr'><strong>si</strong></span> <span class='ocrx_word' id='word_1_281' title='bbox 792 2648 873 2693; x_wconf 76' lang='lat' dir='ltr'><strong>quis</strong></span> <span class='ocrx_word' id='word_1_282' title='bbox 888 2647 929 2682; x_wconf 78' lang='lat' dir='ltr'><strong>in</strong></span> <span class='ocrx_word' id='word_1_283' title='bbox 945 2648 1100 2694; x_wconf 74' lang='lat' dir='ltr'><strong>aliquem</strong></span> <span class='ocrx_word' id='word_1_284' title='bbox 1115 2648 1210 2684; x_wconf 87' lang='lat' dir='ltr'><strong>etc.:</strong></span> <span class='ocrx_word' id='word_1_285' title='bbox 1234 2659 1267 2682; x_wconf 88' lang='lat' dir='ltr'><strong>v.</strong></span> <span class='ocrx_word' id='word_1_286' title='bbox 1286 2647 1399 2683; x_wconf 77' lang='lat' dir='ltr'><strong>Conc-</strong></span> <span class='ocrx_word' id='word_1_287' title='bbox 1417 2645 1591 2684; x_wconf 85' lang='lat' dir='ltr'><strong>Lateran.</strong></span> <span class='ocrx_word' id='word_1_288' title='bbox 1611 2659 1644 2683; x_wconf 87' lang='lat' dir='ltr'><strong>a.</strong></span> 
     </span>
     <span class='ocr_line' id='line_1_37' title="bbox 185 2690 1647 2741; baseline 0.001 -13"><span class='ocrx_word' id='word_1_289' title='bbox 185 2701 276 2737; x_wconf 88' lang='lat'>1139</span> <span class='ocrx_word' id='word_1_290' title='bbox 293 2703 323 2727; x_wconf 89' lang='lat' dir='ltr'><strong>c.</strong></span> <span class='ocrx_word' id='word_1_291' title='bbox 345 2699 384 2736; x_wconf 81' lang='lat'><strong>15</strong></span> <span class='ocrx_word' id='word_1_292' title='bbox 403 2702 443 2725; x_wconf 87' lang='lat' dir='ltr'><strong>m</strong></span> <span class='ocrx_word' id='word_1_293' title='bbox 462 2690 565 2728; x_wconf 76' lang='lat' dir='ltr'><strong>Gmt.</strong></span> <span class='ocrx_word' id='word_1_294' title='bbox 584 2692 720 2728; x_wconf 68' lang='lat' dir='ltr'><strong>Deerat.</strong></span> <span class='ocrx_word' id='word_1_295' title='bbox 736 2692 784 2728; x_wconf 93' lang='lat' dir='ltr'><strong>II.</strong></span> <span class='ocrx_word' id='word_1_296' title='bbox 801 2693 889 2729; x_wconf 84' lang='lat' dir='ltr'><strong>xvii.</strong></span> <span class='ocrx_word' id='word_1_297' title='bbox 907 2705 941 2738; x_wconf 87' lang='lat'><strong>4.</strong></span> <span class='ocrx_word' id='word_1_298' title='bbox 958 2705 988 2730; x_wconf 90' lang='lat' dir='ltr'><strong>c.</strong></span> <span class='ocrx_word' id='word_1_299' title='bbox 1008 2705 1053 2738; x_wconf 87' lang='lat'><strong>29</strong></span> <span class='ocrx_word' id='word_1_300' title='bbox 1072 2693 1292 2741; x_wconf 83' lang='lat' dir='ltr'><strong>(Friedberg</strong></span> <span class='ocrx_word' id='word_1_301' title='bbox 1306 2694 1334 2730; x_wconf 88' lang='lat' dir='ltr'><strong>i.</strong></span> <span class='ocrx_word' id='word_1_302' title='bbox 1352 2694 1451 2739; x_wconf 87' lang='lat'>822).</span> <span class='ocrx_word' id='word_1_303' title='bbox 1601 2704 1647 2739; x_wconf 87' lang='lat'><strong>24</strong></span> 
     </span>
     <span class='ocr_line' id='line_1_38' title="bbox 181 2738 1648 2787; baseline 0.002 -12"><span class='ocrx_word' id='word_1_304' title='bbox 181 2739 266 2775; x_wconf 81' lang='lat' dir='ltr'><strong>Non</strong></span> <span class='ocrx_word' id='word_1_305' title='bbox 283 2739 500 2784; x_wconf 60' lang='lat' dir='ltr'><strong>extorquebis</strong></span> <span class='ocrx_word' id='word_1_306' title='bbox 517 2740 610 2775; x_wconf 89' lang='lat' dir='ltr'><strong>etc.:</strong></span> <span class='ocrx_word' id='word_1_307' title='bbox 636 2738 829 2776; x_wconf 79' lang='lat' dir='ltr'><strong>claudian.</strong></span> <span class='ocrx_word' id='word_1_308' title='bbox 846 2742 1022 2787; x_wconf 61' lang='lat' dir='ltr'><strong>Panegyr.</strong></span> <span class='ocrx_word' id='word_1_309' title='bbox 1040 2744 1083 2777; x_wconf 86' lang='lat' dir='ltr'><strong>de</strong></span> <span class='ocrx_word' id='word_1_310' title='bbox 1099 2743 1159 2777; x_wconf 85' lang='lat' dir='ltr'><strong>IV</strong></span> <span class='ocrx_word' id='word_1_311' title='bbox 1174 2744 1277 2778; x_wconf 75' lang='lat' dir='ltr'><strong>Cous.</strong></span> <span class='ocrx_word' id='word_1_312' title='bbox 1294 2743 1451 2778; x_wconf 60' lang='lat' dir='ltr'><strong>Honoris·</strong></span> <span class='ocrx_word' id='word_1_313' title='bbox 1467 2742 1548 2786; x_wconf 90' lang='lat'><em>282,</em></span> <span class='ocrx_word' id='word_1_314' title='bbox 1567 2743 1648 2787; x_wconf 86' lang='lat'><strong>²83·</strong></span> 
     </span>
     <span class='ocr_line' id='line_1_39' title="bbox 182 2785 1650 2839; baseline 0.001 -17"><span class='ocrx_word' id='word_1_315' title='bbox 182 2795 228 2831; x_wconf 82' lang='lat'><strong>27</strong></span> <span class='ocrx_word' id='word_1_316' title='bbox 253 2787 329 2822; x_wconf 68' lang='lat' dir='ltr'><strong>sola</strong></span> <span class='ocrx_word' id='word_1_317' title='bbox 345 2787 509 2839; x_wconf 39' lang='lat' dir='ltr'><strong>contr-itio</strong></span> <span class='ocrx_word' id='word_1_318' title='bbox 525 2787 619 2822; x_wconf 87' lang='lat' dir='ltr'><strong>etc.:</strong></span> <span class='ocrx_word' id='word_1_319' title='bbox 637 2786 685 2822; x_wconf 79' lang='lat' dir='ltr'><strong>cf.</strong></span> <span class='ocrx_word' id='word_1_320' title='bbox 698 2785 804 2824; x_wconf 86' lang='lat' dir='ltr'><strong>Grat.</strong></span> <span class='ocrx_word' id='word_1_321' title='bbox 821 2789 958 2824; x_wconf 75' lang='lat' dir='ltr'><strong>Decret.</strong></span> <span class='ocrx_word' id='word_1_322' title='bbox 976 2788 1024 2824; x_wconf 93' lang='lat' dir='ltr'><strong>II.</strong></span> <span class='ocrx_word' id='word_1_323' title='bbox 1041 2788 1171 2825; x_wconf 84' lang='lat' dir='ltr'><strong>xxxiii.</strong></span> <span class='ocrx_word' id='word_1_324' title='bbox 1189 2799 1210 2834; x_wconf 89' lang='lat'>3</span> <span class='ocrx_word' id='word_1_325' title='bbox 1233 2805 1268 2818; x_wconf 95' lang='lat'>=</span> <span class='ocrx_word' id='word_1_326' title='bbox 1286 2790 1330 2824; x_wconf 77' lang='lat' dir='ltr'><strong>de</strong></span> <span class='ocrx_word' id='word_1_327' title='bbox 1345 2790 1451 2824; x_wconf 84' lang='lat' dir='ltr'><strong>Poen.</strong></span> <span class='ocrx_word' id='word_1_328' title='bbox 1466 2801 1518 2825; x_wconf 91' lang='lat' dir='ltr'><strong>cc.</strong></span> <span class='ocrx_word' id='word_1_329' title='bbox 1529 2797 1587 2835; x_wconf 88' lang='lat'><strong>37,</strong></span> <span class='ocrx_word' id='word_1_330' title='bbox 1601 2799 1650 2833; x_wconf 84' lang='lat'><strong>40</strong></span> 
     </span>
     <span class='ocr_line' id='line_1_40' title="bbox 186 2832 1625 2882; baseline 0.002 -13"><span class='ocrx_word' id='word_1_331' title='bbox 186 2832 409 2881; x_wconf 80' lang='lat' dir='ltr'><strong>(Friedberg</strong></span> <span class='ocrx_word' id='word_1_332' title='bbox 431 2843 456 2868; x_wconf 84' lang='lat'><strong>1.</strong></span> <span class='ocrx_word' id='word_1_333' title='bbox 478 2833 577 2877; x_wconf 85' lang='lat'>1167,</span> <span class='ocrx_word' id='word_1_334' title='bbox 600 2833 716 2880; x_wconf 81' lang='lat'><strong>1168).</strong></span> <span class='ocrx_word' id='word_1_335' title='bbox 859 2844 906 2879; x_wconf 89' lang='lat'><strong>29</strong></span> <span class='ocrx_word' id='word_1_336' title='bbox 930 2837 1090 2881; x_wconf 71' lang='lat' dir='ltr'><strong>Spiritus</strong></span> <span class='ocrx_word' id='word_1_337' title='bbox 1105 2842 1252 2872; x_wconf 75' lang='lat' dir='ltr'><strong>sanctus</strong></span> <span class='ocrx_word' id='word_1_338' title='bbox 1267 2838 1363 2873; x_wconf 88' lang='lat' dir='ltr'><strong>etc.:</strong></span> <span class='ocrx_word' id='word_1_339' title='bbox 1389 2835 1476 2882; x_wconf 86' lang='lat' dir='ltr'><strong>Sap.</strong></span> <span class='ocrx_word' id='word_1_340' title='bbox 1493 2835 1518 2871; x_wconf 90' lang='lat' dir='ltr'><strong>i.</strong></span> <span class='ocrx_word' id='word_1_341' title='bbox 1539 2845 1571 2882; x_wconf 83' lang='lat'><strong>5,</strong></span> <span class='ocrx_word' id='word_1_342' title='bbox 1588 2847 1625 2881; x_wconf 87' lang='lat'><strong>4.</strong></span> 
     </span>
    </p>
   </div>
   <div class='ocr_carea' id='block_1_8' title="bbox 249 2904 1536 2943">
    <p class='ocr_par' dir='ltr' id='par_1_11' title="bbox 249 2904 1536 2943">
     <span class='ocr_line' id='line_1_41' title="bbox 249 2904 1536 2943; baseline 0.002 -4"><span class='ocrx_word' id='word_1_343' title='bbox 249 2904 331 2923; x_wconf 63' lang='lat'><strong>&#39;⁹⁸⁸⁸</strong></span> <span class='ocrx_word' id='word_1_344' title='bbox 873 2905 898 2939; x_wconf 73' lang='lat' dir='ltr'>Q</span> <span class='ocrx_word' id='word_1_345' title='bbox 926 2905 954 2943; x_wconf 77' lang='lat' dir='ltr'>q</span> <span class='ocrx_word' id='word_1_346' title='bbox 1472 2905 1536 2942; x_wconf 82' lang='grc'><strong>297</strong></span> 
     </span>
    </p>
   </div>
  </div>
 </body>
</html>
