1994 3190
183 195 265 245 405
283 205 314 234 a
659 189 920 235 IOANNIS
963 188 1477 234 SARESBERIENSIS
1654 187 1764 248 [ΜΒ.
1781 198 1800 230 Ι

285 413 316 440 a
385 395 493 453 Cap.
518 397 556 439 8.
607 395 672 439 De
701 394 1000 439 histrionibus
1020 398 1060 438 et
1078 394 1238 438 'azimis
1258 398 1298 438 et
1311 392 1751 451 praestiyiatoribus.

391 510 504 553 Eum
524 524 631 552 uero
651 509 795 552 adhuc
815 509 953 566 aliqui
979 523 1060 566 pro
1086 511 1214 566 parte
1238 508 1485 559 imitantur,
1506 508 1590 551 etsi
1615 507 1803 550 feditate

332 579 453 621 illius
473 593 602 621 nemo
617 579 828 636 dignetur
842 578 1024 628 inuolui,
1039 593 1139 621 cum
1155 578 1346 635 gratiam
1367 592 1493 620 suam
1512 577 1804 620 histrionibus

334 652 380 692 et
399 648 547 691 mimis
567 648 698 691 multi
724 647 1008 704 prostituant,
1030 650 1075 690 et
1104 647 1151 689 in
1179 647 1429 690 exhibenda
1455 646 1628 689 malitia
1652 661 1803 689 eorum

333 733 434 761 ceca
457 717 649 774 quadam
677 720 723 760 et
746 716 1069 773 contemptibili
1093 716 1422 774 magnificentia
1446 731 1535 758 non
1558 718 1651 758 tam
1671 715 1803 757 mira·
1825 735 1844 768 5

333 787 444 830 biles
475 801 608 843 quam
637 785 910 828 miserabiles
939 784 1112 828 faciunt
1139 788 1356 842 sumptus.
1417 785 1502 827 Illa
1529 788 1680 827 tamen
1710 786 1806 827 etas

334 856 406 914 (ut
446 856 508 899 sic
547 855 728 898 interim
768 853 930 911 dicam)
969 854 1242 898 honestiores
1281 855 1439 897 habuit
1478 853 1728 904 histriones,
1767 852 1806 896 si

334 930 486 969 tamen
506 925 655 981 aliquo
675 924 804 967 modo
824 925 1059 966 honestum
1080 927 1158 974 est,
1179 924 1297 980 quod
1324 923 1444 966 omni
1469 923 1647 966 homine
1666 922 1806 965 libero

336 995 648 1052 comprobatur
668 994 914 1051 indignum.
975 993 1071 1036 Nec
1090 996 1241 1036 tamen
1261 993 1522 1036 histrionem
1543 1007 1691 1036 assero
1711 995 1810 1035 tur-

336 1065 454 1123 piter
485 1065 533 1106 in
564 1067 660 1107 arte
692 1078 772 1106 sua
801 1063 982 1113 uersari,
1013 1062 1095 1106 etsi
1128 1063 1435 1106 indubitanter
1462 1066 1594 1119 turpe
1623 1062 1684 1105 sit
1713 1076 1806 1104 esse
1828 1078 1870 1102 ιο

337 1134 611 1177 histrionem.
673 1132 731 1175 Et
752 1132 930 1189 quidem
951 1132 1188 1176 histriones
1207 1135 1346 1183 erant,
1367 1132 1443 1189 qui
1464 1135 1593 1190 gestu
1613 1131 1808 1188 corporis

339 1207 521 1260 arteque
551 1202 788 1245 uerborum
819 1205 865 1244 et
893 1201 1192 1245 modulatione
1227 1202 1348 1245 uocis
1378 1201 1521 1244 factas
1561 1203 1642 1243 aut
1682 1201 1810 1243 fictas

291 1277 320 1315 b
338 1272 547 1315 historias
566 1272 649 1314 sub
669 1274 849 1328 aspectu
865 1271 1040 1328 publico
1060 1270 1324 1326 referebant,
1341 1286 1450 1328 quos
1465 1270 1584 1327 apud
1601 1270 1809 1312 Plautum

338 1342 514 1385 inuenis
541 1344 586 1384 et
613 1340 918 1390 Menandrum,
939 1343 984 1383 et
1011 1340 1171 1396 quibus
1197 1355 1270 1383 ars
1295 1340 1436 1383 nostri
1461 1339 1656 1382 Terentii
1683 1339 1808 1382 inno·

339 1411 479 1454 tescit.
555 1411 690 1452 Porro
729 1410 905 1452 comicis
935 1412 981 1452 et
1010 1409 1190 1466 tragicis
1223 1409 1501 1459 abeuntibus,
1528 1423 1628 1452 cum
1660 1408 1810 1451 omnia
1830 1423 1871 1458 15

339 1480 500 1523 leuitas
544 1478 837 1536 occupauerit‚
870 1478 1052 1521 clientes
1102 1493 1265 1529 eorum,
1306 1478 1473 1521 comedi
1518 1478 1725 1520 uidelicet
1764 1481 1810 1521 et

340 1549 527 1606 tragedi,
563 1547 848 1592 exterminati
889 1550 1006 1591 sunt.
1069 1546 1157 1590 Sed
1189 1562 1262 1590 eos
1296 1547 1343 1589 in
1379 1547 1529 1590 seruili
1559 1547 1811 1590 conditione

341 1619 579 1662 dumtaxat
618 1617 876 1675 plerumque
916 1616 1118 1674 reperies.
1200 1616 1310 1670 Quis
1359 1630 1465 1660 uero
1514 1631 1665 1659 eorum
1705 1631 1812 1660 usus

343 1688 555 1739 extiterit,
585 1687 756 1744 poetica
785 1686 945 1730 docens
975 1686 1141 1743 aperit:

518 1779 612 1821 Aut
640 1778 846 1835 prodesse
875 1778 1047 1829 uolunt,
1077 1780 1156 1821 aut
1186 1777 1402 1821 delectare
1431 1780 1598 1835 poetae,
1833 1804 1876 1829 ,ο

517 1840 597 1880 aut
627 1837 758 1879 simul
790 1839 835 1879 et
866 1836 1055 1880 iocunda
1085 1840 1129 1879 et
1159 1836 1317 1879 idonea
1346 1836 1489 1879 dicere
1518 1836 1652 1880 uitae.

345 1929 409 1972 At
435 1931 588 1971 nostra
615 1931 710 1970 etas
737 1927 942 1984 prolapsa
972 1927 1028 1971 ad
1058 1927 1233 1970 fabulas
1261 1930 1307 1970 et
1330 1926 1515 1984 quaeuis
1542 1927 1694 1970 inania
1724 1942 1814 1970 non

345 1998 476 2041 modo
515 2012 645 2040 aures
687 2001 732 2040 et
775 2012 850 2040 cor
883 1997 1116 2054 prostituit
1155 1997 1361 2047 uanitati,
1397 1996 1474 2040 sed
1507 1996 1734 2040 oculorum
1770 2000 1816 2040 et

346 2068 521 2111 aurium
542 2067 773 2123 uoluptate
793 2081 918 2109 suam
935 2067 1098 2110 mulcet
1118 2066 1344 2121 desidiam,
1359 2066 1582 2109 luxuriam
1604 2066 1815 2118 accendit,

306 2152 331 2183 c
347 2137 609 2194 conquirens
633 2136 827 2192 undique
857 2136 1054 2179 fomenta
1083 2136 1308 2179 uitiorum.
1370 2135 1529 2179 Nonne
1549 2135 1675 2193 piger
1701 2135 1814 2179 desi·
1835 2157 1877 2191 ²5

347 2208 466 2251 diam
481 2205 664 2249 instruit
679 2208 724 2248 et
736 2220 942 2262 sompnos
958 2209 1169 2262 prouocat
1182 2205 1576 2248 instrumentorum
1593 2205 1817 2248 suauitate

348 2280 428 2320 aut
454 2290 612 2319 uocum
641 2275 842 2330 modulis,
867 2275 1092 2318 hilaritate
1122 2275 1375 2319 canentium
1407 2277 1486 2318 aut
1516 2274 1816 2318 fabulantium

352 2424 366 2451 1
394 2412 628 2460 you-ionibus
646 2411 669 2448 S
688 2414 729 2450 in
748 2414 892 2449 rubrica
909 2424 986 2458 cap.
1002 2414 1174 2458 pmqfixa
1293 2422 1313 2457 3
1340 2410 1595 2458 hystrionibus
1613 2411 1653 2447 M
1776 2422 1817 2459 13

349 2460 539 2508 hystoriae
557 2460 629 2496 AM
817 2462 858 2496 18
885 2459 1078 2506 repperies
1094 2459 1167 2495 AM
1352 2469 1396 2504 24
1423 2458 1606 2496 desidiam
1624 2459 1768 2497 mulcet
1785 2461 1817 2496 A

353 2511 399 2546 26
422 2520 571 2545 somnos
588 2507 613 2543 S
757 2516 801 2553 27
829 2506 1035 2554 hylaritate
1054 2506 1091 2542 M

403 2649 414 2676 ι
447 2640 501 2675 De
525 2639 797 2674 hintrionibun.z
833 2638 882 2673 cf.
912 2638 1040 2673 Polior.
1067 2636 1112 2672 iv.
1140 2647 1174 2682 4,
1204 2636 1279 2673 viii.
1309 2647 1341 2682 2,
1367 2647 1400 2683 4,
1432 2648 1495 2682 123
1535 2639 1605 2693 Ep.
1643 2639 1735 2682 26o;
1769 2637 1816 2675 cf.

350 2686 468 2724 etiam
492 2685 734 2726 mamardus,
761 2686 877 2721 Theot.
907 2686 1127 2726 (mv-imam.
1150 2683 1188 2720 ii.
1214 2686 1274 2720 fin.
1303 2686 1375 2730 (ed.
1404 2684 1551 2729 Cousin,
1576 2685 1615 2722 1i.
1643 2698 1705 2732 pp.
1736 2694 1819 2732 445,

350 2736 459 2780 ⁴46);
486 2746 518 2770 v.
536 2733 556 2769 J
562 2733 751 2776 numerand,
769 2735 938 2777 Literary
950 2733 1044 2767 Iliae.
1061 2734 1106 2777 os
1116 2733 1172 2767 the
1187 2733 1341 2779 Enqlt‘eh
1359 2734 1496 2779 People.
1516 2745 1552 2779 p.
1570 2744 1651 2778 440.

351 2784 424 2818 Illa
442 2787 561 2818 tamen
579 2787 653 2817 etan
670 2783 766 2817 etc.:
793 2781 842 2818 cs.
864 2779 1026 2817 Macrob.
1046 2782 1120 2816 Sat.
1140 2779 1195 2816 iii.
1220 2790 1272 2825 14.
1379 2791 1426 2817 20
1451 2782 1526 2817 Aut
1536 2782 1706 2828 prodesse
1723 2782 1819 2819 eta:

351 2830 442 2867 lior.
463 2832 508 2866 Δ.
528 2831 568 2867 1’.
586 2840 666 2876 333,
684 2839 763 2875 334.

460 2901 506 2944 46
