1994 3190
200 175 299 210 on.
315 163 416 224 m]
708 159 1146 207 PomcssATIovs
1684 168 1757 210 510
1778 159 1808 199 b
1878 140 1882 148 '

199 283 258 327 Et
277 298 377 328 cum
396 296 540 326 nanus
555 281 612 325 ob
631 281 825 338 corporis
847 280 1111 323 breuitatem
1130 280 1418 324 conuitiantis
1437 279 1666 324 cuiusdam

197 351 367 409 impetu
397 351 628 402 diceretur,
655 349 740 392 sibi
767 348 1066 392 calciamentis
1095 349 1420 406 grandiusculis
1448 349 1666 392 utendum

197 434 291 464 esse
329 420 570 477 respondit.
629 418 832 461 Tiberius
871 431 1055 474 quoque,
1086 431 1187 460 cum
1221 418 1270 459 in
1304 418 1459 461 multis
1490 419 1668 476 legatur

196 488 334 532 fuisse
363 488 607 546 culpabilis,
635 490 786 530 tamen
816 486 1030 529 aduersus
1059 486 1257 529 conuitia
1286 487 1396 529 satis
1426 488 1579 530 firmus
1614 502 1666 532 ac

157 577 177 612 5
196 557 370 615 patiens
399 557 564 607 extitit,
593 556 743 600 dicens
772 555 878 613 quia
907 555 954 597 in
984 555 1168 598 ciuitate
1198 554 1339 598 libera
1368 556 1543 612 linguas
1573 571 1666 600 esse
1683 566 1709 596 c

195 626 357 669 liberas
389 629 434 669 et
467 628 637 669 mentes
666 625 895 668 hominum
927 623 1170 681 oportebat.
1231 623 1301 675 Et,
1330 627 1383 666 ut
1412 625 1468 666 ad
1498 625 1667 681 peiores

196 697 431 747 transeam,
456 693 680 737 Domitius
706 693 942 736 uerborum
972 692 1081 735 satis
1108 691 1283 749 patiens
1308 691 1409 742 fuit,
1429 692 1475 734 in
1498 707 1584 749 quo
1604 694 1667 737 sic

194 762 351 806 lusisse
386 763 532 806 fertur
565 765 715 806 orator
749 762 960 805 Lucinius
994 775 1084 804 non
1123 775 1216 804 esse
1253 760 1506 803 mirandum
1549 761 1667 817 quod

195 846 375 876 aeneam
414 832 598 875 haberet
636 831 830 882 barbam,
866 830 937 874 cui
977 844 1025 873 os
1057 829 1263 881 ferreum,
1297 844 1371 872 cor
1410 829 1667 886 plumbeum

138 920 179 945 10
195 904 326 955 esset3
348 917 398 945 eo
415 902 532 958 quod
547 901 660 944 dura
674 901 912 943 dumtaxat
927 899 1202 957 loquebatur,
1216 913 1328 956 quae
1343 913 1400 941 ex
1415 899 1668 955 iniquitatis

195 970 336 1028 adipe,
353 986 485 1028 quam
506 970 635 1014 corde
654 972 924 1027 conceperat,
940 968 1246 1027 procedebant.
1306 968 1529 1025 Iniquitas
1549 969 1667 1010 enim

194 1040 345 1083 sedere
384 1040 648 1083 describitur
689 1054 822 1096 super
860 1039 1080 1082 talentum
1126 1037 1310 1095 plumbi.
1369 1037 1668 1094 Vespasianus

195 1123 380 1166 quoque,
401 1109 454 1152 de
485 1123 572 1166 quo
603 1109 651 1152 in
680 1108 795 1152 libro
830 1108 1034 1160 secundo,
1064 1107 1171 1150 dum
1201 1106 1558 1150 Ierosolimorum
1592 1106 1666 1149 de-

195 1179 381 1222 structio
401 1179 732 1229 describeretur,
753 1177 938 1222 fecimus
959 1177 1239 1227 mentionem,
1255 1177 1388 1219 etiam
1412 1176 1665 1219 infimorum

138 1267 178 1302 15
195 1248 391 1292 conuitia
419 1248 644 1306 patienter
668 1247 799 1300 tulit3
828 1247 937 1290 adeo
963 1250 1016 1290 ut
1043 1261 1146 1289 sene
1175 1245 1336 1288 buculo
1365 1245 1666 1303 proclamante

194 1317 242 1359 in
281 1317 596 1375 improperium
637 1317 754 1360 eius:
798 1316 987 1374 Vulpem
1027 1316 1167 1373 pilum
1207 1330 1333 1372 posse
1368 1317 1542 1357 mutare
1576 1329 1665 1357 non

193 1386 414 1439 animum;
444 1401 495 1430 eo
525 1386 643 1443 quod
672 1388 834 1428 natura
858 1385 1169 1442 cupidissimus
1199 1387 1314 1427 esset
1342 1383 1566 1440 pecuniae,
1586 1398 1665 1427 nec
1685 1387 1712 1426 d

193 1455 430 1499 auaritiam
461 1455 682 1498 minueret
709 1469 937 1512 processus
963 1454 1120 1506 etatis;
1156 1453 1432 1511 respondisse
1468 1453 1666 1496 dicatur:

194 1524 463 1568 Huiusmodi
493 1525 747 1568 hominibus
771 1524 981 1568 debemus
1008 1524 1159 1574 risum,
1186 1523 1314 1566 nobis
1340 1522 1666 1572 correctionem,

136 1612 179 1636 πο
195 1594 271 1637 sed
290 1609 449 1652 penam
470 1594 726 1638 criminosis.
786 1594 903 1637 Nam
930 1593 983 1636 de
1004 1593 1095 1636 filio
1120 1593 1214 1636 eius
1241 1592 1342 1635 Tito
1363 1591 1470 1649 quid
1490 1591 1632 1635 dicam
1650 1595 1666 1635 2

194 1663 271 1720 qui
291 1664 432 1721 patris
452 1663 690 1706 auaritiam
710 1666 838 1707 tanta
863 1663 1131 1706 liberalitate
1155 1661 1379 1719 purgauit,
1399 1664 1452 1704 ut
1472 1676 1596 1704 amor
1620 1664 1666 1704 et

193 1732 373 1776 deliciae
402 1733 586 1776 humani
614 1732 789 1791 generis
818 1732 875 1775 ab
905 1732 1110 1775 omnibus
1140 1731 1371 1781 diceretur,
1400 1731 1664 1774 constantis-

193 1802 300 1845 sime
331 1806 485 1846 tenens
515 1803 562 1844 in
592 1802 788 1845 moribus
827 1817 883 1845 ne
913 1817 1043 1859 quem
1074 1800 1327 1859 postulandi
1357 1800 1505 1858 gratia
1530 1800 1588 1842 ad
1617 1815 1664 1843 se

193 1872 471 1916 accedentem
501 1873 596 1915 sine
627 1887 674 1915 re
704 1872 776 1916 uel
816 1886 893 1930 spe
934 1885 1209 1928 quocumque
1243 1870 1374 1914 modo
1403 1870 1662 1913 dimitteret.

135 1958 180 1994 25*
194 1941 322 1984 Vnde
360 1941 739 1999 interrogantibus
786 1941 1038 1985 domesticis
1091 1955 1171 1984 cur
1208 1940 1340 1998 plura
1382 1939 1665 1997 polliceretur

192 2024 325 2068 quam
352 2013 575 2068 praestare
602 2013 761 2068 posset,
781 2011 1032 2068 respondit:
1065 2010 1169 2054 Non
1194 2011 1369 2067 oportet
1396 2023 1663 2066 quemquam

195 2146 237 2183 13
262 2135 586 2174 iherosolimorum
603 2135 692 2173 GBS

243 2246 260 2274 1
286 2239 427 2274 Etcum
438 2249 560 2274 nanus
572 2238 643 2275 etc.
658 2250 666 2273 ε
692 2237 738 2274 de
755 2237 919 2285 Augusti
930 2239 1174 2274 calciamentis
1186 2238 1390 2273 altinae-ulis
1400 2249 1431 2272 v.
1447 2235 1550 2273 Suet.
1566 2238 1661 2283 Any.

194 2292 239 2330 73
255 2297 264 2327 3
289 2285 350 2322 sed
371 2284 468 2320 nihil
485 2285 530 2321 de
547 2284 713 2322 convitio
725 2285 772 2322 ob
789 2286 955 2332 corporis
967 2286 1193 2323 brevitatem
1207 2285 1307 2321 facto
1318 2284 1434 2321 habet
1445 2284 1660 2322 Suetonius.

194 2341 224 2414 ᾗ
245 2333 408 2368 Tiberius
423 2334 518 2369 etc.:
545 2345 578 2370 v.
598 2331 700 2369 Suet.
722 2334 798 2369 Tib.
818 2335 872 2369 28.
1066 2342 1084 2380 5
1111 2335 1152 2368 in
1170 2334 1316 2368 ciuitate
1338 2334 1452 2368 libera
1469 2334 1563 2369 eta:
1588 2332 1661 2369 hoc

225 2378 503 2415 lorentinorum
527 2379 767 2426 proverbium
791 2382 947 2417 vocatur
970 2380 1012 2416 in
1037 2380 1211 2427 margine
1238 2380 1295 2416 ed.
1323 2379 1530 2422 parisinae,
1559 2389 1659 2426 1513.

195 2433 216 2469 7
242 2427 447 2463 Domitius:
480 2438 529 2463 sc.
556 2427 624 2463 Cn.
651 2426 852 2473 Domitius,
878 2427 1117 2475 imperatoris
1142 2427 1299 2464 Nemnis
1324 2429 1478 2469 atavus;
1503 2439 1534 2462 v.
1562 2426 1662 2464 Suet.

193 2473 289 2508 Nero
306 2482 339 2509 2.
436 2483 492 2519 10,
506 2484 544 2511 11
564 2476 768 2522 iniquitatis
783 2477 912 2522 adipe:
930 2488 961 2511 v.
981 2476 1037 2511 Ps.
1055 2475 1161 2511 lxxii.
1180 2484 1212 2520 7.
1312 2485 1350 2511 11
1371 2476 1556 2522 Iniquitas
1565 2477 1634 2511 etc.
1652 2487 1661 2511 ε

194 2531 228 2555 v.
246 2519 354 2556 Zach.
369 2531 400 2555 v.
418 2529 450 2564 7,
470 2522 490 2557 8
508 2532 581 2558 sec.
598 2533 689 2559 vers.
707 2522 852 2569 antiqu.
870 2522 918 2559 ab
936 2522 1091 2560 Hieron.
1110 2521 1152 2558 in
1177 2522 1247 2559 loc.
1275 2521 1434 2558 citatam
1462 2521 1659 2567 (Sabatier,

194 2567 287 2621 nihl.
321 2568 418 2602 Sacr.
458 2568 554 2604 Vere.
586 2570 735 2616 Antiqu.
767 2569 807 2606 ii.
843 2570 941 2616 990).
1089 2581 1131 2616 13
1165 2572 1208 2606 de
1239 2582 1309 2617 quo
1341 2571 1413 2607 etc.
1430 2582 1439 2605 :
1479 2582 1512 2607 v.
1548 2581 1662 2615 supra

193 2625 234 2650 n.
250 2624 274 2658 4
293 2613 378 2658 (420
390 2614 443 2659 Β),
464 2624 508 2651 ιο
525 2615 610 2662 (426
620 2625 658 2659 Β,
675 2618 727 2661 c).
826 2626 865 2663 15
891 2629 973 2653 sene
995 2619 1092 2654 eta:
1116 2630 1148 2653 v.
1165 2617 1266 2654 Suet.
1285 2619 1385 2663 Vesp.
1407 2618 1459 2653 16.
1509 2618 1659 2653 buculo:

194 2661 342 2696 bubulco
360 2659 461 2697 Suet.
488 2693 497 2715 .-
571 2672 614 2708 19
637 2665 858 2700 Huiusmodi
874 2666 967 2701 etc.:
993 2664 1066 2701 hoc
1082 2664 1304 2711 Vespasiani
1320 2675 1540 2710 responsum
1556 2664 1660 2699 haud

194 2709 326 2743 narrat
344 2707 567 2762 Suetomus;
591 2721 660 2746 neo
676 2711 856 2748 vocabulo
872 2714 1089 2748 criminosus
1105 2724 1215 2748 sensu
1240 2714 1293 2748 rei
1317 2713 1510 2748 auctorem
1535 2723 1662 2758 quem-

194 2766 308 2800 quam
325 2754 541 2792 Cassiodoro
559 2756 811 2803 antiquiorem
828 2758 944 2795 refert
962 2759 1198 2795 Forcellinus
1216 2759 1274 2796 ed.
1292 2759 1339 2795 de
1354 2758 1431 2795 Vit.
1613 2769 1656 2796 21

194 2814 297 2839 amor
312 2804 406 2840 etc.:
433 2801 534 2840 Suet.
556 2805 625 2841 Tit.
645 2814 676 2842 1.
816 2815 862 2852 23
886 2811 1010 2843 tenens
1026 2808 1098 2844 etc.
1114 2819 1122 2843 :
1146 2819 1179 2844 v.
1197 2806 1299 2843 Suet.
1322 2807 1391 2843 Tit.
1411 2808 1444 2844 8.

1484 2886 1548 2921 229
