1994 3190
254 162 339 211 428
356 160 388 201 d
733 158 994 203 IOANNIS
1035 157 1552 203 SARESBERIENSIS
1709 157 1822 220 [ΜΒ.
1837 170 1878 202 Π

405 276 619 322 animales
647 278 851 328 uirtutes,
877 278 1044 322 scilicet
1071 293 1236 329 sensus,
1264 278 1340 335 qui
1371 277 1582 321 dicuntur
1609 277 1804 335 corporis
1833 279 1880 321 et

404 351 511 391 sunt
540 348 725 398 animae,
755 347 999 404 quiescunt,
1030 348 1107 391 sed
1138 347 1364 391 naturales
1393 347 1699 390 intenduntur.
1760 346 1878 391 Con-

403 418 542 475 tingit
575 418 755 460 interim
789 421 842 461 ut
877 418 1052 460 animus
1088 417 1282 474 corporis
1322 417 1532 460 exercitio
1567 417 1791 460 releuatus
1830 416 1878 459 in

404 487 598 544 seipsum
627 487 810 530 liberius
840 487 1003 537 redeat,
1033 489 1079 529 et
1107 487 1344 529 ueritatem
1374 501 1491 530 nunc
1526 501 1605 544 per
1635 487 1803 544 figuras
1833 487 1880 528 et

405 557 632 614 enigmata
678 570 796 599 nunc
841 556 1099 598 immediata
1146 556 1259 598 facie
1299 556 1504 598 licentius
1544 555 1880 612 contempletur.
1898 568 1917 602 5

406 626 536 679 Quod
572 629 617 670 et
649 625 775 668 illum
811 640 900 668 non
935 625 1083 677 latuit,
1119 625 1195 681 qui
1231 625 1404 681 sompni
1445 625 1687 682 depingens
1726 627 1880 682 portas

405 696 591 738 alteram
618 695 870 745 eburneam,
899 695 1086 737 alteram
1117 709 1320 737 corneam
1351 694 1508 746 finxit;
1537 709 1637 737 cum
1668 696 1713 737 et
1742 707 1880 736 cornu

404 766 465 808 sit
484 765 688 822 peruium
709 764 838 814 uisui,
860 764 936 820 qui
958 779 1047 806 non
1069 763 1326 820 frequenter
1346 765 1476 813 errat,
1497 766 1543 806 et
1562 763 1672 806 ebur
1691 765 1880 806 naturae

404 835 620 877 densioris
654 836 700 876 et
732 849 870 890 usque
906 834 963 876 ad
999 836 1244 876 extremam
1280 832 1546 875 tenuitatem
1575 847 1725 875 rasum
1755 832 1880 875 nullo

385 904 527 947 'uisus
541 903 743 947 acumine
762 905 1032 960 penetretur.
1073 903 1170 946 Hoc
1186 902 1364 959 quidem
1380 902 1599 952 dentibus,
1614 901 1727 944 illud
1742 901 1880 946 oculis
1899 913 1942 937 10

404 974 652 1017 uerioribus
672 973 860 1016 similius
881 975 971 1025 est3
1001 972 1104 1015 hinc
1124 986 1232 1015 uera
1252 972 1434 1022 somnia,
1454 972 1558 1014 hinc
1578 971 1694 1015 falsa

709 1059 766 1102 ad
796 1059 938 1103 celum
968 1059 1159 1101 mittunt
1188 1058 1409 1101 insomnia
1437 1073 1602 1102 manes.

435 1185 542 1243 Cap.
570 1195 635 1240 15.
682 1186 747 1228 De
775 1184 996 1241 speciebus
1024 1184 1321 1235 somniorum,
1351 1187 1390 1227 et
1418 1184 1579 1235 causis,
1596 1183 1781 1241 fiywria
1811 1187 1850 1228 et

931 1252 1356 1311 siymflcationibus.

252 1351 341 1392 429
361 1352 392 1382 a
466 1335 584 1380 Sunt
621 1338 771 1378 autem
810 1334 978 1377 multae
1017 1334 1181 1391 species
1219 1333 1501 1384 somniorum,
1531 1336 1577 1376 et
1610 1334 1878 1392 multiplices
1898 1347 1937 1382 15

407 1420 576 1457 causae,
615 1408 661 1448 et
703 1404 854 1447 uariae
899 1404 1069 1461 figurae
1110 1405 1155 1446 et
1199 1403 1555 1461 significationes.
1624 1403 1719 1446 Aut
1759 1404 1877 1447 enim

406 1474 686 1524 insomnium,
720 1476 801 1516 aut
831 1474 1108 1531 phantasma,
1143 1476 1225 1515 aut
1259 1472 1490 1523 somnium,
1525 1475 1605 1516 aut
1640 1473 1878 1525 oraculum,

405 1547 486 1587 aut
517 1544 631 1586 uisio
663 1546 742 1587 est.

464 1614 600 1656 Porro
650 1612 870 1655 insomnia
909 1626 965 1654 ex
1005 1612 1219 1655 ebrietate
1259 1611 1331 1654 uel
1379 1611 1571 1669 crapula,
1609 1614 1691 1654 aut
1739 1612 1878 1656 uariis

406 1682 684 1740 passionibus
712 1681 907 1738 corporis
935 1682 1261 1738 affectuumque
1301 1681 1570 1724 tumultibus
1605 1684 1650 1724 et
1679 1681 1878 1739 reliquiis
1897 1692 1940 1717 ²0

406 1752 725 1809 cogitationum
747 1750 1103 1807 frequentissime
1124 1751 1342 1794 oriuntur.
1400 1750 1528 1793 Vnde
1553 1753 1598 1793 et
1624 1750 1738 1794 male
1759 1751 1879 1795 sanis

406 1820 654 1864 amantium
703 1820 926 1863 mentibus
967 1820 1187 1863 insomnia
1233 1834 1476 1877 numquam
1517 1820 1690 1864 desunt.
1750 1819 1880 1874 Quod

407 1890 651 1948 prudenter
671 1889 820 1932 innuit
841 1890 989 1933 Maro:
1802 1944 1804 1946 v

466 1971 599 2014 Anna
628 1983 761 2019 soror,
792 1983 903 2026 quae
933 1984 1003 2012 me
1033 1984 1290 2026 suspensam
1321 1969 1540 2013 insomnia
1569 1972 1770 2013 terrent?

467 2029 612 2071 Multa
640 2027 727 2070 uiri
758 2027 904 2070 uirtus
935 2027 1083 2070 animo
1113 2027 1368 2084 multusque
1399 2031 1596 2071 recursat
1897 2044 1937 2078 ²5

466 2086 613 2143 gentis
642 2086 793 2140 honos,
823 2085 980 2128 herent
1010 2085 1138 2128 infixi
1170 2086 1216 2127 in
1247 2090 1421 2142 pectore
1451 2086 1606 2129 uultus

466 2145 702 2201 uerbaque,
733 2158 812 2186 nec
842 2143 1061 2200 placidam
1092 2144 1301 2186 membris
1331 2144 1410 2187 dat
1439 2158 1544 2187 cura
1575 2144 1780 2200 quietem.

361 2239 390 2279 b
410 2226 532 2269 Haec
556 2238 728 2281 quoquc
753 2223 996 2266 dolentium
1027 2226 1107 2266 aut
1136 2224 1438 2281 gaudentium,
1458 2226 1538 2267 aut
1567 2239 1676 2281 quos
1706 2225 1880 2269 timoris

407 2331 430 2367 6
455 2328 577 2365 somni
596 2327 620 2364 S
768 2336 803 2363 11
834 2325 1010 2373 sompnia
1026 2325 1161 2362 CBAM
1310 2337 1351 2363 12
1377 2325 1594 2373 insompnia
1609 2327 1682 2363 AM
1835 2339 1850 2367 1

406 2375 667 2423 sompniomm
687 2374 820 2410 BAMS
863 2379 944 2421 pont
961 2373 1193 2428 somniorum
1210 2386 1277 2410 om.
1299 2376 1339 2411 et
1357 2374 1401 2408 A¹
1454 2380 1534 2421 post
1551 2375 1674 2412 causis
1691 2378 1774 2412 add.
1794 2378 1834 2413 et
1852 2339 1877 2413 g

407 2426 447 2460 in
466 2425 564 2459 rubr.
583 2436 660 2469 cap.
677 2424 795 2468 praes.
955 2430 992 2467 ις
1020 2433 1279 2467 sompmorum
1299 2421 1402 2457 EAM
1552 2431 1592 2467 17
1618 2422 1738 2459 insom
1770 2423 1878 2461 nium

407 2471 479 2507 AM
577 2471 769 2507 fantasma
788 2468 857 2504 MP
953 2468 1166 2515 sompnium
1186 2468 1258 2504 AM
1404 2479 1448 2505 22
1474 2468 1688 2517 insompnia
1703 2470 1735 2505 A
1781 2499 1789 2508 .

461 2573 471 2599 ι
514 2563 692 2598 animales
716 2563 888 2597 uir-eum:
929 2560 976 2597 cf.
1009 2560 1266 2607 Pseudo-Aug.
1295 2563 1339 2597 de
1366 2562 1508 2608 Spiritu
1533 2567 1566 2598 et
1594 2564 1742 2607 Anima,
1773 2575 1803 2601 c.
1833 2574 1877 2602 22

410 2610 568 2655 (Migne,
587 2611 627 2645 Ρ.
648 2610 689 2645 L.
710 2607 759 2644 xl.
777 2611 874 2654 795).
971 2611 1034 2655 qui
1057 2610 1232 2644 dicuntur
1247 2610 1340 2646 etc.:
1367 2620 1399 2644 v.
1428 2609 1521 2656 Aug.
1541 2612 1584 2646 de
1611 2611 1698 2647 Gen.
1717 2613 1767 2647 ad
1789 2612 1878 2648 Lm.

407 2658 463 2696 iii.
483 2667 499 2704 5
522 2656 679 2701 (Minue,
698 2657 737 2691 1’.
755 2657 796 2691 L.
817 2654 941 2691 xxxiv.
961 2656 1046 2701 282)
1073 2654 1175 2691 alibi.
1300 2657 1324 2692 6
1351 2657 1475 2692 illum:
1500 2669 1549 2694 sc.
1569 2657 1800 2705 Vergilium3
1828 2659 1876 2696 cf.

409 2704 571 2741 macrob.
599 2706 642 2740 de
666 2707 783 2740 somn.
811 2705 903 2749 Scip.
922 2702 946 2738 i.
968 2714 987 2749 3
1013 2703 1060 2739 ad
1087 2704 1149 2739 fin.
1178 2702 1299 2741 (cuius
1324 2706 1457 2740 auctor
1483 2704 1557 2741 fuit
1584 2705 1811 2753 Porphyrius
1836 2706 1877 2743 in

407 2753 517 2789 Hom.
544 2753 589 2788 11.
618 2751 675 2790 ii).
824 2759 861 2797 15
890 2752 982 2786 Sunt
1005 2755 1126 2786 autem
1150 2752 1245 2788 ctc.:
1274 2763 1305 2787 v.
1334 2751 1449 2788 Macr.
1476 2754 1519 2788 de
1542 2754 1662 2790 Somn.
1687 2755 1782 2801 Scip.
1800 2752 1824 2790 i.
1843 2763 1876 2800 3.

408 2811 454 2846 24
480 2802 592 2836 Anna
610 2801 703 2836 etc.:
732 2797 842 2843 Verg.
860 2799 951 2834 Aen.
970 2797 1014 2835 iv.
1033 2809 1065 2844 9,
1086 2806 1166 2845 3-5.
