1994 3190
141 201 240 237 οΔΡ.
255 186 338 250 xv]
648 185 1051 232 POLICRATICV
1053 185 1086 231 S

139 311 276 353 uexat
304 308 512 367 angustia
537 309 618 351 aut
643 307 958 350 immoderatae
984 306 1206 363 cupidinis
1234 306 1367 350 ardor
1395 306 1607 358 accendit,

138 392 228 422 non
260 379 546 436 praetereunt
579 376 839 434 passionem.

196 446 475 497 Phantasma,
487 461 587 490 cum
607 461 755 489 rerum
775 446 954 503 ignotae
974 445 1185 488 uidentur
1199 445 1374 502 species,
1389 445 1607 502 qualitate

137 515 210 559 uel
233 515 483 572 quantitate
502 517 583 558 aut
609 515 805 572 partium
825 514 956 557 modo
975 514 1048 557 uel
1069 528 1253 557 numero
1281 529 1309 556 a
1335 518 1498 557 natura
1517 514 1604 557 dis-

99 605 118 639 5
136 587 374 643 crepantes,
389 587 443 628 ut
462 584 500 627 si
521 583 638 628 forte

829 673 909 703 nec
938 673 1015 716 pes
1044 672 1124 702 nec
1154 659 1289 715 caput
1316 658 1396 701 uni

365 717 578 761 reddatur
606 716 833 761 formae—

821 778 988 818 tetrum

364 845 528 889 desinit
557 845 604 887 in
634 845 797 902 piscem
827 844 987 887 mulier
1017 843 1211 886 formosa
1240 857 1441 900 superne.

78 948 121 973 xo
137 929 232 974 Has
261 930 438 988 quidem
464 930 628 987 species
652 945 709 973 ex
738 929 998 972 infirmitate
1025 928 1188 971 mentis
1217 930 1263 970 et
1292 928 1486 985 corporis
1512 930 1602 971 tra-

135 999 250 1044 dunt
282 999 438 1057 phisici
471 1000 716 1057 prouenire,
737 1013 976 1056 earumque
1006 1013 1160 1042 causas
1191 997 1333 1054 magis
1362 998 1604 1042 attendunt

135 1083 268 1126 quam
307 1084 363 1112 ex
402 1069 465 1112 eis
503 1069 675 1125 aliquas
715 1068 1071 1125 significationes.
1150 1067 1205 1109 In
1241 1081 1328 1123 quo
1362 1082 1523 1124 genere
1558 1072 1604 1110 et

1624 189 1760 239 μευ

134 1139 382 1196 ephialtem,
412 1153 499 1196 quo
534 1138 634 1195 quis
667 1138 806 1181 uariis
835 1137 1052 1195 pressuris
1085 1136 1276 1193 quodam
1309 1137 1435 1193 quasi
1467 1137 1602 1180 inter·
1620 1150 1646 1179 c

133 1207 287 1266 uigilio
326 1208 402 1251 sed
441 1222 625 1265 sompno
666 1208 814 1265 potius
854 1207 1054 1264 inquieto
1097 1207 1285 1263 opinans
1324 1221 1371 1249 se
1415 1207 1603 1264 uigilare

78 1290 117 1326 15
133 1291 232 1321 cum
262 1277 463 1327 dormiat,
490 1279 677 1334 putatur
705 1277 763 1320 ab
791 1277 941 1333 aliquo
971 1276 1150 1318 interim
1180 1276 1478 1333 praegrauari,
1501 1291 1602 1319 con-

133 1346 453 1389 numerandum
471 1346 761 1392 arbitrantur.
821 1346 944 1399 Quae
965 1345 1143 1402 quidem
1163 1345 1312 1388 omnia
1332 1345 1603 1388 medicorum

133 1415 280 1473 potius
303 1415 506 1473 indigent
530 1430 637 1459 cura
660 1430 793 1472 quam
817 1415 1109 1458 uentilatione
1136 1418 1312 1467 nostra3
1341 1416 1602 1472 praesertim

134 1498 234 1528 cum
271 1484 408 1528 nichil
442 1485 490 1527 in
526 1485 589 1528 eis
623 1499 780 1528 uerum
812 1486 1036 1542 appareat,
1066 1484 1151 1526 nisi
1188 1484 1306 1540 quod
1346 1484 1602 1527 uerissimae

134 1556 240 1597 sunt
268 1556 313 1598 et
341 1554 673 1598 molestissimae
702 1555 939 1612 passiones.

77 1638 119 1662 20
192 1622 421 1667 Somnium
452 1638 560 1667 uero
590 1624 716 1667 cuius
746 1624 986 1681 appellatio
1025 1623 1270 1667 communis
1297 1625 1376 1673 est,
1410 1623 1514 1666 licet
1553 1624 1601 1666 in

134 1692 274 1750 specie
293 1693 471 1772 propria
485 1695 726 1744 censeatur,
739 1708 818 1750 per
833 1693 1049 1750 quaedam
1070 1693 1300 1736 inuolucra
1320 1707 1467 1735 rerum
1483 1694 1601 1750 gerit

133 1760 357 1820 imagines,
377 1762 424 1804 in
444 1762 605 1819 quibus
624 1763 919 1806 coniectorum
944 1762 1178 1819 praecipue
1198 1762 1431 1819 disciplina
1451 1777 1599 1806 uersa·

133 1833 220 1882 tur,
245 1834 291 1874 et
318 1845 435 1875 nunc
461 1846 591 1874 suum
617 1832 829 1888 cuiusque
856 1835 934 1882 est,
955 1847 1073 1875 nunc
1100 1832 1306 1882 alienum,
1327 1832 1456 1875 modo
1483 1847 1599 1875 com

134 1914 278 1950 mune,
306 1900 529 1944 interdum
559 1901 784 1958 publicum
818 1903 899 1943 aut
932 1901 1137 1958 generale
1170 1904 1248 1945 est.
1307 1901 1363 1943 In
1394 1902 1463 1944 his
1492 1916 1600 1945 uero

77 1982 118 2018 25
135 1969 337 2012 omnibus
352 1970 543 2026 qualitas
562 1985 848 2027 personarum
864 1986 1011 2013 rerum
1028 1973 1073 2014 et
1087 1974 1336 2028 temporum
1353 1971 1598 2028 diligentis·
1616 1966 1645 2006 d

135 2037 242 2082 sime
257 2038 528 2082 obseruatur.
571 2039 634 2082 Vt
653 2039 770 2082 enim
791 2040 856 2082 ait
877 2040 1052 2090 Nestor,
1067 2040 1122 2082 de
1142 2043 1265 2083 statu
1285 2041 1462 2097 publico
1483 2041 1599 2098 regis

134 2107 336 2150 credatur
372 2109 541 2152 somnio
578 2111 659 2152 aut
698 2109 791 2152 eius
823 2109 899 2165 qui
935 2110 1247 2166 magistratum
1278 2110 1406 2167 gerit,
1442 2110 1514 2152 uel
1550 2125 1598 2152 re

133 2176 309 2232 quidem
338 2178 410 2220 uel
440 2178 503 2221 rei
533 2179 680 2222 uicina
714 2178 1128 2235 praedestinatione.
1202 2180 1297 2222 Aut
1329 2180 1367 2222 si
1397 2180 1598 2236 publicae

132 2243 337 2289 fortunae
357 2247 532 2304 signum
547 2250 771 2291 ostensum
788 2250 854 2291 est
874 2248 1038 2298 multis,
1051 2251 1103 2290 ut
1124 2248 1170 2290 in
1191 2263 1241 2291 eo
1257 2249 1374 2305 quod
1395 2249 1600 2306 pluribus

75 2325 117 2360 30
134 2313 341 2358 Romanis
370 2316 541 2360 ciuibus
570 2317 809 2360 secundum
840 2318 1052 2374 quosdam
1081 2317 1239 2360 Sibilla
1268 2318 1511 2375 interprete
1541 2319 1596 2361 de

133 2384 344 2440 mysterio
363 2385 679 2429 incarnationis
699 2387 944 2429 reuelatum
965 2387 1186 2431 scribitur.
1227 2387 1285 2430 Et
1305 2388 1483 2444 quidem
1504 2403 1594 2430 non

132 2452 262 2495 modo
281 2453 606 2506 incarnationis,
627 2455 703 2498 sed
723 2456 949 2512 passionis,
970 2456 1236 2499 ascensionis
1256 2459 1357 2514 post
1377 2472 1597 2501 resurrec-

133 2519 309 2571 tionem,
348 2522 566 2566 aduentus
613 2539 785 2580 quoque
826 2525 1006 2567 secundi
1057 2525 1286 2582 interpres,
1326 2526 1509 2569 docente
1550 2531 1596 2568 et

133 2632 155 2668 3
180 2622 381 2660 Fantasma
397 2624 558 2662 CABMS
731 2627 755 2663 6
781 2627 904 2672 capud
921 2627 955 2662 A
1132 2638 1176 2672 14
1199 2639 1331 2664 somno
1350 2627 1374 2663 S
1550 2638 1596 2664 20

133 2669 356 2716 sompnium
371 2671 444 2707 AM
585 2683 629 2709 22
653 2673 852 2720 ymagines
868 2674 908 2709 M
1050 2685 1094 2720 23
1120 2675 1246 2721 modo]
1266 2686 1371 2711 nunc
1389 2675 1430 2711 M

181 2774 205 2808 6
228 2785 360 2819 neo-pes
371 2776 467 2811 etc.:
495 2776 583 2812 Hor.
602 2778 647 2812 A.
661 2778 701 2811 P.
714 2778 744 2818 8,
759 2787 801 2822 9;
820 2788 852 2822 3,
865 2788 897 2821 4.
1031 2788 1072 2823 13
1099 2779 1306 2824 ephialtem:
1328 2791 1360 2814 v.
1376 2778 1599 2814 Macrob.de

133 2821 253 2856 Somn.
263 2820 377 2866 Scipss
366 2833 392 2856 1.
403 2832 423 2867 3
439 2820 457 2868 ξ
471 2831 503 2867 7.
600 2825 645 2860 26
669 2825 797 2860 Nestor
807 2826 901 2861 etc.:
925 2837 956 2860 v.
975 2825 1141 2862 Macrob.
1155 2827 1198 2863 de
1210 2827 1330 2862 Somn.
1343 2827 1439 2871 Scip.
1452 2825 1476 2861 i.
1493 2836 1514 2871 3
1528 2825 1545 2872 ξ
1561 2835 1592 2872 5.

190 2899 270 2918 wana
787 2926 790 2929 Δ
840 2893 868 2920 Ν
1440 2891 1481 2931 89
