1994 3190
188 221 290 256 car.
305 208 375 269 lv]
714 205 1152 252 POLICRATICVS
1673 217 1750 258 391
1769 217 1793 247 c

190 329 406 386 triumphi
431 327 575 385 gloria
598 329 834 384 reputatur
859 326 1080 384 indignus.
1153 327 1386 371 Praeterea
1411 328 1469 371 ab
1497 330 1656 372 octauo

188 399 332 457 gradu
345 397 603 455 Capricorni
619 410 758 452 usque
779 395 836 438 ad
852 395 1061 439 Geminos
1075 396 1307 439 tibicinum
1324 400 1370 440 et
1384 398 1655 442 cornicinum

190 467 408 512 exultatio
436 465 731 523 conquiescit3
762 465 849 507 nisi
879 465 1010 522 lupus
1041 467 1121 508 aut
1145 465 1285 508 hostis
1314 466 1562 519 immanior,
1587 467 1657 510 leo
1676 467 1705 507 d

189 536 306 580 forte
330 536 402 579 uel
426 535 557 593 tigris
585 538 666 578 aut
692 534 857 591 pardus
889 534 936 577 in
962 534 1174 591 praedam
1203 536 1389 587 uenerit,
1418 551 1530 592 quae
1560 536 1656 592 qui-

151 619 171 654 5
188 605 289 650 dem
305 608 567 656 nostratum,
583 604 678 647 Deo
693 604 976 661 propitiante,
990 618 1092 646 rara
1106 603 1249 660 gloria
1263 607 1331 646 est
1347 618 1356 655 ;
1386 619 1486 647 cum
1507 608 1658 647 tamen

189 675 329 720 totius
357 675 463 718 anni
493 674 728 732 prolixitas
758 673 896 717 uariis
925 673 1188 716 uenantium
1218 673 1380 716 studiis
1409 678 1659 730 occupetur.

187 744 354 789 Albani
375 745 552 802 quidem
573 744 620 786 in
641 743 750 787 Asia
769 757 899 787 canes
918 742 1086 786 habent
1105 742 1306 786 leonibus
1326 742 1555 785 fortiores:
1586 757 1659 785 eos

188 814 360 859 uirtute
379 828 551 867 canum,
563 816 609 858 et
628 827 709 856 suo
723 813 870 871 gentis
885 812 1084 864 artificio,
1097 812 1223 869 quasi
1239 812 1436 855 imbelles
1452 812 1660 855 bestiolas

190 883 472 943 populantur.
543 882 741 927 Canibus
770 882 948 939 quidem
978 882 1067 925 illis
1096 881 1222 925 nulla
1256 881 1452 925 ferarum
1488 881 1659 933 fortior,

132 967 175 993 10
191 953 316 998 nulla
335 953 573 996 animosior
593 955 674 997 est.
731 951 828 995 Hos
844 951 1058 996 Hercules
1073 951 1319 1010 tergemino
1335 951 1525 994 Gerione
1540 950 1660 995 uicto

191 1023 250 1067 ab
269 1022 404 1066 Italia
429 1022 605 1066 traiecit
624 1022 672 1064 in
692 1021 859 1075 Asiam,
880 1022 943 1064 eis
970 1021 1186 1065 uirtutem
1210 1035 1300 1078 qua
1322 1020 1470 1064 leones
1493 1024 1659 1064 sterne—

190 1096 293 1136 rent
312 1092 438 1150 quasi
458 1091 772 1136 hereditariam
788 1091 1109 1148 derelinquens.
1167 1090 1239 1134 Ad
1258 1090 1367 1134 haec
1386 1090 1659 1135 carnificium

193 1176 344 1206 eorum
364 1164 506 1205 artem
527 1162 680 1220 exigit,
701 1164 746 1204 et
765 1164 908 1205 artem
929 1160 1050 1212 facit,
1070 1174 1201 1204 suum
1222 1160 1358 1204 habet
1377 1161 1591 1218 opificem,

653 1242 990 1286 chironomanta
1018 1242 1190 1286 uolanti
1681 1255 1762 1296 392
1783 1255 1812 1284 a

133 1311 175 1347 15
480 1300 670 1352 cultello,

191 1391 310 1420 nunc
329 1376 522 1434 pugione
541 1376 708 1428 stricto,
729 1390 847 1419 nunc
867 1376 1077 1420 hebetata
1100 1376 1334 1420 machaera
1359 1376 1603 1429 miraberis,
1624 1377 1662 1420 si

191 1449 238 1490 te
267 1460 371 1490 casu
401 1445 611 1488 solenniis
640 1460 792 1488 eorum
815 1446 1053 1502 contigerit
1082 1446 1306 1490 interesse.
1365 1445 1485 1490 Caue
1513 1449 1663 1489 tamen

192 1529 249 1559 ne
287 1515 336 1558 in
375 1518 517 1558 artem
557 1515 765 1572 loquendi
803 1515 942 1558 uerbo
976 1515 1134 1572 quouis
1174 1514 1393 1567 offendas3
1437 1515 1544 1571 quia
1583 1519 1663 1558 aut

193 1584 439 1642 uapulabis‚
459 1587 540 1627 aut
558 1583 950 1641 condempnaberis
977 1584 1178 1627 inscitiae
1206 1584 1422 1627 bonorum
1449 1584 1661 1635 omnium,

135 1671 177 1696 ao
193 1653 232 1697 si
271 1668 432 1697 eorum.
462 1653 676 1710 figmenta
709 1668 799 1696 non
833 1654 1022 1698 noueris.
1096 1653 1219 1697 Haec
1250 1656 1356 1696 sunt
1390 1653 1665 1710 temporibus

192 1723 358 1767 nostris
374 1722 574 1766 liberalia
589 1723 804 1766 nobilium
821 1723 982 1767 studia.
1029 1723 1150 1767 Haec
1163 1726 1270 1766 sunt
1284 1723 1429 1780 prima
1445 1723 1663 1766 elementa

193 1792 390 1845 uirtutis,
421 1793 530 1836 haec
569 1792 645 1835 uia
684 1792 834 1836 felices
873 1793 930 1836 ad
964 1793 1256 1837 beatitudinis
1286 1793 1513 1836 cumulum
1546 1807 1662 1836 com-

193 1862 404 1920 pendioso
442 1861 645 1919 perducit
683 1862 876 1915 tramite,
912 1877 999 1920 quo
1037 1863 1227 1906 maiores
1266 1863 1407 1906 nostri
1447 1878 1536 1906 non
1576 1864 1662 1906 nisi

195 1930 438 1975 laboriosae
452 1931 637 1975 uirtutis
651 1932 864 1989 gradibus
877 1932 1119 1976 docuerant
1134 1933 1471 1976 ascendendum.
1512 1933 1661 1975 Aemi-

137 2014 180 2050 ²⁵
194 2000 336 2045 lianos
370 2004 416 2044 et
450 2000 635 2058 Ligures
665 2001 782 2044 Galli
817 2002 1031 2053 derident,
1061 2002 1257 2046 dicentes
1288 2017 1361 2045 eos
1397 2005 1665 2046 testamenta

195 2071 417 2123 conficere,
447 2070 657 2115 uiciniam
691 2086 943 2125 conuocare,
971 2087 1196 2115 armorum
1231 2072 1467 2129 implorare
1499 2072 1662 2129 praesi-

195 2139 281 2191 dia,
312 2140 350 2183 si
390 2141 554 2184 finibus
593 2155 745 2184 eorum
784 2141 962 2184 testudo
1001 2141 1245 2194 immineat,
1285 2156 1419 2198 quam
1459 2145 1663 2198 oporteat

196 2208 462 2267 impugnari.
523 2210 652 2264 Quod
683 2225 739 2254 ex
770 2225 821 2254 eo
848 2211 1139 2268 componitur,
1170 2211 1289 2268 quod
1319 2226 1392 2254 eos
1419 2225 1662 2267 numquam
1682 2218 1710 2257 b

196 2277 508 2336 cuiuscumque
538 2279 792 2323 certaminis
827 2294 953 2323 casus
980 2281 1155 2323 inuenit
1179 2281 1435 2337 imparatos.
1507 2280 1662 2323 Nostri

139 2364 182 2398 ³0
198 2361 371 2404 quoque
417 2349 635 2405 quomodo
680 2346 862 2392 ludibrii
905 2353 1035 2394 notas
1081 2350 1315 2407 effugiunt,
1360 2364 1461 2393 cum
1505 2350 1663 2392 maiori

197 2416 394 2460 tumultu
414 2420 460 2460 et
479 2418 667 2475 aegriori
683 2418 978 2462 sollicitudine
994 2422 1040 2463 et
1055 2419 1258 2477 ampliori
1275 2422 1468 2476 sumptu,
1485 2419 1663 2462 solenne

197 2517 222 2553 4
244 2507 366 2555 tygris
381 2508 438 2545 CS
614 2511 636 2547 8
660 2521 748 2548 suae
766 2510 807 2546 M
977 2519 1019 2556 17
1044 2510 1265 2557 solempniis
1283 2510 1343 2547 CB
1361 2523 1368 2546 :
1395 2510 1591 2547 sollenniis
1608 2511 1661 2546 A:

198 2587 404 2643 sollemniis
421 2588 446 2626 S
555 2600 600 2637 19
624 2590 934 2628 condemnaberis
951 2590 977 2628 S
1099 2558 1419 2638 28⁰i⁰1is3¹23ugnari
1435 2592 1491 2628 A:
1519 2603 1664 2638 oppug-

200 2645 284 2671 nan
300 2635 367 2672 MS
509 2647 557 2682 30
579 2637 745 2686 quoque]
761 2650 850 2675 uero
868 2638 935 2675 SM
1079 2649 1120 2685 31
1147 2639 1328 2676 sollemne
1348 2639 1372 2675 S

249 2725 270 2761 7
296 2718 432 2754 Albani
463 2720 557 2756 etc.:
586 2719 887 2766 Solin.Pozyh2·st.
909 2729 950 2767 15
978 2722 1022 2764 ἐξ
1049 2722 1141 2764 6-8;
1168 2722 1217 2758 cf.
1242 2721 1339 2757 Plin.
1367 2723 1417 2757 H.
1442 2723 1488 2758 N.
1513 2720 1591 2756 viii.
1620 2722 1664 2756 61

204 2764 299 2817 §.q-6,
319 2772 353 2808 7.
472 2775 517 2802 10
539 2767 616 2803 Hos
634 2768 728 2804 etc-2
747 2779 778 2803 v.
797 2767 933 2804 Iustin.
950 2768 1032 2805 xlii.
1051 2778 1082 2813 3.
1202 2771 1417 2814 ter-yemino:
1444 2768 1555 2814 Verg.
1573 2771 1663 2803 Aen.

201 2822 280 2846 vm.
301 2820 381 2846 202.
551 2823 595 2858 14
620 2815 892 2852 chironomanta
911 2817 1006 2852 eta:
1037 2814 1114 2852 IuV.
1131 2816 1206 2853 Sat.
1224 2827 1256 2852 v.
1278 2826 1356 2860 121,
1378 2826 1454 2860 122,
1474 2815 1540 2852 ubi
1557 2816 1669 2852 chiro-

203 2862 379 2895 nomunta
394 2857 533 2895 rectius
548 2859 664 2906 legas.

1518 2925 1559 2958 23
