1994 3236
687 188 1140 233 PROLEGOMENA

181 307 424 350 contentus.
482 304 554 348 Ad
588 305 749 348 calcem
781 304 1046 350 Policratici
1076 306 1124 348 in
1158 304 1233 349 fol.
1266 318 1376 364 375:
1414 304 1641 354 Iohannis

179 373 511 419 saresberiensis
529 374 825 430 polim-atinus
849 374 902 417 de
928 374 1070 431 77719738
1095 374 1355 420 curialium
1374 380 1414 419 et
1434 378 1641 435 uestigiis

174 442 544 500 philosophorum
572 443 628 487 in
658 447 749 486 octo
769 443 979 499 partitus
1007 443 1144 487 libros
1167 446 1418 500 partiales:
1447 446 1639 502 finitur.

184 511 416 557 Ouranit
396 512 614 568 imprimi
626 512 833 556 honestus
847 512 932 556 nir
948 513 1277 557 Constantinus
1289 513 1472 559 Fradin
1488 515 1640 560 biblio-

174 583 293 640 pola.
353 582 493 626 Anno
516 582 698 625 domini
716 582 876 625 Mccccc
897 585 937 625 et
963 582 1066 625 xiii.
1126 583 1343 627 E’oetrema
1372 598 1544 628 manus
1562 600 1640 640 ap·

174 651 326 730 pocita
344 651 450 708 fuit
477 651 624 695 eodem
653 665 781 694 anno
807 651 904 694 mvii
937 651 1174 695 Kalendas
1204 651 1339 696 Maii.
1415 653 1642 698 Lectiones

180 721 326 764 uarias
365 721 412 763 in
455 720 654 777 margine
699 720 832 763 huius
871 720 974 763 libri
1023 721 1269 778 adscriptas
1307 735 1414 778 pace
1455 722 1641 766 8811881·-

178 789 403 835 schmidtii
429 789 476 846 (I
475 789 538 834 oh
559 790 660 833 Sar.
682 803 723 846 p.
747 791 799 833 28
802 792 845 845 5)
868 803 969 832 raro
989 790 1240 847 probandas
1260 805 1354 834 esse
1374 791 1576 835 dixerim.

237 859 307 917 (d)
335 859 466 902 Anno
488 867 595 913 1595
610 857 748 916 Lugd.
765 858 923 901 Batau.
940 859 1107 916 prodiit
1122 859 1260 902 editio
1275 872 1418 903 noua:
1444 860 1642 905 Ioannis

179 927 522 974 Saresberiensis
550 927 851 971 Policraticws
885 928 995 972 Siue
1026 928 1091 971 De
1122 928 1265 986 nuqz'e
1295 930 1568 974 Curiatium
1603 936 1643 975 et

179 997 387 1055 nestiyiis
400 996 774 1052 Philosophorum
789 996 919 1041 Libri
935 997 1047 1041 Octo.
1107 997 1334 1055 Luyduni
1350 998 1644 1043 Batauorum

179 1068 251 1112 Em
270 1066 447 1125 officina
466 1066 785 1110 Flaminiana
800 1067 945 1123 Apud
965 1067 1258 1111 Franciscum
1277 1068 1644 1125 Raphelenyium

181 1149 350 1181 unxov.
411 1136 540 1180 Hanc
564 1150 621 1179 ex
647 1136 879 1180 collatione
907 1136 972 1179 ed.
1003 1137 1311 1194 Lugdunensis
1337 1152 1376 1182 a,
1401 1152 1415 1180 1
1426 1150 1511 1196 513
1542 1154 1643 1182 cum

180 1206 336 1251 ceteris
366 1205 538 1248 duobus
571 1205 898 1262 antiquioribus
937 1209 1081 1249 ortam
1123 1221 1215 1250 esse
1246 1207 1429 1250 innuere
1465 1208 1645 1251 uidetur

181 1275 365 1334 epistola
406 1275 466 1320 Η.
500 1275 548 1318 L.
585 1275 634 1319 B.
677 1275 734 1318 ad
774 1274 1027 1319 Conradum
1068 1275 1366 1319 Withmarum
1408 1277 1643 1321 Ostfrisiae

181 1345 428 1388 Praesidem
448 1344 728 1388 dedicatoria.
771 1344 876 1387 Post
894 1344 1124 1401 epistolam
1144 1350 1392 1402 sequuntur
1411 1347 1447 1391 Ι.
1468 1348 1641 1391 Trithe-

181 1414 260 1458 mii
275 1414 370 1471 (qui
390 1414 461 1458 hic
476 1413 823 1457 Trittenhemius
842 1414 1045 1471 uocatur)
1060 1414 1115 1457 de
1135 1414 1302 1459 Ioanne
1322 1416 1644 1460 saresberiensi

180 1483 505 1536 testimonium;
525 1484 676 1527 Autor
695 1483 758 1525 ad
777 1496 889 1539 opus
907 1497 1048 1526 suum
1063 1483 1148 1540 (i.e.
1164 1483 1428 1528 Entheticus
1442 1487 1505 1529 ad
1520 1486 1644 1530 Poli-

181 1552 445 1609 craticnm);
485 1552 788 1596 testimonium
828 1551 944 1594 Iusti
984 1551 1123 1608 Lipsii
1162 1553 1220 1596 ad
1258 1554 1357 1597 Tac.
1390 1555 1516 1598 Ann.
1557 1556 1645 1608 xii;

182 1622 481 1667 Policraticus
495 1622 588 1680 ipse
602 1636 612 1675 ;
641 1622 698 1665 ad
711 1624 959 1665 extremum
975 1621 1141 1665 indices
1156 1622 1255 1674 duo,
1272 1622 1387 1667 alter
1400 1627 1643 1678 auctorum,

180 1691 294 1736 alter
313 1706 460 1735 rerum
479 1694 526 1735 et
543 1691 792 1736 uerborum.

239 1761 296 1821 (e)
324 1761 455 1805 Anno
491 1762 600 1818 1639
632 1761 778 1804 editus
812 1763 880 1804 est
910 1760 1110 1804 Ioannis
1144 1761 1488 1807 Saresberieneis
1518 1763 1645 1808 Poli-

182 1832 388 1884 oratiam,
411 1831 510 1876 eine
530 1831 594 1874 De
613 1831 755 1887 nugis
775 1829 1057 1882 Cnoialium,
1074 1835 1114 1875 et
1134 1832 1341 1889 uestiyiis
1360 1832 1644 1891 Philosopho-

182 1914 304 1953 vwm,
332 1899 464 1944 Mbri
498 1899 614 1944 Octo.
673 1900 857 1944 Accedit
896 1900 1001 1944 huic
1036 1901 1234 1945 editioni
1268 1902 1471 1946 eiusdem
1504 1904 1645 1948 Meta-

183 1970 354 2027 loyicws
377 1971 494 2014 Cum
522 1969 683 2014 Indice
712 1969 1027 2026 comosiscima
1087 1970 1313 2027 Dayduni
1342 1972 1646 2024 Batauorum,

185 2040 258 2084 Ea>
287 2039 477 2096 Officina
507 2039 703 2083 Ioannis
736 2039 885 2082 Maire
920 2051 1176 2085 unoxxnx,
1238 2040 1367 2085 Hanc
1407 2042 1646 2086 editionem

187 2108 400 2152 Salmasio
413 2109 635 2152 dedicauit
649 2108 838 2152 Ioannes
853 2108 1004 2153 Maire.
1045 2109 1101 2152 In
1117 2109 1389 2154 Petico-atico
1407 2111 1646 2156 editionem

186 2178 583 2236 Raphelengiorum
618 2178 769 2235 (quam
804 2178 836 2221 d
874 2178 1150 2236 uocauimus)
1184 2183 1362 2223 secutus
1390 2184 1476 2234 est3
1506 2182 1645 2226 Meta-

184 2247 355 2304 loyicus
387 2251 535 2291 autem
569 2262 592 2291 e
630 2247 773 2291 codice
805 2247 1123 2304 mnuscripto
1162 2249 1435 2293 Academiae
1474 2252 1645 2295 Canta-

185 2315 436 2374 briyiensis.
485 2317 645 2360 Editio
660 2318 806 2374 altera
816 2317 971 2373 prior-e
994 2318 1078 2374 (i.e.
1096 2318 1350 2375 Metaloyici
1372 2321 1438 2363 ed.
1460 2334 1526 2378 pr.
1549 2321 1645 2365 Par.

192 2389 302 2430 1610
322 2386 548 2444 impressa)
570 2387 831 2430 accuratior
850 2390 889 2430 et
909 2388 1192 2431 emendatior
1211 2393 1290 2431 est.

245 2455 323 2513 (f)
351 2457 521 2499 lterum
555 2470 717 2499 excusa
753 2459 821 2499 est
856 2456 929 2499 uel
967 2457 1124 2500 saltem
1158 2458 1326 2514 prodiit
1364 2458 1471 2502 haec
1510 2460 1648 2503 editio

188 2524 426 2568 Amstelod.
448 2526 570 2577 1664,
620 2525 742 2569 Haec
757 2525 984 2583 impressio
1004 2541 1093 2570 non
1113 2527 1199 2570 nisi
1215 2542 1239 2571 e
1255 2527 1648 2573 Schaarschmidtii

188 2593 281 2637 loco
299 2593 419 2637 infra
437 2594 572 2638 citato
591 2594 701 2637 mihi
720 2597 828 2638 nota
847 2598 925 2638 est.

246 2661 307 2719 (9)
337 2663 390 2706 A.
415 2664 524 2707 1622
554 2665 603 2705 in
633 2662 901 2707 Bibliotheca
929 2663 1131 2708 Patrum
1152 2664 1300 2709 Colon.
1322 2669 1352 2709 t.
1374 2681 1447 2717 XV,
1467 2681 1540 2724 pp.
1562 2681 1645 2724 339

190 2744 306 2788 seqq.
338 2731 597 2789 prodierunt
636 2747 693 2776 ex
731 2732 924 2776 editione
955 2748 995 2776 a.
1028 2744 1138 2790 1595
1170 2735 1469 2778 Policraticus
1507 2739 1552 2779 et
1591 2751 1647 2779 ex

191 2799 382 2844 editione
401 2799 437 2845 Ι.
457 2801 662 2854 Massoni,
684 2801 780 2845 Par.
807 2804 912 2844 1611
939 2802 1178 2858 Epietolae.

1452 2874 1531 2915 xix
