1994 3190
153 168 254 202 oar.
269 153 423 215 xxvn]
667 153 1110 199 POLICRATICVS
1639 158 1719 207 461
1737 158 1767 197 b

151 286 286 335 quam
324 274 513 319 humiles
552 277 598 318 et
635 274 783 325 sobrii,
822 274 899 331 qui
938 275 1105 332 primos
1145 276 1370 320 recubitus
1414 276 1462 319 in
1504 276 1624 320 cenis

151 347 370 404 appetunt
399 346 446 388 et
474 343 714 401 epulantur
742 343 903 387 cotidie
933 343 1171 400 splendide.
1232 345 1459 388 Postremo
1486 345 1624 403 pluri-

150 429 246 459 mos
266 428 416 458 eorum
437 412 602 463 audiui,
622 413 729 456 noui
749 412 925 463 multos,
945 413 1022 456 sed
1043 413 1265 456 neminem
1296 414 1344 456 in
1371 415 1453 458 hoc
1478 430 1624 458 errore

151 483 321 528 diutius
341 482 478 526 fuisse
498 482 651 532 recolo,
671 482 719 524 in
740 496 828 539 quo
846 497 1005 525 manus
1034 481 1214 525 Domini
1242 484 1506 541 condignam
1533 499 1623 527 non

113 569 132 604 5
152 552 398 597 exercuerit
418 552 646 595 ultionem.

150 706 257 764 Cap.
280 716 347 762 27.
389 706 454 750 De
481 705 782 764 aruspicibus,
802 710 841 750 et
870 706 1282 757 chironomanticie,
1303 711 1341 751 et
1366 707 1625 764 phitonicis,

641 778 679 819 et
699 775 858 820 Saulis
878 775 1128 820 deiectione.

210 877 329 932 Quid
374 877 430 921 de
474 877 810 936 nigromanticis
852 878 1007 930 dicam,
1048 892 1234 935 quorum
1279 878 1486 936 impietas
1531 878 1625 922 Deo

152 950 331 991 auctore
359 962 440 1005 per
472 962 518 991 se
551 947 694 1006 ipsam
729 948 893 1006 ubique
922 948 1011 991 iam
1042 947 1187 999 uiluit,
1218 948 1304 992 nisi
1335 948 1453 1005 quod
1484 951 1625 991 morte
1645 960 1668 989 c

94 1032 138 1057 ιο
153 1016 279 1074 digni
325 1019 432 1060 sunt
476 1018 552 1074 qui
601 1032 629 1060 a
677 1021 820 1062 morte
861 1021 1080 1062 conantur
1118 1017 1347 1061 scientiam
1387 1018 1627 1061 mutuare?

154 1085 272 1129 Nam
301 1084 355 1128 de
385 1085 637 1143 auspicibus
666 1086 912 1144 auguribus
942 1086 1279 1130 salissatoribus·
1300 1086 1451 1129 ariolis
1480 1086 1626 1142 phito-

152 1155 263 1200 nicis
290 1155 565 1213 aruspicibus
593 1159 639 1200 et
666 1156 777 1207 aliis,
798 1170 986 1214 quorum
1014 1170 1120 1213 prae
1141 1155 1430 1199 multitudine
1457 1155 1629 1199 tediosa

153 1228 222 1269 est
250 1225 535 1276 enumeratio,
555 1225 882 1283 productiorem
911 1240 1158 1269 sermonem
1185 1228 1348 1275 texere,
1369 1239 1470 1269 cum
1497 1240 1628 1268 nemo

153 1295 337 1339 istorum
359 1294 449 1338 iam
469 1295 781 1354 progrediatur
806 1296 854 1338 in
881 1295 1035 1346 lucem,
1056 1295 1132 1339 sed
1157 1295 1204 1338 in
1232 1294 1444 1345 latibulis,
1464 1295 1502 1338 si
1529 1295 1628 1352 quis

97 1376 136 1412 15
155 1367 232 1416 est,
253 1367 456 1408 exerceat
475 1379 609 1422 opera
627 1364 924 1415 tenebrarum,
944 1378 1321 1422 superuacaneum
1343 1367 1421 1407 est.
1482 1363 1627 1416 Quae-

154 1432 258 1476 dam
287 1435 437 1477 tamen
468 1447 618 1477 eorum
653 1433 786 1477 certis
822 1433 877 1477 de
911 1433 1054 1477 causis
1089 1433 1370 1490 aliquatenus
1404 1433 1630 1490 tangenda

92 1556 94 1560 Α
154 1505 271 1546 sunt.
331 1502 400 1554 Et,
430 1503 469 1547 si
498 1502 681 1554 lateant,
705 1505 946 1561 supersunt
971 1503 1116 1546 adhuc
1143 1503 1261 1546 malo
1288 1517 1368 1546 suo
1395 1503 1629 1560 aruspices.

155 1571 253 1616 Hos
271 1587 352 1630 pro
371 1575 499 1630 parte
515 1573 563 1616 in
584 1573 700 1617 extis
725 1573 984 1616 animalium
1016 1573 1219 1616 diuinare
1247 1572 1522 1630 praedictum
1550 1575 1631 1616 est.-

157 1639 375 1685 Extorum
420 1641 598 1699 quidem
642 1645 879 1686 censentur
926 1642 1104 1684 nomine
1154 1641 1304 1685 omnia
1353 1655 1466 1698 quae
1514 1642 1630 1685 cutis

98 1722 142 1747 ²0
158 1711 440 1755 extremitate
478 1714 703 1770 teguntur.
774 1711 902 1754 Vnde
943 1714 988 1754 et
1027 1711 1137 1762 illos,
1179 1711 1254 1768 qui
1294 1711 1342 1753 in
1382 1711 1627 1754 humerulis

156 1779 346 1824 arietum
394 1780 466 1824 uel
515 1795 891 1838 quorumcumque
939 1781 1111 1824 ossibus
1159 1780 1420 1823 animalium
1469 1781 1624 1824 uatici-
1643 1778 1672 1818 d

156 1850 334 1900 uantur,
364 1850 426 1893 eis
461 1850 839 1894 connumerandos
879 1865 971 1893 esse
1007 1849 1295 1893 manifestum
1331 1853 1411 1894 est.
1470 1849 1626 1894 Chiro-

157 1918 398 1963 nomantici
429 1933 603 1977 quoque
632 1933 750 1970 uera,
780 1934 893 1977 quae
925 1919 972 1962 in
1002 1919 1126 1977 rugis
1155 1933 1369 1962 manuum
1399 1919 1553 1970 latent,
1583 1935 1630 1963 se

158 2001 286 2031 nosse
324 1987 584 2045 gloriantur.
663 1988 862 2042 Quorum
914 2003 1117 2040 errorem,
1165 1989 1271 2046 quia
1319 1989 1491 2031 ratione
1540 2003 1631 2031 non

100 2066 143 2102 25
159 2055 332 2108 nititur,
371 2072 460 2101 non
499 2072 673 2102 necesse
714 2060 782 2101 est
826 2058 1074 2102 rationibus
1123 2058 1397 2116 impugnare,
1437 2058 1541 2102 licet
1580 2073 1632 2102 eo

158 2125 255 2183 ipso
285 2126 384 2170 illos
416 2130 643 2184 expugnet
674 2127 800 2178 ratio,
833 2127 951 2185 quod
986 2127 1199 2171 deficiunt
1238 2128 1420 2171 ratione.
1481 2128 1631 2170 Vnum

157 2196 309 2238 tamen
337 2198 406 2239 est
435 2196 553 2253 quod
582 2211 609 2239 a
638 2198 694 2247 te,
715 2196 753 2239 si
783 2211 854 2239 me
884 2196 1108 2254 patienter
1136 2197 1304 2247 audias,
1335 2198 1631 2241 attentissime

160 2276 335 2319 quaero.
393 2264 511 2317 Quid
541 2268 781 2322 nugatores
809 2266 896 2316 isti,
918 2266 1128 2323 quoniam
1160 2281 1233 2310 eos
1263 2266 1347 2309 tibi
1379 2270 1508 2310 notos
1538 2281 1632 2309 esse

141 2345 250 2375 ·n0n
270 2332 456 2391 ambigo,
477 2334 654 2391 quando
678 2334 734 2378 de
761 2334 910 2378 dubiis
939 2335 1204 2394 interrogati
1228 2340 1346 2387 sunt,
1366 2336 1632 2394 proferunt?

161 2451 184 2486 6
209 2451 473 2497 cyromanticis
490 2452 515 2490 S
531 2456 573 2490 in
587 2455 687 2491 rubr.
707 2467 785 2502 cap.
830 2458 920 2501 raes.
1086 2467 1131 2493 22
1158 2456 1434 2494 Chiromantici
1454 2455 1631 2493 CBASM¹

163 2505 206 2544 25
232 2500 289 2535 est
305 2510 455 2537 necesse
472 2500 508 2536 A
645 2513 694 2548 29
719 2514 787 2550 pro
807 2505 946 2540 uerunt
964 2503 1004 2540 M

213 2615 229 2643 1
251 2608 392 2663 primos
409 2610 503 2645 etc.:
527 2608 639 2646 Matt.
656 2610 762 2647 xxiii.
778 2612 814 2648 6.
991 2623 1013 2649 2
1040 2614 1238 2659 epulantur
1249 2615 1319 2650 etc.
1338 2626 1346 2649 :
1372 2613 1461 2650 Luc.
1480 2613 1552 2649 xvi.
1575 2623 1628 2659 19.

210 2665 388 2708 nemmem
404 2657 500 2692 etc.:
526 2668 558 2693 v.
584 2656 686 2694 infra
707 2670 738 2695 e.
757 2661 803 2695 28
824 2659 909 2704 (474
934 2659 980 2704 c).
1178 2669 1218 2707 15
1245 2672 1354 2706 opera
1378 2662 1631 2697 tenebrarum:

199 2711 271 2737 om.
288 2712 367 2738 xiu.
390 2713 442 2738 12.
590 2713 632 2749 17
658 2708 862 2752 aruspices:
890 2719 922 2743 v.
942 2718 1054 2753 supra
1073 2706 1140 2742 lib.
1159 2706 1183 2742 i.
1203 2719 1285 2754 cap.
1309 2718 1350 2745 12
1370 2720 1454 2745 cum
1472 2708 1573 2745 notis
1590 2707 1631 2743 in

163 2746 245 2830 loe.l
418 2760 466 2787 22
504 2750 832 2791 Chironomantici:
874 2766 906 2791 v.
935 2766 1051 2801 supra.
1066 2754 1132 2791 lib.
1161 2754 1186 2792 i.
1220 2767 1300 2802 cap.
1336 2766 1378 2792 12
1412 2767 1499 2792 cum
1531 2755 1634 2792 notis

165 2804 207 2831 1n
247 2805 301 2832 oc.

1461 2882 1524 2916 143
