1994 3190
234 152 317 193 529
337 152 367 182 a
702 138 963 184 IOANNIS
1002 138 1515 186 SARESBERIENSIS
1663 137 1777 199 [Lm.
1792 149 1844 183 Π

337 273 368 302 a
386 260 493 319 Cap.
522 260 559 304 8.
608 260 672 304 De
698 260 1001 304 'nwderatione
1026 259 1231 303 &mestitiae
1257 263 1294 303 et
1321 259 1580 304 clementiae
1599 257 1845 316 primipis,

501 345 616 387 quae
652 329 807 373 debent
844 329 902 374 in
939 343 986 374 eo
1022 329 1087 372 ad
1119 328 1367 374 utilitatem
1400 329 1470 373 ‘rei
1500 328 1711 386 publicae
1744 342 1845 372 σοπ-

501 399 758 456 temperavi.

445 480 659 524 Obtineat
674 494 779 538 ergo
791 479 840 522 in
852 479 1050 536 principe
1066 479 1183 536 quod
1199 479 1330 522 debet
1344 479 1392 521 in
1407 478 1612 522 omnibus
1624 478 1848 522 obtinere:

387 549 531 593 Nemo
560 564 673 606 quae
702 564 783 592 sua
812 551 918 592 sunt
948 551 1132 605 quaerat
1160 548 1236 591 sed
1264 562 1376 605 quae
1405 547 1603 591 aliorum.
1663 547 1849 590 Verum·
1869 565 1888 599 5

386 621 537 662 tamen
586 618 726 676 ipsius
775 617 1018 661 affectionis
1064 617 1232 668 modus,
1274 631 1361 674 quo
1409 617 1610 661 caritatis
1658 615 1851 659 brachiis

388 688 607 732 subiectos
645 691 699 731 ut
739 687 902 730 fratres
941 686 1236 744 amplexatur,
1275 685 1590 729 moderationis
1634 685 1852 728 limitibus

388 758 622 802 clauditur.
682 757 756 801 Sic
786 759 831 800 et
859 756 976 799 enim
997 755 1160 798 fratres
1190 755 1349 813 diligit,
1371 755 1488 812 quod
1512 769 1681 798 errores
1701 768 1852 797 eorum

388 827 709 871 medicinaliter
738 826 944 883 corrigit3
984 825 1045 868 sic
1075 825 1123 867 in
1153 825 1216 867 eis
1245 839 1421 868 carnem
1450 824 1651 882 agnoscit
1679 826 1725 867 et
1753 838 1853 866 san-

389 897 582 954 guinem,
602 900 655 939 ut
679 911 731 939 ea
754 895 937 952 spiritus
963 894 1153 937 subiciat
1177 893 1348 937 ditioni.
1408 893 1679 937 Medicorum
1698 892 1854 949 utique
1874 909 1916 934 10

390 965 659 1009 consuetudo
699 967 767 1007 est
809 967 862 1006 ut
904 963 1090 1012 morbos,
1131 977 1240 1019 quos
1283 961 1492 1006 fomentis
1531 965 1577 1005 et
1615 961 1855 1005 leuioribus

390 1034 620 1077 medicinis
640 1048 794 1078 curare
820 1035 1059 1089 nequeunt,
1080 1031 1360 1089 grauioribus
1380 1031 1593 1074 adhibitis
1619 1031 1722 1089 igne
1745 1033 1856 1088 puta

392 1105 465 1147 uel
505 1104 623 1147 ferro
662 1105 830 1147 curent.
895 1101 988 1144 Nec
1028 1115 1239 1157 umquam
1278 1099 1470 1144 utuntur
1507 1101 1731 1159 grauibus,
1769 1099 1857 1143 nisi

347 1181 376 1219 b
394 1188 494 1217 cum
524 1173 692 1216 leuium
720 1171 931 1214 beneficio
956 1170 1206 1213 desiderata
1232 1170 1400 1213 sanitas
1423 1170 1702 1227 desperatum
1729 1168 1791 1212 sic
1811 1171 1858 1212 et

394 1245 589 1301 potestas
619 1256 718 1285 cum
748 1240 1009 1283 inferiorum
1035 1239 1150 1282 uitia
1177 1242 1409 1292 mansueta
1432 1254 1568 1282 manu
1590 1253 1744 1283 curare
1767 1252 1858 1281 non
1878 1253 1918 1288 ¹5

395 1312 568 1364 sufficit,
598 1325 813 1368 penarum
842 1309 1127 1353 acrimoniam
1162 1308 1314 1352 dolens
1347 1311 1464 1352 recte
1498 1307 1757 1351 uulneribus
1791 1306 1858 1349 in-

398 1381 560 1431 fundit,
596 1383 641 1423 et
680 1380 755 1437 pia
793 1378 1054 1422 crudelitate
1087 1377 1203 1421 seuit
1237 1378 1284 1420 in
1315 1377 1465 1429 malos,
1499 1377 1606 1420 dum
1644 1377 1860 1420 bonorum

398 1449 679 1494 incolumitas
727 1450 1002 1505 procuratur.
1069 1446 1158 1490 Sed
1206 1447 1306 1504 quis
1354 1447 1448 1490 sine
1497 1446 1645 1490 dolore
1692 1444 1861 1503 proprii

398 1519 592 1576 corporis
622 1517 819 1560 membra
847 1516 992 1559 ualuit
1021 1518 1284 1573 amputare?
1315 1556 1317 1559 .
1342 1515 1475 1559 Dolet
1504 1530 1609 1573 ergo
1638 1530 1738 1559 cum
1768 1513 1860 1557 exi·
1874 1513 1890 1528 ’

398 1588 605 1646 gentibus
634 1586 775 1644 culpis
805 1585 1049 1628 uindictam
1079 1586 1342 1643 exposcitur,
1372 1600 1469 1629 eam
1503 1587 1654 1628 tamen
1687 1583 1862 1642 peragit
1881 1598 1925 1624 πο

399 1658 544 1700 inuita
574 1657 743 1700 dextra.
804 1655 1042 1698 Sinistram
1072 1669 1262 1712 namque
1291 1669 1380 1698 non
1412 1654 1547 1698 habet
1580 1653 1783 1711 princeps
1817 1655 1864 1696 et

400 1728 447 1771 in
474 1727 673 1771 cruciatu
701 1725 997 1768 membrorum
1021 1724 1226 1782 corporis,
1247 1725 1372 1768 cuius
1402 1725 1494 1782 ipse
1518 1726 1652 1781 caput
1678 1726 1756 1774 est,
1776 1721 1865 1780 legi

401 1797 544 1840 tristis
594 1799 639 1839 et
691 1808 871 1852 gemens
921 1793 1176 1837 famulatur.
1252 1793 1494 1851 Philippus,
1525 1808 1625 1837 cum
1669 1792 1868 1836 audisset

402 1866 599 1909 Phiciam
638 1863 858 1921 quendam
899 1863 1063 1906 bonum
1102 1866 1395 1921 pugnatorem
1436 1863 1679 1906 alienatum
1718 1861 1867 1905 animo

402 1936 499 1986 sibi,
534 1934 651 1992 quod
692 1937 782 1976 tres
822 1933 936 1976 filias
976 1933 1102 1991 inops
1134 1934 1214 1976 uix
1249 1933 1399 1986 aleret,
1434 1947 1514 1976 nec
1548 1947 1575 1975 a
1604 1947 1706 1990 rege
1741 1931 1865 1975 adiu·
1886 1943 1928 1979 25

402 2007 597 2055 uniretur,
624 2003 905 2046 monentibus
935 2003 1086 2046 amicis
1116 2006 1168 2046 ut
1197 2017 1297 2046 eum
1327 2005 1528 2046 caueret:
1564 2001 1694 2055 Quid,
1720 2000 1869 2058 inquit

363 2090 388 2120 c
407 2073 647 2130 Philippus,
668 2072 706 2115 si
729 2072 935 2115 haberem
956 2074 1127 2129 partem
1149 2071 1341 2128 corporis
1362 2085 1524 2128 egram,
1544 2070 1869 2114 abscideremne

405 2143 555 2200 potius
575 2155 707 2199 quam
727 2155 925 2184 curarem
943 2143 958 2183 ἲ
998 2140 1167 2184 Deinde
1189 2140 1468 2183 familiariter
1488 2143 1654 2183 secreto
1674 2139 1870 2182 elicitum

407 2212 602 2255 Phiciam
651 2214 830 2268 accepta
875 2209 1135 2254 difficultate
1181 2210 1493 2254 necessitatum
1532 2209 1872 2252 domesticarum

406 2281 594 2340 pecunia
633 2279 899 2323 sufficienter
938 2279 1154 2322 instruxit
1193 2293 1242 2322 ac
1282 2279 1505 2323 meliorem
1545 2278 1872 2335 fidelioremque
1891 2295 1933 2329 30

408 2351 567 2395 habuit
612 2363 745 2407 quam
786 2347 923 2392 fuerit
963 2351 1200 2405 antequam
1240 2347 1492 2391 crederetur
1534 2347 1735 2390 offensus.
1810 2346 1873 2390 Vt

409 2421 525 2465 enim
557 2420 622 2462 ait
658 2418 841 2462 Lucius:
883 2418 1128 2475 Principem
1164 2431 1311 2460 senem
1347 2417 1543 2460 moribus
1573 2431 1666 2460 esse
1699 2418 1875 2474 oportet

409 2518 642 2573 40ptineat
668 2515 791 2552 ASM:
819 2515 988 2571 optinere
1005 2515 1037 2551 A
1237 2523 1254 2561 5
1282 2514 1580 2561 Verumptamen
1598 2513 1629 2549 B

409 2530 622 2610 medicinis]
641 2563 853 2612 disciplinis
869 2563 899 2600 P
1038 2563 1081 2599 16
1106 2561 1280 2599 suffieicit
1299 2561 1336 2597 M
1470 2572 1516 2607 24
1541 2560 1727 2608 phiaoiam
1745 2558 1874 2597 CBSM

412 2625 458 2660 29
483 2612 667 2660 phi-nciam
687 2612 724 2648 M

417 2673 563 2680 —..—--
574 2674 656 2679 -—.-

414 2702 560 2783 νὲΝε
563 2712 616 2735 mo
634 2702 728 2736 etc.:
756 2707 821 2735 v.1
845 2697 926 2734 Cor.
947 2708 979 2732 x.
998 2706 1065 2741 243
1091 2694 1256 2742 Philipp.
1275 2694 1312 2731 ii.
1331 2706 1366 2740 4.
1493 2705 1536 2742 23
1563 2695 1760 2741 Philippus
1776 2695 1876 2733 etc&

494 2747 632 2783 rontin.
648 2750 798 2801 sermea
812 2745 857 2782 ἰν
874 2754 893 2790 7
947 2753 1002 2790 37.
1098 2753 1152 2787 24,
1167 2753 1211 2798 29
1233 2744 1419 2779 Phiciam:
1446 2741 1470 2779 i.
1485 2755 1514 2780 e.
1535 2742 1721 2790 Pythiam.
1831 2751 1875 2789 32

413 2761 566 2832 Euam:
594 2793 683 2839 Quin
700 2792 902 2831 fueriti-te
949 2790 1067 2835 ucius,
1085 2790 1223 2828 nescio.

527 2859 590 2894 2⁶2
