1994 3190
166 231 266 267 οη.
279 219 331 281 x]
691 220 1130 267 POLIORATICVS
1330 193 1334 197 ’
1646 222 1738 273 566
1756 232 1781 263 e

164 342 399 399 potentior,
428 356 480 386 eo
508 341 680 400 plenior
708 345 754 386 et
787 343 1073 399 perniciosior
1100 344 1224 387 curia
1252 346 1330 387 est.
1409 343 1634 401 Frequens

164 411 329 455 etenim
356 414 423 454 est
449 414 502 455 ut
527 411 651 456 curia
677 412 862 469 recipiat
887 412 959 455 uel
987 411 1124 456 faciat
1153 413 1348 464 uitiosos,
1374 413 1494 470 apud
1524 427 1634 471 quos

164 480 398 524 inualescit
428 479 612 523 audacia
652 480 938 537 delinquendi
975 495 1076 524 cum
1115 495 1172 524 ex
1212 481 1518 526 familiaritate
1557 496 1633 539 po-

164 552 340 593 tentum
366 549 491 592 uitiis
520 550 791 608 indulgetur.
851 549 940 593 Sed
970 553 1016 593 et
1045 550 1099 593 de
1128 553 1333 594 anteacta
1362 551 1460 594 uita
1489 551 1633 595 cuius-

125 629 145 663 5
164 633 352 676 cumque
376 617 544 661 frustra
569 618 877 676 praesumitur,
903 632 1004 662 cum
1031 619 1149 662 inter
1174 619 1361 662 curiales
1386 620 1467 662 uix
1494 620 1634 677 possit

164 688 417 731 innocentia
446 687 636 732 retineri.
708 687 819 741 Quis
848 691 916 731 est
945 688 1062 731 enim
1091 688 1162 732 cui
1192 688 1408 731 uirtutem
1437 703 1527 731 non
1557 703 1632 731 ex-

163 757 339 803 cutiant
376 757 610 801 curialium
648 758 831 815 nugae?
908 757 1019 811 Quis
1067 760 1136 801 est
1183 760 1350 808 tantus,
1390 758 1489 814 quis
1538 761 1632 800 tam

164 827 332 871 solidus
358 830 411 870 ut
435 827 656 884 corrumpi
679 841 769 870 non
795 827 967 884 possit?
1026 826 1235 884 Optimus
1261 829 1330 870 est
1356 826 1432 883 qui
1464 827 1633 870 resistit

165 895 347 946 diutius,
381 896 458 952 qui
497 895 701 946 ualidius,
736 896 812 953 qui
852 896 1152 953 corrumpitur
1190 895 1350 939 minus.
1410 895 1540 946 Nam,
1580 899 1633 938 ut

107 977 150 1004 10
166 965 227 1008 sit
264 965 411 1008 uirtus
448 965 691 1016 incolumis,
725 980 752 1008 a
789 965 1022 1009 curialium
1061 965 1158 1008 uita
1197 964 1510 1007 diuertendum
1551 968 1630 1008 est.

167 1033 356 1077 Prouide
383 1034 581 1091 quisquis
607 1034 689 1078 hoc
715 1034 882 1078 dixerit
907 1036 953 1078 et
982 1033 1225 1091 prudenter
1250 1033 1398 1077 curiae
1424 1036 1633 1076 naturam
1650 1038 1679 1078 d

165 1103 408 1161 expressit:

801 1162 945 1204 Exeat
972 1161 1076 1205 aula

455 1220 531 1277 qui
561 1220 661 1263 uult
690 1234 783 1264 esse
811 1220 924 1278 pius.

109 1321 150 1356 15
166 1309 294 1354 Vnde
329 1310 553 1369 eleganter
586 1310 687 1355 fons
726 1311 940 1355 Salmacis
978 1311 1166 1355 infamia
1204 1312 1406 1355 mollitiei
1447 1311 1635 1369 insignis

166 1380 308 1424 eidem
341 1385 634 1439 comparatur.
693 1382 757 1424 Vt
795 1382 912 1425 enim
944 1382 991 1424 in
1027 1381 1192 1425 fabulis
1236 1385 1315 1435 est,
1354 1381 1476 1424 unda
1514 1382 1634 1424 illius

165 1452 347 1507 aspectu
377 1450 533 1494 decora
564 1453 642 1502 est,
661 1454 798 1508 gustu
827 1451 979 1502 dulcis,
1014 1452 1165 1495 suauis
1196 1455 1321 1495 tactu
1355 1455 1401 1495 et
1435 1451 1634 1495 omnium

165 1532 374 1562 sensuum
413 1534 497 1563 usu
535 1520 800 1578 gratissima,
830 1520 907 1564 sed
947 1523 1075 1564 tanta
1110 1520 1296 1564 mollitie
1335 1521 1635 1578 ingredientes

166 1592 351 1633 eneruat
369 1592 422 1633 ut
440 1590 550 1633 uiris
575 1589 840 1633 effeminatis
867 1590 1126 1633 nobiliorem
1150 1591 1320 1634 adimat
1346 1604 1526 1643 sexum;
1555 1604 1635 1634 nec

109 1667 151 1692 ²0
167 1660 270 1701 ante
290 1658 521 1715 quisquam
537 1658 764 1715 egreditur
778 1673 911 1716 quam
927 1662 1106 1716 stupeat
1121 1662 1166 1702 et
1181 1659 1329 1703 doleat
1344 1674 1390 1703 se
1410 1662 1634 1702 mutatum

167 1741 261 1770 esse
279 1726 328 1769 in
347 1726 569 1770 feminam.
628 1728 723 1771 Aut
738 1728 856 1771 enim
876 1729 1034 1772 cedens
1054 1729 1234 1772 omnino
1254 1743 1387 1772 sexus
1407 1729 1454 1771 in
1474 1728 1634 1771 deteri-

167 1809 288 1839 orem
327 1795 565 1854 degenerat
607 1800 688 1840 aut
736 1798 901 1841 ueteris
951 1798 1187 1855 dignitatis
1234 1798 1384 1855 aliquo
1426 1800 1634 1840 manente

169 1864 360 1922 uestigio
394 1864 763 1910 hermafroditum
794 1866 956 1917 induit,
986 1867 1062 1924 qui
1103 1867 1295 1924 quodam
1334 1866 1634 1924 delinquentis
1649 1866 1728 1916 567
1749 1876 1778 1904 a

167 1935 355 1976 naturae
374 1933 565 1978 ludibrio
588 1934 651 1979 sic
676 1936 909 1993 utriusque
934 1950 1067 1979 sexus
1093 1939 1291 1979 ostentat
1314 1936 1553 1993 imaginem
1583 1938 1636 1978 ut

109 2021 152 2058 ²⁵
171 2002 373 2046 neutrius
408 2003 598 2047 retineat
623 2005 871 2049 ueritatem.
943 2005 1040 2049 Hac
1070 2009 1220 2049 autem
1250 2005 1411 2063 poetici
1442 2005 1559 2048 nube
1585 2005 1635 2047 fi·

168 2071 339 2129 gmenti
354 2086 574 2130 nugarum
593 2074 826 2117 curialium
846 2078 1205 2132 repraesentatur
1219 2075 1378 2132 imago,
1391 2089 1504 2131 quae
1515 2074 1637 2117 uiros

169 2141 341 2184 abiecta
362 2141 531 2185 uirtute
558 2143 791 2187 emolliunt
818 2147 898 2187 aut
927 2145 1121 2202 imagine
1155 2148 1330 2188 retenta
1359 2146 1636 2201 peruertunt.

169 2209 257 2262 Qui
288 2209 520 2254 curialium
551 2211 742 2269 ineptias
776 2213 924 2256 induit
956 2217 1001 2256 et
1030 2213 1282 2271 philosophi
1312 2213 1384 2256 uel
1414 2213 1518 2256 boni
1548 2213 1637 2255 uiri

168 2278 359 2322 officium
392 2280 635 2337 pollicetur,
671 2282 1018 2326 hermafroditus
1053 2286 1132 2334 est,
1168 2283 1244 2340 qui
1279 2283 1392 2326 duro
1430 2283 1562 2326 uultu
1593 2286 1639 2326 et

109 2360 151 2395 30
169 2347 345 2406 hispido
378 2349 637 2394 muliebrem
671 2352 883 2410 deturpat
913 2356 1196 2396 uenustatem
1226 2356 1272 2396 et
1303 2353 1452 2396 uirum
1483 2352 1638 2396 mulie·

168 2416 323 2460 bribus
353 2418 514 2474 polluit
544 2422 590 2463 et
623 2420 824 2465 incestat.
886 2422 973 2464 Res
1007 2422 1225 2478 siquidem
1261 2424 1541 2465 monstruosa
1573 2424 1640 2464 est

168 2485 456 2544 philosophus
504 2489 683 2534 curialis
695 2504 705 2543 ;
763 2493 820 2543 et,
863 2491 971 2534 dum
1019 2494 1259 2548 utrumque
1308 2505 1401 2534 esse
1450 2491 1640 2541 affectat,

170 2622 191 2649 2
218 2611 378 2659 etenim]
397 2612 500 2650 enim
516 2613 590 2650 AS¹
732 2625 776 2660 23
803 2615 1094 2652 ermafroditum
1113 2615 1153 2651 M
1294 2626 1340 2661 24
1363 2627 1452 2662 yma
1483 2615 1491 2623 “
1522 2627 1581 2653 em
1599 2614 1639 2650 M

172 2661 219 2696 26
236 2671 377 2707 ymago
394 2660 434 2696 M
576 2670 620 2706 27
639 2667 723 2708 post
738 2665 805 2700 aut
822 2665 907 2701 add.
923 2663 1079 2700 uirtutis
1096 2663 1136 2699 M
1229 2662 1410 2711 ymagine
1594 2673 1640 2709 29

171 2706 438 2744 ermafroditus
454 2706 598 2744 cA¹SM
738 2728 740 2730 v

222 2827 264 2863 13
289 2818 409 2854 Exeat
424 2820 513 2855 aula
529 2820 620 2855 etc.:
645 2818 786 2857 Lucan.
803 2820 933 2856 Phar-s.
950 2819 1029 2857 viii.
1047 2830 1129 2867 493,
1147 2830 1182 2865 4.
1377 2830 1391 2858 x
1398 2828 1416 2868 5
1444 2821 1638 2856 Salmacis:

169 2878 203 2902 v.
223 2864 288 2902 Ov.
305 2866 452 2903 Metam.
470 2865 517 2904 iv.
536 2867 603 2913 285
618 2877 720 2914 seqq.

228 2935 311 2956 *ω’*
863 2938 895 2967 U
913 2938 943 2968 u
1463 2942 1529 2976 3²9
