1994 3190
171 209 271 242 GAP.
287 195 389 258 xm]
699 198 1135 244 POLICRATICVS
1655 206 1737 254 580
1757 216 1787 245 a

170 311 276 351 sunt
299 311 352 367 ,et
364 300 369 318 '¹
381 322 462 366 ego
491 308 705 367 ignoraui.
777 308 906 362 Quod
940 311 993 351 ut
1025 309 1083 352 ab
1117 310 1427 355 humilioribus
1457 311 1637 369 liqueat,

1 387 20 400 ··
171 377 247 434 qui
268 377 420 420 decani
440 380 546 420 sunt
571 377 643 421 uel
662 377 969 429 archidiaconi,
990 378 1075 420 nisi
1103 378 1168 420 illi
1197 379 1266 433 (ut
1290 379 1460 436 Symon
1486 385 1638 425 noster

170 445 434 489 uenerabilis
464 446 616 490 doctor
645 446 692 489 in
726 447 822 503 lege
855 446 1036 489 Domini
1068 447 1211 491 dicere
1245 451 1553 506 consueuerat)
1589 451 1636 494 in

171 529 358 571 quorum
391 515 596 559 manibus
629 515 888 572 iniquitates
918 518 1035 566 sunt,
1066 516 1252 560 dextera
1286 532 1437 561 eorum
1467 520 1637 577 repleta

171 634 192 660 2
219 623 347 661 Simon
362 621 422 658 AS

216 726 238 752 2
262 716 408 752 decani:
427 712 602 760 Intellige
618 711 780 748 decanos
796 710 938 747 rurales
954 710 1034 747 siue
1048 710 1368 757 Christianitatis3
1386 725 1417 749 v.
1431 713 1491 750 Du
1508 714 1636 761 Gange

169 764 229 801 ed.
251 764 340 807 1884
357 775 385 799 s,
396 774 428 798 v.
447 762 616 797 Decanus
627 760 808 805 Episcopi.
902 760 1171 795 archidiaconi:
1199 759 1248 796 cf.
1257 760 1356 805 quod
1371 760 1418 796 ad
1435 760 1636 798 Nicolaum

169 811 216 848 de
235 809 368 857 sigillo
386 807 693 846 archidiaconum
711 805 1005 843 Huntendoniae
1024 818 1148 852 nuper
1164 807 1308 843 factum
1326 807 1456 844 scribit
1475 808 1636 846 Ioannes

167 857 211 894 in
223 859 294 904 Ep.
311 855 419 894 clxvi.
459 857 564 898 Erat,
576 860 617 890 ut
629 855 788 897 memini,
801 865 913 898 oenus
927 855 1113 889 hominum
1129 856 1193 900 qui
1208 857 1249 890 in
1261 856 1423 891 Ecclesia
1439 857 1509 891 Dei
1522 858 1637 892 archi·

168 907 403 942 diaconorum
418 908 606 940 censentur
619 903 773 942 nomine,
786 902 915 947 quibus
929 906 1050 937 uestra
1065 903 1230 938 discretio
1242 914 1381 938 omnem
1395 905 1527 939 salutis
1541 906 1637 940 viam

169 953 381 999 querebatur
389 963 461 988 esse
475 951 707 997 praeclusam.
749 950 856 991 Nam,
867 953 908 984 ut
923 950 1038 985 dicere
1050 952 1292 991 consueuistis,
1303 952 1463 996 diliyunt
1474 963 1637 995 munera,

168 1005 368 1046 sequuntur
381 999 639 1040 retributiones,
651 998 701 1032 ad
710 997 871 1032 iniurias
882 998 995 1042 proni
1003 1002 1097 1039 sunt,
1111 998 1305 1032 calumniis
1313 999 1482 1043 qaudent,
1492 1005 1636 1044 peccata

166 1049 299 1094 populi
314 1048 497 1083 comedunt
514 1050 545 1081 et
561 1046 694 1086 bibunt,
710 1045 840 1090 quibus
854 1045 1001 1079 uiuitur
1020 1056 1065 1080 ex
1086 1050 1199 1090 rapto,
1218 1050 1259 1080 ut
1279 1057 1352 1080 non
1376 1047 1424 1080 sit
1442 1047 1567 1092 hospes
1590 1048 1635 1082 ab

169 1096 305 1142 hospite
330 1099 439 1131 tutus.
490 1093 561 1138 Qui
590 1094 631 1128 in
657 1092 708 1127 eis
730 1093 1037 1137 praestantissimi
1063 1097 1157 1134 sunt,
1185 1093 1309 1128 debent
1339 1095 1462 1139 utique
1487 1105 1635 1130 seruare

170 1144 278 1188 leyem
301 1142 462 1184 Domini,
486 1142 548 1177 sed
573 1151 646 1176 non
661 1141 822 1184 faciunt.
871 1140 969 1175 Haec
994 1144 1026 1174 et
1049 1141 1185 1175 similia
1210 1141 1341 1175 solebat
1364 1142 1406 1175 in
1430 1143 1635 1177 miserrima

169 1190 368 1226 conditione
390 1189 573 1224 hominum
599 1191 736 1223 uestrae
754 1188 904 1232 pietatis
927 1188 1109 1222 miseratio
1133 1188 1329 1233 deplmre.
1378 1189 1493 1224 Bonis
1516 1195 1634 1225 autem

169 1239 266 1273 uiris
289 1241 322 1273 et
341 1238 468 1273 amicis
488 1236 617 1272 uestris
641 1235 817 1279 ayendam
840 1239 890 1270 est
910 1236 1049 1279 qratias
1070 1236 1144 1270 Deo
1169 1239 1201 1270 et
1222 1236 1369 1271 domino
1389 1237 1636 1272 Lincolniensi

169 1286 234 1331 qui
255 1285 399 1330 aperuit
422 1284 539 1320 oculos
556 1287 691 1318 uestros
714 1286 746 1317 et
769 1283 872 1317 uiam
896 1283 1014 1318 docuit
1036 1294 1107 1329 qua
1131 1283 1196 1318 hoc
1217 1294 1330 1328 oenus
1354 1283 1540 1319 hominum
1563 1296 1635 1320 non

170 1334 271 1368 modo
285 1332 474 1378 perueniat
489 1332 538 1366 ad
552 1331 702 1366 salutem
723 1330 914 1364 inerrabili
928 1331 1190 1366 salaandorum
1207 1341 1338 1366 corona
1354 1332 1556 1366 decoratum
1575 1334 1637 1367 sed

169 1385 203 1416 et
232 1380 450 1425 superiorem
481 1382 714 1424 consequatur
742 1378 927 1412 aureolam
958 1389 1048 1422 quae
1074 1379 1166 1412 sicut
1195 1379 1369 1423 martyrio
1397 1379 1577 1415 laureatos
1604 1385 1637 1415 et

169 1428 380 1472 uiminitate
406 1430 598 1462 aei-nantes
623 1426 675 1460 sic
695 1426 979 1470 praedicationis
1003 1426 1116 1471 officio
1145 1427 1364 1461 coruscantis
1390 1427 1551 1471 insiynit.
1599 1429 1634 1462 A

171 1475 327 1511 Domino
343 1475 485 1522 quidem
499 1473 644 1518 factum
665 1477 715 1507 est
734 1474 840 1514 istud,
860 1474 922 1518 qui
942 1474 1059 1508 oculos
1077 1474 1255 1508 caecitatis
1275 1478 1415 1509 uestrae
1435 1476 1580 1519 aperuit
1604 1481 1635 1510 et

169 1524 350 1568 patefacta
375 1522 525 1557 ueritate
552 1522 594 1556 in
621 1532 731 1556 causa
755 1521 1091 1555 archidiaconorum
1113 1522 1360 1566 perniciosam
1377 1522 1470 1566 fecit
1497 1527 1636 1557 mutare

168 1571 388 1606 sententiam.
435 1569 539 1617 Licet!
559 1573 678 1604 autem
707 1570 833 1603 merito
861 1569 1044 1612 qaudeant
1075 1569 1324 1604 archidiaconi
1352 1573 1471 1604 uestro
1502 1571 1637 1606 iudicio

170 1618 332 1660 absoluti,
359 1617 462 1652 credo
486 1628 540 1652 me
564 1627 638 1651 non
666 1617 842 1650 minorem
866 1627 975 1660 quam
999 1617 1096 1661 ipsos
1119 1617 1315 1662 concepisse
1339 1618 1381 1651 de
1405 1621 1525 1652 uestra
1547 1629 1636 1662 pro-

171 1665 322 1700 motione
348 1665 532 1707 laetitiam,
560 1664 656 1710 quia,
690 1664 900 1708 ubicumque
933 1664 1090 1699 locorum
1122 1664 1201 1705 sim,
1237 1675 1291 1699 me
1323 1666 1371 1699 ad
1403 1664 1572 1700 honorem
1604 1670 1636 1700 et

0 1735 1 1738 =
169 1713 372 1758 obsequium
394 1716 563 1754 uestram,
591 1712 633 1746 in
656 1711 786 1756 quibus
809 1712 1033 1746 discretionis
1055 1716 1195 1746 uestrae
1220 1722 1371 1746 sensura
1394 1714 1636 1756 praescribere

0 1766 3 1791 l
169 1761 391 1804 dianaretur,
413 1759 682 1804 promptissima
712 1759 897 1794 uoluntate
928 1759 1070 1794 deuoui.
1119 1757 1215 1794 Vide
1239 1757 1356 1794 etiam
1380 1757 1427 1794 de
1454 1758 1636 1795 archidia-

0 1806 1 1811 ’
172 1817 352 1843 concrum
381 1807 420 1843 et
448 1805 675 1842 decanorum
703 1806 912 1841 Simoniaca
935 1807 1122 1851 prauitate
1150 1807 1221 1851 Ep.
1247 1807 1295 1851 69
1323 1817 1392 1852 pro
1417 1805 1634 1843 Theobaldo

0 1817 4 1915 ι
171 1853 452 1900 archiepiscopo
476 1853 525 1889 ad
550 1851 673 1900 episco
702 1864 767 1888 um
791 1852 1027 1889 Cestrenscm
1052 1865 1075 1889 a
1099 1853 1242 1890 Ioanne
1267 1856 1398 1890 nostro
1424 1854 1632 1901 scriptam:

0 1918 4 1976 ἦ
171 1901 220 1938 cf.
237 1901 429 1938 decretum
445 1899 650 1937 Alexandri
707 1900 724 1936 I
738 1901 784 1937 de
798 1900 1053 1937 archidiaconi
1067 1900 1358 1937 conventrensis
1370 1901 1635 1938 exactionibus

171 1948 214 1984 in
239 1949 482 1985 Decretalibus
507 1949 610 1994 arey.
627 1949 697 1983 IX.
720 1948 764 1984 V.
787 1947 926 1983 xxxvii.
945 1958 965 1993 3
989 1947 1220 1995 (Friedberg.
1242 1948 1280 1984 ii.
1305 1949 1390 1993 880)
1408 1951 1448 1985 et
1473 1961 1504 1986 c.
1530 1960 1571 1985 12
1594 1948 1634 1984 in

177 1997 260 2032 Vita
275 1997 311 2032 S.
332 1997 484 2032 Thomae
503 1997 675 2033 Gantuar.
692 2001 834 2031 auctore
849 1997 971 2031 Anon.
987 1997 1040 2032 II.
1061 1997 1177 2039 (Rolls
1195 1997 1310 2032 Series
1325 1997 1370 2041 67
1384 1996 1420 2032 d.
1440 2006 1496 2043 95,
1516 1998 1576 2042 96)
1596 2001 1635 2033 et

199 2043 355 2080 lurimos
378 2042 470 2080 alios
487 2043 588 2080 locos
602 2043 703 2090 apud
729 2055 855 2079 rerum
877 2042 987 2078 istius
1009 2042 1092 2080 aevi
1108 2043 1322 2090 scriptores.
1475 2045 1605 2087 symon
1623 2055 1632 2080 :

171 2055 309 2135 guaeri
331 2092 454 2138 potest
478 2091 527 2127 ad
549 2102 661 2136 quem
680 2102 738 2128 res
767 2090 866 2127 icere
891 2090 998 2127 uelit.
1047 2091 1182 2128 Fateor
1205 2103 1266 2127 me
1292 2090 1383 2127 olim
1409 2091 1456 2127 de
1481 2091 1632 2128 Simone

199 2137 308 2182 riore,
361 2139 466 2175 ostea
487 2138 623 2176 abbate
649 2138 684 2174 S.
710 2140 742 2175 A
758 2137 851 2174 bani
874 2138 1112 2185 cogitavisse,
1140 2137 1282 2174 codicis
1303 2140 1511 2175 Policratici
1532 2139 1566 2174 A
1591 2139 1632 2174 in

214 2197 301 2222 useo
359 2185 546 2222 ritannico
575 2185 681 2232 (Reg.
710 2195 791 2231 131)
816 2185 868 2230 iv)
885 2186 1022 2222 servati
1045 2185 1239 2232 scriptore,
1258 2197 1370 2231 quem
1395 2188 1521 2222 uirum
1537 2188 1635 2222 uitae

171 2234 409 2269 uenerabilem
441 2237 473 2269 et
505 2235 588 2269 bene
620 2235 827 2276 litteratum,
862 2235 1138 2279 scripturarum
1167 2239 1199 2269 et
1234 2235 1411 2270 librorum
1439 2239 1634 2270 amatorem

214 2282 358 2317 ecialem
386 2291 534 2317 necnon
567 2279 604 2317 S.
635 2280 806 2318 Thomae.
834 2280 1118 2317 Cantuariensis
1149 2281 1315 2317 amicum
1355 2280 1470 2318 fuisse
1503 2285 1635 2318 narrat

170 2292 334 2364 &homas
357 2327 621 2375 Walsingham
639 2327 682 2364 in
711 2330 827 2364 Gestis
850 2330 1031 2364 Abbacum
1054 2330 1269 2364 Momsterii
1292 2330 1330 2364 S.
1355 2330 1495 2364 Albani
1519 2330 1635 2369 (Bous

172 2376 289 2411 Series
301 2377 359 2413 28.
372 2386 395 2420 4
408 2375 447 2421 a)
461 2387 526 2422 pp.
542 2377 607 2420 183
617 2387 717 2422 seqq.
770 2375 932 2412 Memini
944 2375 1059 2412 etiam
1071 2376 1253 2412 Ioannem
1266 2375 1343 2412 iam
1354 2376 1631 2413 adolescentem

172 2421 213 2458 in
252 2421 446 2468 theologia
477 2425 738 2470 praceptorem
769 2423 945 2460 habuisse
983 2423 1175 2459 Simonem
1213 2422 1479 2460 Pexiacensem
1517 2436 1631 2469 quem

172 2471 335 2517 Metaloq.
353 2469 392 2506 ii.
415 2480 459 2506 10
477 2471 563 2516 (869
574 2472 618 2514 Α)
629 2473 752 2516 fidum
768 2473 928 2507 lectorem
943 2473 1004 2507 sed
1019 2472 1230 2507 obtusiorem
1238 2473 1497 2517 disputatorem
1508 2475 1630 2507 vocat.

175 2517 249 2554 Sed
274 2515 370 2553 mihi
396 2517 498 2554 hunc
522 2517 648 2555 locum
677 2530 762 2555 cum
790 2518 954 2565 epistola
978 2519 1026 2555 ad
1051 2518 1251 2555 Nicolaum
1280 2519 1326 2555 de
1356 2517 1491 2564 Sigillo
1519 2530 1632 2564 supra

174 2563 293 2601 citata
314 2563 525 2602 conferenti
548 2564 590 2601 in
614 2567 781 2602 mentem
801 2565 908 2603 venit
930 2565 1095 2612 suspicio
1113 2566 1275 2603 eundem
1296 2566 1419 2602 virum
1444 2568 1483 2602 et
1505 2566 1568 2602 hic
1594 2569 1633 2603 et

174 2611 255 2648 illic
272 2611 447 2658 spectari,
465 2624 578 2658 quem
594 2613 721 2649 forsan
737 2613 930 2650 Simonem
952 2612 1077 2650 iocose
1099 2616 1222 2656 vocat,
1243 2613 1351 2659 quasi
1373 2613 1632 2650 archidiaconi

174 2669 341 2704 munere,
358 2659 458 2704 quod
478 2659 569 2696 olim
590 2659 835 2697 simoniacum
851 2661 1119 2707 appellaverat,
1138 2660 1214 2696 iam
1239 2660 1364 2707 ipsum
1389 2661 1629 2707 fungentem.

176 2716 197 2752 3
210 2712 456 2743 consueuerat:
471 2718 518 2743 sc.
532 2706 579 2752 (si
589 2709 692 2745 recte
703 2707 750 2744 de
763 2706 916 2744 Ioannis
928 2708 1120 2754 proposito
1133 2708 1343 2754 suspicatus
1356 2710 1451 2753 sum)
1463 2708 1631 2744 nondum

175 2753 223 2790 ad
239 2752 589 2790 archidiaconatum
643 2756 818 2798 remotus,
837 2767 949 2800 quem
966 2767 1000 2791 a.
1022 2765 1108 2802 1155
1135 2757 1194 2795 (ut
1217 2754 1388 2798 videtui-3
1412 2767 1445 2791 v.
1464 2755 1513 2791 Le
1532 2754 1632 2791 Neve

174 2802 279 2854 FIasti
293 2802 388 2836 Eccl.
404 2803 510 2846 Anyl.
529 2801 587 2838 ed.
605 2767 735 2848 fiardy
750 2802 790 2838 ii.
809 2814 845 2848 p.
863 2803 924 2847 48)
945 2805 1094 2840 mortuo
1116 2802 1279 2840 Henrico
1302 2802 1631 2839 Huntendoniensi

173 2847 479 2895 historiographo
490 2847 767 2887 iamvacantem
777 2849 938 2896 accepit.
1011 2860 1074 2897 3‚4
1086 2852 1126 2887 in
1140 2862 1291 2898 quorum
1301 2852 1387 2888 etc.:
1405 2849 1465 2886 Ps.
1476 2862 1560 2886 xxv.
1578 2861 1632 2886 ιο.

228 2920 310 2940 νη»
854 2919 878 2947 z
905 2919 927 2946 Ζ
1459 2921 1523 2955 353
