1994 3236
867 209 1318 256 PROLEGOMENA

358 329 471 373 liber
500 329 682 387 quidam
711 329 767 373 de
795 329 1184 386 Interpretatiom
1209 329 1458 374 nominum
1492 329 1829 376 Hebraicorum

359 413 447 456 quo
466 398 655 442 fortasse
674 412 782 442 usus
801 401 869 442 est
883 398 1095 452 Ioannes3
1121 399 1225 442 uide
1239 399 1606 443 commentarium
1625 402 1827 443 nostrum

359 468 416 510 ad
436 467 602 511 Polior.
623 468 716 511 viii.
740 481 807 514 22.

418 537 596 581 PETRVS
617 537 870 580 DAMIANVS
886 537 934 579 in
948 537 1144 594 capitulo
1160 536 1319 580 ultimo
1333 537 1473 580 libelli
1485 537 1539 581 de
1551 537 1604 581 N
1597 552 1831 581 oms-simas

358 610 398 649 et
414 605 696 650 Antichristo
715 606 844 663 signa
863 606 1114 663 quindecim
1134 606 1323 649 totidem
1343 606 1515 650 dierum
1535 606 1652 650 diem
1677 606 1828 649 iudicii

358 675 716 732 praecedentium
746 678 925 719 auctore
955 675 1243 732 Hieronymo,
1272 678 1325 719 ut
1355 675 1421 718 ait
1449 676 1556 733 ipse,
1586 679 1829 726 enumerat,

358 744 413 787 de
433 744 594 802 quibus
613 743 765 802 agitur
790 744 838 787 in
858 744 946 787 fine
966 743 1135 787 Policr.
1156 743 1203 787 ii.
1229 756 1294 787 11.
1354 743 1468 787 Vide
1489 743 1611 787 infra
1630 744 1685 787 de
1708 745 1829 787 APO—

358 823 571 857 cnrrms.
1827 808 1830 811 ⁴

416 881 579 925 Ivoms
599 880 920 925 CARNOTENSIS
940 881 1177 925 Decretum
1197 884 1243 925 et
1261 880 1572 925 Panormiam
1594 896 1653 924 an
1672 882 1832 940 legerit

358 950 558 1000 Ioannes,
575 950 792 994 incertum
814 953 882 993 est
897 964 906 1003 ;
936 950 1086 993 omnia
1101 950 1282 993 enimin
1295 949 1569 995 Policratico
1581 951 1636 994 de
1652 951 1831 994 canoni-

358 1019 442 1063 bus
476 1020 642 1077 scripta
671 1034 783 1076 quae
817 1019 937 1077 apud
970 1019 1155 1063 Iuonem
1190 1022 1382 1070 exstant,
1414 1019 1549 1062 etiam
1586 1019 1829 1063 Gratianus

358 1089 505 1141 habet,
530 1089 656 1132 cuius
686 1089 865 1132 Decreto
893 1089 1015 1131 haud
1047 1089 1205 1132 dubito
1237 1088 1345 1145 quin
1380 1102 1486 1131 usus
1518 1088 1579 1132 sit
1612 1088 1829 1142 Ioannes;

358 1157 461 1200 uide
481 1157 602 1200 infra
621 1157 676 1201 de
697 1157 954 1201 GRATIANO.

414 1228 628 1270 ANSELMI
658 1226 974 1284 archiepiscopi
995 1226 1342 1277 Cantuariensis,
1363 1226 1417 1270 de
1447 1241 1535 1284 quo
1559 1228 1827 1271 mentionem

358 1296 407 1338 in
426 1296 589 1340 Polior.
612 1295 671 1339 vi.
701 1297 752 1338 18
781 1294 904 1348 facit,
925 1295 1051 1338 cuius
1078 1294 1235 1339 Vitam
1261 1295 1397 1338 etiam
1424 1296 1616 1353 scripsit,
1635 1296 1829 1341 Medita-

358 1364 527 1408 tio‘nem
547 1364 622 1407 vii.
643 1364 692 1406 in
711 1364 877 1410 Polior.
900 1364 946 1408 ii.
970 1375 1021 1420 27
1045 1364 1169 1408 citat.

416 1434 687 1476 MARBODVM
722 1434 976 1491 episcopum
1006 1432 1309 1477 Redonensem
1339 1432 1526 1478 fortasse
1556 1434 1611 1478 de
1641 1435 1828 1493 gemmis

357 1505 583 1546 auctorem
605 1502 653 1544 in
672 1502 837 1545 Polior.
859 1517 899 1544 v.
924 1515 949 1559 3
971 1501 1142 1547 habuit.

417 1571 712 1614 HILDEBERTI
733 1570 925 1628 episcopi
946 1569 1294 1614 Cenomanensis
1314 1571 1432 1614 inter
1450 1586 1585 1629 opera
1604 1572 1728 1629 typis
1748 1573 1827 1615 im-

359 1655 511 1698 pressa
531 1642 713 1683 exstant
727 1639 934 1683 uersiculi
950 1639 1005 1682 de
1025 1654 1174 1683 sacrae
1190 1639 1447 1697 Scripturae
1462 1641 1829 1699 interpretatione

359 1709 528 1760 morali,
559 1723 747 1766 quorum
778 1709 974 1766 quinque
1001 1708 1113 1752 citat
1141 1709 1188 1751 in
1217 1708 1381 1753 Polior.
1409 1710 1502 1754 viii.
1536 1724 1586 1756 21
1615 1710 1828 1763 Ioannes;

358 1782 507 1822 tamen
529 1793 588 1821 an
618 1778 758 1835 ipsius
788 1792 892 1821 uere
920 1778 1023 1831 sint,
1043 1778 1228 1821 dubium
1261 1781 1342 1822 est.
1402 1779 1514 1822 Vide
1539 1779 1588 1822 in
1611 1794 1828 1823 commen·

358 1849 475 1891 tario
496 1851 648 1891 nostro
669 1847 726 1890 ad
746 1847 825 1891 loc.
846 1850 892 1891 et
911 1847 959 1890 in
979 1847 1219 1904 appendice
1238 1846 1275 1893 Ι.

417 1918 663 1960 BERNARDI
709 1916 978 1959 S1Lvsss'rn1s
1027 1917 1340 1960 Gommntum
1389 1931 1525 1974 super
1571 1931 1646 1962 sex
1693 1917 1829 1963 libros

360 1987 595 2039 Aeneidos,
615 2000 745 2043 quem
767 1986 967 2029 continet
985 1986 1124 2029 codex
1143 1986 1190 2028 in
1213 1986 1325 2028 Bibl.
1349 1986 1454 2029 Nat.
1479 1986 1658 2030 Parisiis
1679 2002 1828 2031 serua-

358 2060 445 2107 tus,
465 2056 667 2113 sequitur
694 2054 883 2098 Ioannes
906 2055 952 2097 in
972 2054 1138 2099 Polior.
1163 2054 1254 2098 viii.
1278 2068 1360 2108 24;
1389 2054 1491 2098 uide
1515 2070 1669 2102 comm.
1691 2060 1826 2101 nostr.

357 2125 416 2168 ad
443 2125 520 2168 loc.
591 2125 646 2167 In
671 2123 838 2167 Polior.
865 2124 927 2167 iii.
955 2124 979 2165 8
1007 2123 1119 2167 citat
1144 2123 1358 2180 temporis
1387 2124 1535 2168 'nostri
1562 2125 1827 2182 scriptorem

357 2194 601 2252 eyreqium,
631 2207 761 2250 quem
788 2193 946 2236 asserit
972 2193 1153 2250 quidam
1181 2192 1228 2235 in
1255 2193 1454 2250 margine
1483 2194 1645 2237 codicis
1677 2194 1827 2238 Ponti·

358 2264 474 2307 niaci
503 2262 776 2306 Bel-nardum
802 2261 1062 2305 Siluestrem
1094 2276 1198 2308 esee.
1260 2262 1535 2305 Bernardum
1565 2263 1826 2307 Siluestrem

358 2332 559 2376 nonnulli
610 2333 813 2374 asserunt
856 2331 1043 2374 eundem
1085 2345 1178 2374 esse
1216 2335 1351 2388 atque
1392 2331 1668 2375 Bernardum
1718 2332 1827 2376 Car-

357 2405 598 2451 notensem,
626 2400 680 2443 de
711 2414 799 2457 quo
829 2400 980 2456 agitur
1015 2400 1061 2443 in
1091 2399 1257 2444 Polior.
1279 2399 1323 2443 ii.
1349 2412 1415 2451 22,
1436 2400 1512 2444 vii.
1539 2415 1604 2459 13,
1624 2401 1826 2459 Metaloy.

358 2471 387 2515 i.
419 2481 460 2527 5,
496 2484 559 2520 11,
593 2482 658 2521 24,
688 2469 733 2512 ii.
770 2479 832 2524 17,
864 2469 922 2511 iv.
951 2478 1031 2526 353
1081 2471 1216 2526 negat
1255 2468 1308 2512 A.
1342 2468 1533 2522 Clerval,
1569 2470 1649 2513 Les
1679 2462 1828 2515 Ecoles

356 2539 411 2584 de
441 2539 651 2583 Chartres
679 2552 746 2581 au
773 2537 931 2594 Moyen
963 2538 1071 2594 Aye,
1091 2551 1163 2594 pp.
1191 2538 1271 2591 158
1294 2551 1425 2594 seqq..
1445 2538 1521 2595 qui
1551 2538 1825 2582 Bernardum

358 2607 676 2654 Carnotensem
707 2611 812 2650 ante
846 2621 883 2651 a.
917 2620 1029 2663 1130
1064 2610 1250 2649 mortem
1286 2605 1445 2649 obiisse
1476 2621 1532 2650 ex
1564 2607 1827 2666 Necrologio

358 2676 622 2724 carnotensi
654 2675 989 2719 demonstrauit.
1053 2675 1326 2718 Bomardum
1361 2678 1510 2719 autem
1552 2676 1827 2729 Simeonem,

357 2760 500 2805 quem,
521 2745 606 2789 nisi
639 2744 753 2788 falsa
782 2748 850 2788 est
877 2745 1108 2789 adnotatio
1138 2744 1193 2788 de
1214 2758 1302 2801 qua
1328 2758 1464 2801 supra
1483 2744 1591 2798 dixi,
1613 2748 1825 2804 tanquam

357 2815 569 2874 temporis
612 2814 681 2859 eui
726 2813 984 2872 scriptorem
1027 2814 1187 2859 citauit
1227 2812 1428 2866 Ioannes,
1471 2814 1588 2860 circa
1627 2829 1664 2860 a.
1704 2826 1826 2873 1145,

475 2884 557 2928 xlii
