1994 3190
216 162 291 213 418
302 168 341 201 va
685 153 945 199 IOANNIS
972 148 1498 197 ‘SARESBERIENSIS
1653 146 1822 209 [mn-11

354 276 638 335 impendente
664 275 923 318 maculosus.
982 273 1073 315 Aer
1091 286 1197 314 uero
1223 273 1270 314 et
1292 284 1413 312 mare
1440 269 1586 326 ipsum
1612 269 1821 312 nubium-

354 362 439 404 que
460 345 721 402 magnitudo
741 344 813 387 uel
834 343 998 402 species
1017 342 1258 399 plurimum
1285 339 1478 382 afferunt
1506 338 1822 382 instructionis·

357 416 446 459 Sed
466 418 512 458 et
538 429 644 457 aues
673 416 719 457 et
741 413 881 470 pisces
912 411 1167 454 futurorum
1191 408 1435 452 certissima
1458 407 1669 464 produnt.
1683 407 1824 464 signa,

357 499 470 542 quae
497 483 714 540 Virgilius
740 485 786 525 et
815 482 1019 524 Lucanus
1048 479 1201 522 diuino
1230 477 1607 534 comprehendunt
1633 475 1830 534 ingenio,·

357 554 434 596 sed
473 555 519 596 et
550 553 692 595 Varro
731 551 779 593 in
813 550 940 593 libris
979 548 1226 599 naualibus,
1261 547 1368 589 dum
1408 545 1600 589 solicitos
1638 544 1824 588 instruit
1842 562 1861 596 5

358 625 532 665 nautas.

359 763 465 821 Cap.
487 778 525 821 3.
556 763 809 819 Siynorum
829 761 930 804 alia
950 774 1035 803 esse
1054 756 1362 809 uniuersalia,
1377 756 1477 800 alia
1487 755 1824 813 particularia:

676 836 714 875 et
734 831 849 888 quid
868 829 1084 886 siynificet
1103 826 1354 884 yemi‘natio
1383 826 1498 870 solie.

418 930 542 983 Quae
562 943 669 972 uero
689 929 736 970 in
757 927 847 971 sole
867 930 913 970 et
932 926 1039 968 luna
1064 924 1304 968 secundum
1333 927 1541 967 naturam
1569 923 1696 981 signa
1722 938 1823 967 con·

359 999 557 1057 tigerint,
576 998 821 1042 certissima
845 999 950 1039 sunt
977 998 1022 1038 et
1046 997 1275 1037 auctorum
1299 993 1542 1036 multorum
1568 993 1823 1036 testimonio
1842 1015 1884 1040 10

359 1068 654 1125 comprobata.
714 1066 860 1110 Solem
881 1065 980 1122 quis
1000 1064 1143 1106 dicere
1170 1062 1333 1106 falsum
1357 1062 1549 1105 audeat?
1609 1062 1824 1116 Quotiens

360 1153 465 1196 ergo
485 1137 550 1180 sol
570 1137 618 1179 in
638 1136 730 1180 celo
756 1134 972 1193 geminari
992 1133 1231 1184 uidebitur,
1251 1132 1587 1175 inundationem
1607 1146 1824 1188 aquarum

312 1213 342 1251 b
361 1207 584 1251 subiectus
609 1205 728 1249 orbis
752 1206 965 1261 expectet.
1026 1203 1085 1245 Et
1111 1202 1214 1245 licet
1244 1216 1271 1244 a
1294 1201 1477 1244 raritate
1504 1201 1573 1244 sui
1600 1201 1825 1244 miraculis

361 1277 570 1320 uideatur
607 1275 822 1324 accedere,
852 1288 962 1331 opus
996 1275 1146 1315 tamen
1175 1275 1362 1314 naturae
1393 1273 1471 1321 est,
1503 1285 1615 1327 quae
1645 1271 1825 1328 quidem

360 1346 473 1389 soles
493 1360 582 1388 non
601 1344 811 1402 geminat,
831 1343 907 1386 sed
927 1342 1090 1384 nubem
1116 1341 1386 1384 simillimam
1413 1340 1533 1390 facit,
1554 1343 1824 1397 uocaturque
1844 1363 1884 1398 15

360 1415 571 1473 parelion.
633 1413 713 1456 Est
743 1412 860 1455 enim
887 1411 1085 1469 parelion
1114 1410 1253 1453 nubes
1282 1409 1507 1452 simillima
1534 1409 1627 1460 soli,
1647 1410 1825 1467 signum

360 1485 539 1542 quidem
585 1497 815 1526 commune
853 1481 1006 1524 multis
1045 1480 1128 1523 etsi
1168 1494 1257 1523 non
1296 1479 1509 1537 generale.
1585 1479 1826 1537 Signorum

361 1553 578 1610 siquidem
618 1552 707 1595 alia
746 1550 1043 1608 particularia,
1074 1549 1163 1592 alia
1200 1548 1470 1592 uniuersalia
1508 1552 1624 1592 sunt.
1684 1549 1826 1592 Parti-

360 1622 530 1666 cularia
549 1636 655 1664 uero
675 1620 847 1664 faciunt
866 1619 1067 1676 singulis,
1087 1617 1357 1660 uniuersalia
1376 1617 1529 1661 multis
1548 1621 1628 1661 aut
1648 1618 1826 1661 uniuer—

361 1692 433 1735 sis.
493 1691 694 1748 Vtraque
722 1693 872 1732 autem
899 1688 1029 1731 modo
1056 1702 1111 1730 ex
1141 1687 1345 1731 clementi
1375 1686 1662 1744 dispositione
1692 1686 1825 1731 Orea·
1846 1709 1888 1733 ιο

361 1761 471 1804 toris
503 1760 633 1803 modo
668 1774 724 1802 ex
759 1761 921 1801 natura
956 1771 1102 1800 rerum
1135 1756 1264 1799 modo
1298 1771 1355 1799 ex
1387 1756 1558 1799 malitia
1587 1756 1826 1800 demonum

362 1830 562 1873 homines
622 1828 813 1872 Domino
865 1826 1151 1884 permittente
1209 1825 1533 1869 ludificantium
1593 1826 1828 1883 prouenire

362 1900 583 1943 dicuntur.
643 1898 730 1940 Sed
752 1911 864 1954 quae
884 1900 930 1939 et
953 1895 1170 1952 quomodo
1200 1910 1343 1951 quaue
1370 1894 1423 1937 de
1453 1909 1585 1938 causa
1614 1895 1827 1939 iudicium

363 1968 540 2026 quidem
566 1966 742 2010 difficile
767 1969 834 2009 est
863 1969 909 2008 et
933 1965 1188 2022 frequenter
1214 1965 1430 2007 incertum
1461 1967 1507 2007 et
1532 1979 1661 2021 saepe
1691 1964 1827 2008 altius

362 2052 496 2094 quam
524 2040 576 2079 ut
596 2036 653 2078 ab
674 2035 850 2077 homine
878 2034 1027 2077 ualeat
1056 2034 1265 2091 expediri.
1327 2033 1402 2076 Eis
1431 2036 1581 2076 tamen
1608 2034 1825 2077 licentiori
1847 2055 1887 2089 ²5

363 2107 563 2151 uanitate
583 2104 994 2148 mathematicorum
1017 2103 1169 2146 referti
1190 2107 1295 2147 sunt
1315 2103 1427 2146 libri.
1489 2102 1642 2154 Eneas,

322 2211 347 2241 ς
479 2190 621 2229 matre
651 2186 734 2228 dea
763 2188 1040 2228 monstrante
1070 2185 1202 2234 uiam,
1232 2184 1339 2227 data
1368 2183 1465 2227 fata
1494 2187 1693 2227 secutum

367 2306 404 2333 ιι
434 2295 559 2332 dicere
576 2294 715 2331 salsum
733 2293 816 2340 quis
833 2293 866 2328 A
1011 2294 1052 2331 16
1078 2292 1222 2330 etenim
1240 2291 1300 2329 CB
1446 2294 1487 2330 18
1512 2295 1601 2330 sunt
1618 2306 1685 2331 om.
1703 2293 1742 2329 M

415 2404 427 2430 ι
457 2394 677 2428 maculosus:
704 2404 733 2428 ν.
760 2391 873 2438 Verg.
903 2392 1026 2437 Geory.
1052 2390 1075 2428 i.
1103 2402 1176 2437 440
1194 2402 1296 2438 seqq.
1524 2403 1547 2437 4
1573 2397 1605 2429 et
1629 2394 1828 2430 Lucanus:

363 2452 440 2478 non
459 2440 572 2476 habet
592 2438 780 2485 vegetius.
874 2449 909 2475 Ιι
939 2440 1053 2475 Solem
1071 2441 1165 2475 eto:
1194 2439 1303 2499 Vei-g.
1325 2440 1449 2494 Geor-gy.
1467 2439 1490 2475 i.
1510 2441 1591 2485 463,
1611 2442 1695 2486 464.
1787 2451 1829 2478 12

367 2489 578 2524 Geminam
604 2487 649 2523 de
666 2486 805 2523 solibus
829 2485 1034 2532 geminatis
1052 2486 1099 2523 cf.
1124 2486 1218 2534 Aug.
1244 2488 1312 2533 Ep.
1341 2498 1447 2523 cxcix
1473 2490 1521 2523 ad
1545 2489 1763 2534 Heeychn‘um
1787 2490 1831 2525 de

355 2539 437 2582 fine
449 2536 582 2571 naeculi
599 2546 629 2571 c.
647 2544 688 2570 ιο
703 2533 769 2575 (Mi
827 2544 846 2569 c
866 2535 904 2570 Ρ.
917 2535 958 2570 L.
978 2534 1107 2570 xxxiii.
1125 2536 1222 2580 917),
1241 2533 1325 2570 Sen.
1339 2536 1383 2571 N.
1399 2536 1436 2579 Q.
1451 2533 1476 2571 i.
1493 2545 1544 2571 11.
1558 2545 1590 2571 2.
1668 2538 1831 2583 16par0·

364 2586 459 2637 lion3
486 2583 708 2636 ‘¹99⁰'1‘¹¹'¹'⁸·
723 2546 868 2636 offan.
886 2582 931 2618 Ν.
947 2581 1021 2626 αἱ.
1041 2592 1090 2618 11.
1109 2591 1140 2617 2.
1243 2591 1283 2664 ιζ
1308 2584 1349 2617 Si
1372 2594 1500 2618 nor-um
1513 2584 1586 2619 etc.
1603 2595 1612 2621 ε
1639 2583 1830 2627 Quaedam

364 2631 411 2667 de
428 2641 545 2676 ngnn
562 2628 830 2665 umvenmlubu·
844 2631 882 2665 ct
904 2628 1195 2674 particularibus
1208 2629 1259 2665 ha
1285 2631 1324 2665 et
1369 2629 1462 2675 ydus
1479 2631 1522 2665 de
1537 2633 1700 2676 Ostenta),
1713 2643 1829 2678 quem

365 2677 501 2714 librum
522 2679 648 2713 himen
692 2676 806 2723 uippc
824 2675 1007 2712 Graccum
1028 2676 1151 2723 legere
1167 2676 1265 2712 haud
1282 2676 1408 2723 potuit
1425 2676 1578 2721 Nosterg
1604 2678 1652 2715 cf.
1671 2690 1766 2724 quae
1783 2679 1829 2715 de

365 2724 522 2762 nomnii·
540 2724 655 2760 habet
718 2723 842 2760 acrob.
863 2726 993 2759 Comm.
1017 2726 1056 2759 in
1080 2727 1199 2760 somn.
1218 2726 1311 2770 Scip.
1330 2723 1354 2760 i.
1371 2734 1403 2769 3,
1423 2736 1446 2761 u.
1463 2724 1607 2762 Ioanne
1630 2724 1710 2773 ipso
1729 2725 1832 2763 infra

365 2784 447 2821 cap.
465 2782 477 2810 ι
485 2781 503 2819 5
523 2771 653 2809 citata.
752 2780 796 2816 ²7
823 2776 935 2807 maere
952 2773 1040 2808 cta:
1059 2771 1167 2818 Verg.
1182 2774 1271 2808 Aen.
1288 2770 1311 2808 i.
1325 2774 1415 2818 3823
1434 2771 1505 2809 hoc
1518 2772 1564 2810 de
1579 2772 1752 2811 Lucifero
1765 2772 1789 2810 i.
1797 2783 1830 2812 e.

477 2851 520 2887 70
