1994 3190
131 209 232 245 oAP.
245 195 350 259 mv]
640 193 1078 240 POLICRATICVS
1615 191 1699 242 428
1717 202 1750 233 a

153 379 258 439 Cap.
283 393 348 437 13.
394 376 517 435 Quia
545 376 666 420 Deus
693 374 839 431 siy‘m's
868 388 1003 418 mam
1026 374 1331 431 praemunire
1358 373 1589 431 dignatur

732 447 1003 487 creaturam.

190 539 287 583 Hoc
327 552 499 596 quoque
539 537 718 580 diuinae
757 534 1053 578 miserationis
1093 536 1172 584 est,
1211 534 1329 590 quod
1371 534 1599 592 signorum

132 622 311 652 suorum
331 606 494 650 indicio
513 605 812 663 ignorantiam
832 606 1030 646 nostram
1051 602 1315 659 quandoque
1335 604 1598 660 praemunit.
1615 606 1645 645 b

95 699 115 735 5
133 677 318 722 Cometa
346 676 564 733 siquidem
598 676 840 732 apparente
874 672 1118 717 creduntur
1151 672 1381 715 imminere
1410 673 1602 717 comitia.

133 746 207 790 An
227 746 404 804 ignoras

422 819 553 863 terris
582 820 832 861 mutantem
862 830 1000 874 regna
1028 817 1275 859 cometem?

135 924 293 968 Italiae
323 938 495 981 quoque
525 922 784 965 imminente
815 920 997 970 excidio,
1026 934 1138 976 quae
1169 919 1297 976 signa
1325 919 1605 976 contigerint,

136 1009 226 1037 non
246 993 386 1037 nescit
405 992 603 1050 quisquis
623 991 904 1047 aliquatenus
924 1004 1072 1033 rerum
1098 989 1376 1046 publicarum
1397 988 1606 1031 historias

80 1081 122 1106 10
138 1063 303 1120 attigit.
362 1061 685 1105 Historicorum
721 1059 960 1109 uolumina,
991 1073 1104 1115 quae
1139 1058 1194 1101 de
1230 1058 1361 1100 rebus
1392 1072 1606 1101 memora-

138 1132 300 1176 bilibus
329 1132 593 1181 scribuntur,
614 1129 828 1188 prodigiis
857 1128 989 1186 plena
1013 1130 1119 1170 sunt
1143 1130 1188 1170 et
1214 1128 1411 1171 ostentis.
1472 1127 1606 1170 Deni-

139 1216 223 1259 que
263 1201 345 1245 sub
385 1200 534 1257 Helya
573 1203 618 1243 et
654 1198 832 1242 Heliseo
867 1198 1010 1240 multa
1044 1197 1148 1240 fidei
1184 1199 1229 1239 et
1259 1197 1444 1240 uirtutis
1478 1197 1607 1254 signa

137 1270 420 1329 praecessisse
459 1284 548 1312 non
594 1268 794 1326 ambigis.
873 1267 1106 1310 Niniuitae
1155 1281 1329 1323 quoque
1378 1266 1606 1324 signorum

137 1340 312 1384 indiciis
341 1339 633 1397 penitentiam
664 1339 851 1396 egerunt
880 1337 926 1379 in
962 1336 1290 1394 praedieatione
1325 1335 1472 1379 Ionae.
1532 1335 1606 1377 In-

83 1425 121 1462 15
138 1409 327 1453 fidelitas
362 1423 552 1465 namque
592 1408 819 1465 signorum
859 1405 1135 1464 argumentis
1174 1405 1373 1462 erigitur,
1414 1407 1459 1448 et
1498 1404 1608 1447 fides

94 1510 96 1513 ψ
137 1480 290 1522 tenera
309 1478 472 1522 eisdem
494 1477 740 1521 roboratur.
789 1476 916 1518 Vnde
937 1475 1071 1518 illud:
1103 1474 1232 1528 Quod
1257 1475 1434 1532 signum
1462 1477 1606 1517 osten·
1626 1486 1652 1516 c

139 1547 208 1592 dis
227 1548 384 1591 nobis?
415 1550 482 1591 et:
508 1547 635 1590 Iudei
657 1547 785 1605 signa
806 1547 1037 1603 quaerunt,
1058 1544 1187 1588 Greci
1208 1544 1486 1602 sapientiam.

371 1700 477 1759 Cap.
511 1715 576 1755 14.
636 1700 760 1755 Quid
790 1700 989 1757 siquam,
1019 1702 1058 1742 et
1087 1699 1141 1742 de
1170 1712 1370 1756 sompno.

201 1798 288 1843 Hic
311 1813 417 1842 uero
443 1798 758 1856 intelliguntur
781 1797 921 1854 signa,
942 1809 1242 1853 quaecumque
1270 1795 1428 1852 quouis
1448 1795 1611 1838 indicio

86 1880 129 1906 ²0
144 1868 342 1912 diuinam
381 1868 549 1911 homini
589 1868 784 1910 innuunt
823 1866 1113 1909 uoluntatem.
1173 1865 1362 1922 Signum
1393 1865 1611 1922 siquidem

144 1940 222 1988 est,
263 1937 379 1994 quod
418 1937 610 1994 seipsum
649 1935 809 1985 sensui,
850 1937 895 1978 et
934 1936 1111 1992 praeter
1154 1948 1200 1977 se
1246 1934 1416 1990 aliquid
1463 1934 1611 1976 animo

144 2007 348 2050 ostendit.
406 2006 633 2060 Quaedam
660 2007 811 2048 tamen
838 2004 966 2061 signa
992 2006 1108 2054 sunt,
1130 2018 1243 2060 quae
1270 2003 1382 2046 nulli
1409 2018 1611 2060 corpora-

144 2075 254 2119 lium
284 2091 490 2119 sensuum
521 2075 688 2132 aliquid
723 2074 975 2124 ostendunt,
1006 2073 1083 2116 sed
1117 2073 1264 2116 animo
1299 2073 1613 2128 cuiuscumque

147 2144 212 2188 rei
246 2145 387 2202 specie
421 2145 644 2188 mediante
679 2146 759 2186 aut
797 2143 910 2186 citra
941 2142 1075 2185 medii
1110 2142 1415 2184 difficultatem
1456 2156 1613 2183 uerum

89 2225 132 2260 25
149 2213 366 2257 falsumne
404 2213 659 2271 frequenter
697 2213 919 2270 ingerunt.
999 2212 1139 2269 Signa
1178 2212 1342 2254 etenim
1388 2210 1613 2253 interdum

147 2298 264 2334 uera,
283 2283 506 2326 interdum
537 2282 651 2326 falsa
680 2285 795 2325 sunt.
856 2281 966 2335 Quis
995 2281 1136 2324 nescit
1165 2281 1435 2324 somniorum
1465 2279 1614 2321 uarias

148 2367 240 2396 esse
279 2353 631 2409 significationes,
672 2343 781 2408 quas
821 2354 867 2394 et
905 2365 1013 2394 usus
1053 2351 1271 2408 approbat
1311 2353 1356 2393 et
1395 2350 1613 2391 maiorum

148 2422 377 2464 confirmat
406 2422 674 2467 auctoritas?
743 2421 799 2463 In
819 2421 882 2463 eis
901 2420 1055 2477 utique
1077 2420 1286 2477 quoniam
1306 2434 1516 2476 sompnus
1538 2422 1615 2468 est,
1633 2422 1661 2462 d

154 2543 170 2570 1
197 2533 378 2580 dignatur
394 2534 611 2580 premunire
628 2534 661 2570 A
842 2546 865 2579 4
890 2536 1068 2580 premunt
1086 2533 1134 2569 A²
1300 2544 1323 2580 9
1347 2532 1535 2579 hystorias
1553 2533 1614 2570 M:

150 2580 335 2617 hostorias
352 2581 376 2616 S
544 2593 587 2618 10
611 2581 898 2627 Hystoricorum
915 2582 955 2616 M
1135 2592 1177 2618 12
1202 2581 1353 2626 helyseo
1371 2581 1401 2616 B
1575 2582 1615 2616 18

151 2627 322 2674 sompnio
340 2627 394 2664 M²
535 2630 581 2666 26
605 2629 862 2676 sompniorum
878 2629 952 2665 AM
1095 2630 1140 2665 28
1165 2640 1317 2665 somnus
1336 2627 1360 2664 S

202 2739 222 2774 7
248 2733 356 2766 terris
371 2732 463 2766 ete.:
487 2730 625 2767 Lucan.
643 2733 771 2766 Phars.
787 2730 812 2768 i.
830 2739 907 2777 529.
1006 2732 1048 2767 16
1076 2732 1177 2774 Quod
1192 2733 1337 2775 siynum
1354 2732 1450 2766 etc.:
1478 2730 1612 2765 Ioann.

155 2776 196 2812 ii.
218 2779 268 2814 18.
378 2787 417 2822 17
443 2779 548 2813 Iudei
563 2781 658 2815 etc.:
693 2789 706 2814 1
728 2777 807 2814 Cor.
827 2778 851 2813 i.
871 2789 926 2823 32.
1025 2789 1072 2814 20
1095 2780 1248 2823 Siynum
1266 2783 1315 2814 est
1332 2779 1424 2814 etc.:
1451 2778 1615 2813 Pseudo-

154 2825 250 2870 Aug.
270 2825 476 2869 Dialectica,
495 2836 525 2861 c.
547 2833 563 2871 5
585 2824 743 2872 (Migne‚
758 2827 799 2860 P.
819 2827 861 2864 L.
878 2824 992 2862 xxxii.
1015 2826 1134 2872 1410),

1467 2896 1510 2938 87
