1994 3190
268 144 348 193 583
366 143 395 182 b
741 140 1001 184 IOANNIS
1041 139 1556 184 SARESBERIENSIS
1723 139 1833 202 [Lm.
1847 152 1879 184 v

411 262 459 304 in
493 275 623 304 usum
655 260 839 318 potandi
873 275 1056 304 caucum
1086 261 1284 319 ligneum
1317 263 1501 319 gereret,
1535 260 1652 304 uidit
1690 275 1877 318 puerum

411 345 547 373 manu
585 344 779 373 concaua
817 330 977 382 bibere,
1016 333 1061 374 et
1099 331 1218 373 elisit
1257 345 1358 373 eum
1397 330 1445 372 in
1493 333 1659 373 terram
1707 330 1878 374 dicens:

413 400 675 443 Nesciebam
696 400 813 456 quod
833 403 996 444 natura
1015 400 1200 443 haberet
1218 400 1435 457 poculum.
1495 399 1647 443 Nichil
1666 413 1879 456 umquam

413 469 467 512 de
507 468 644 512 animi
685 469 830 526 rigore
869 469 1050 520 remisit,
1091 469 1140 511 in
1182 470 1334 512 eodem
1368 468 1523 511 uultus
1556 471 1709 511 tenore
1743 468 1879 511 etiam

413 538 611 581 aduersis
639 538 1026 595 interpellant-ibus
1055 538 1253 596 perstitit
1284 540 1341 590 et,
1370 540 1423 581 ut
1451 538 1579 594 plene
1606 537 1879 581 Socraticum
1898 552 1917 586 5

373 622 398 652 c
415 622 575 658 nosses,
614 608 793 651 calcatis
834 608 1089 651 turbinibus
1128 607 1418 651 fortuitorum
1463 607 1661 650 aduersis
1705 621 1880 650 omnem

413 678 608 721 dolorem
628 681 674 721 et
694 678 916 721 miseriam
936 677 1149 720 uniformi
1169 677 1353 720 durauit
1371 676 1633 734 praeposito.
1693 676 1881 720 Dicebat

412 747 530 790 enim
570 747 677 790 haec
716 761 888 804 semper
925 761 953 789 a
991 746 1252 804 philosopho
1290 746 1436 789 aliena
1476 748 1523 788 et
1559 745 1772 802 impotem
1811 745 1881 788 sui

412 817 623 868 animum,
662 817 710 859 in
750 831 881 873 quem
926 816 1134 859 fortunae
1183 815 1411 872 quippiam
1460 815 1576 858 licet.
1655 814 1881 858 Virtutem

413 885 508 929 eius
536 889 583 929 et
611 886 928 929 continentiam
958 900 1076 928 mors
1106 900 1279 942 quoque
1308 884 1486 927 indicat.
1546 883 1665 926 Nam
1694 898 1794 927 cum
1823 883 1882 926 ad
1901 895 1941 920 10

413 970 599 1013 agonem
629 955 936 1012 Olimpiacum‚
962 954 1038 1012 qui
1067 969 1230 1012 magna
1270 953 1522 1010 frequentia
1560 951 1742 996 Greciae
1771 952 1881 996 cele-

412 1025 638 1076 brabatur,
658 1026 747 1068 iam
768 1040 903 1068 senex
926 1028 1130 1082 pergeret
1157 1024 1272 1067 febri
1303 1025 1350 1066 in
1380 1023 1539 1067 itinere
1569 1023 1880 1080 apprehensus,

412 1095 619 1138 accubuit
647 1094 695 1136 in
725 1094 947 1151 crepidine
977 1095 1089 1138 uiae.
1148 1094 1411 1137 Volentibus
1441 1095 1591 1136 autem
1620 1092 1773 1136 amicis
1801 1095 1882 1137 aut
1910 1138 1913 1142 ,

414 1164 462 1206 in
492 1164 740 1206 iumentum
769 1167 850 1207 aut
875 1165 923 1206 in
949 1164 1202 1207 uehiculum
1232 1163 1386 1206 tollere
1418 1177 1508 1206 non
1536 1162 1778 1220 adquieuit,
1804 1162 1882 1206 sed
1927 1218 1930 1221 .

414 1233 636 1276 transiens
658 1233 715 1275 ad
742 1233 911 1275 arboris
938 1233 1141 1276 umbram
1169 1233 1259 1276 ait:
1290 1232 1424 1275 Abite
1451 1246 1613 1289 quaeso
1642 1235 1688 1275 et
1713 1234 1881 1289 specta·
1902 1242 1941 1277 15

415 1305 512 1345 tum
548 1302 730 1360 pergite.
802 1302 924 1346 Haec
955 1317 1046 1346 nox
1081 1305 1161 1345 aut
1198 1317 1269 1345 me
1303 1302 1517 1346 uictorem
1557 1301 1773 1358 probabit
1801 1304 1882 1345 aut

415 1371 608 1424 uictum3
657 1372 695 1414 si
735 1371 904 1415 febrem
948 1371 1106 1422 uicero,
1146 1371 1202 1414 ad
1247 1386 1432 1428 agonem
1479 1371 1682 1423 ueniam;
1730 1370 1768 1413 si
1810 1385 1882 1414 me

415 1441 585 1493 uicerit,
617 1441 674 1483 ad
710 1440 886 1484 inferna
927 1441 1197 1484 descendam.
1268 1441 1427 1498 Ibique
1458 1455 1538 1498 per
1567 1443 1741 1484 noctem
1775 1440 1883 1484 eliso

417 1514 612 1567 gutture,
627 1524 715 1552 non
736 1513 830 1553 tam
850 1510 962 1553 mori
983 1525 1029 1553 se
1049 1510 1114 1552 ait
1134 1524 1267 1567 quam
1287 1509 1456 1553 febrem
1476 1513 1618 1553 morte
1638 1509 1880 1554 excludere.

372 1582 402 1622 d
419 1579 639 1636 Deceptus
657 1579 863 1636 opinione
882 1580 1079 1623 uirorum
1100 1579 1285 1622 fortium
1305 1582 1351 1623 et
1369 1579 1571 1637 exemplo
1589 1579 1637 1622 in
1657 1581 1881 1622 extremae
1900 1593 1944 1620 ao

417 1649 691 1692 difficultatis
721 1648 919 1699 articulo,
949 1663 1005 1692 ne
1036 1649 1215 1692 aliunde
1244 1649 1488 1692 inferretur
1520 1651 1708 1692 mortem
1742 1648 1881 1692 ultro-

415 1733 544 1761 neam
571 1717 760 1760 credidit
791 1718 1096 1775 appetendam.
1157 1718 1463 1762 Praeiudicata
1489 1718 1707 1775 siquidem
1733 1717 1883 1776 opinio

415 1787 759 1845 sapientioribus
785 1791 1066 1844 persuaserat
1092 1787 1139 1830 in
1169 1802 1398 1830 commune
1426 1790 1478 1831 ut
1507 1790 1693 1831 mortem
1724 1802 1882 1845 prouo-

414 1872 514 1900 care
554 1856 738 1899 mallent
782 1871 915 1913 quam
955 1860 1086 1914 turpe
1125 1856 1295 1914 aliquid
1334 1858 1566 1902 sustinere.
1638 1857 1762 1902 Fecit
1800 1857 1883 1901 hoc

415 1926 540 1977 Cato,
580 1926 782 1970 fecerunt
821 1929 866 1969 et
901 1926 989 1977 alii,
1029 1926 1105 1983 qui
1145 1926 1314 1969 ferrum
1358 1930 1438 1970 aut
1475 1927 1665 1971 cicutam
1703 1926 1883 1970 aliudue
1901 1941 1942 1975 πε

414 1997 611 2040 toxicum
652 1998 1021 2052 praeoccupantes
1060 2010 1234 2038 omnem
1275 1999 1321 2039 et
1359 1996 1497 2039 solam
1536 1997 1606 2054 (ut
1645 1994 1883 2054 putabant)

414 2065 708 2123 turpitudinis
748 2064 1019 2121 effugiebant
1058 2068 1220 2108 notam.
1282 2065 1496 2108 Veritatis
1530 2080 1720 2123 namque
1759 2065 1883 2123 igno—

414 2136 563 2179 rantia
596 2135 659 2179 eis
698 2134 968 2192 patrocinari
1004 2134 1209 2187 uidetur;
1250 2135 1326 2178 sed
1362 2150 1508 2178 crassa
1542 2138 1610 2179 est
1645 2139 1690 2179 et
1724 2134 1885 2192 supina

414 2259 435 2295 7
462 2250 654 2298 proposito
674 2249 779 2286 B¹AS
926 2259 963 2286 11
993 2248 1213 2297 olimpicum
1231 2249 1331 2287 ASM

462 2372 483 2407 3
509 2363 632 2397 Nichv‘l
643 2372 813 2407 umquam
831 2371 873 2395 us
902 2371 947 2396 ue
965 2359 1012 2395 ad
1030 2361 1252 2405 praeposito:
1279 2358 1397 2395 Solin.
1414 2358 1439 2396 i.
1458 2358 1476 2407 ξ
1496 2368 1552 2405 73.
1660 2370 1683 2405 4
1709 2361 1751 2396 in
1767 2361 1886 2397 eodem

415 2420 530 2454 nsque
547 2409 594 2444 ad
606 2410 766 2455 per-etim
781 2420 788 2443 :
815 2408 860 2443 dc
906 2410 1032 2443 ocrate
1050 2407 1166 2443 habet
1184 2406 1345 2444 Solinus.
1467 2416 1488 2452 7
1514 2408 1661 2443 Dicebat
1678 2410 1751 2444 etc.
1768 2419 1776 2443 ε
1803 2407 1884 2445 Hoc

414 2455 596 2502 Diogenis
629 2455 783 2497 dictum,
810 2454 909 2500 quod
939 2455 1039 2500 apud
1073 2454 1250 2500 antiquos
1284 2466 1358 2490 non
1396 2454 1560 2501 repperi,
1587 2465 1631 2491 ex
1661 2454 1810 2498 Nostro,
1842 2457 1886 2491 ut

413 2503 572 2545 videtur.
582 2502 706 2539 citant
720 2502 909 2539 Waltcrus
929 2501 1066 2547 Bur-icy
1079 2503 1131 2537 De.
1149 2504 1228 2537 Vita
1246 2507 1277 2537 et
1295 2504 1458 2538 Moribus
1474 2503 1771 2549 Philosophorum
1789 2513 1820 2539 c.
1841 2510 1888 2549 50

415 2551 489 2590 (cd.
507 2550 636 2587 Colon.
659 2559 746 2595 1472
771 2561 806 2596 p.
831 2551 892 2594 40)
912 2551 951 2585 et
978 2549 1136 2586 loannes
1154 2548 1341 2585 walensis
1361 2550 1624 2604 Compendiloq.
1651 2549 1707 2585 iii.
1735 2560 1768 2587 2.
1793 2561 1825 2586 c.
1850 2559 1883 2593 2,

414 2600 588 2646 Brem'loq.
606 2597 661 2634 iii.
678 2610 710 2634 c.
733 2608 744 2634 1
773 2597 846 2641 (cd.
866 2595 957 2633 Ven.
980 2606 1068 2642 ¹497
1087 2609 1149 2643 pp.
1172 2599 1236 2633 182
1255 2606 1288 2639 Ρ,
1310 2606 1377 2642 252
1393 2600 1454 2639 z);
1489 2597 1537 2634 cf.
1557 2596 1665 2643 Diog.
1691 2597 1813 2635 Laert.
1836 2595 1883 2632 vi.

413 2656 434 2682 2
454 2644 472 2692 ξ
490 2647 547 2691 63.
737 2655 831 2690 9—19
862 2646 1033 2679 Virtutem
1061 2655 1180 2689 usquc
1206 2644 1253 2680 ad
1280 2646 1484 2680 excludere:
1511 2643 1663 2681 Hieron.
1682 2644 1751 2681 loc.
1771 2655 1885 2690 supra

414 2692 479 2730 cit.
671 2702 728 2736 2⁴·
749 2701 790 2738 25
819 2692 916 2727 Fecit
934 2692 997 2728 hoc
1018 2694 1104 2727 Cato
1122 2694 1215 2728 cta:
1243 2691 1291 2727 cf.
1310 2703 1424 2738 supra
1440 2691 1478 2727 ii.
1497 2703 1527 2728 c.
1548 2700 1592 2736 27
1612 2695 1733 2737 (47013
1751 2691 1884 2738 seqq&

413 2740 467 2777 Dc
485 2739 643 2776 Catonis
665 2738 900 2786 aliorumque
923 2741 1045 2776 morto
1066 2738 1277 2776 voluntaria.
1302 2738 1454 2777 disserit
1479 2739 1575 2786 Aug.
1603 2741 1645 2775 de
1672 2741 1744 2777 Cio.
1772 2740 1842 2776 Dei
1858 2737 1883 2775 i.

412 2798 479 2834 233
508 2788 554 2824 cs.
575 2787 648 2823 xix.
667 2798 699 2832 4.

520 2858 587 2902 360
