<?xml version="1.0" encoding="UTF-8"?>
<!DOCTYPE html PUBLIC "-//W3C//DTD XHTML 1.0 Transitional//EN"
    "http://www.w3.org/TR/xhtml1/DTD/xhtml1-transitional.dtd">
<html xmlns="http://www.w3.org/1999/xhtml" xml:lang="en" lang="en">
 <head>
  <title>
</title>
<meta http-equiv="Content-Type" content="text/html;charset=utf-8" />
  <meta name='ocr-system' content='tesseract 3.04.00' />
  <meta name='ocr-capabilities' content='ocr_page ocr_carea ocr_par ocr_line ocrx_word'/>
</head>
<body>
  <div class='ocr_page' id='page_1' title='image "./policraticisived01john_0135.png"; bbox 0 0 1994 3190; ppageno 0'>
   <div class='ocr_carea' id='block_1_1' title="bbox 149 207 1760 277">
    <p class='ocr_par' dir='ltr' id='par_1_1' title="bbox 149 207 1760 277">
     <span class='ocr_line' id='line_1_1' title="bbox 149 207 1760 277; baseline -0.009 -13"><span class='ocrx_word' id='word_1_1' title='bbox 149 229 248 264; x_wconf 74' lang='grc' dir='ltr'>οΑΡ.</span> <span class='ocrx_word' id='word_1_2' title='bbox 262 215 354 277; x_wconf 84' lang='lat' dir='ltr'><strong>vn]</strong></span> <span class='ocrx_word' id='word_1_3' title='bbox 472 220 475 223; x_wconf 87' lang='lat'>&#39;</span> <span class='ocrx_word' id='word_1_4' title='bbox 657 211 1094 260; x_wconf 85' lang='lat' dir='ltr'><strong>POLICRATIOVS</strong></span> <span class='ocrx_word' id='word_1_5' title='bbox 1469 247 1476 256; x_wconf 83' lang='grc'><strong><em>,</em></strong></span> <span class='ocrx_word' id='word_1_6' title='bbox 1629 219 1714 260; x_wconf 70' lang='lat'><strong>424</strong></span> <span class='ocrx_word' id='word_1_7' title='bbox 1731 207 1760 250; x_wconf 79' lang='lat' dir='ltr'><strong>d</strong></span> 
     </span>
    </p>
   </div>
   <div class='ocr_carea' id='block_1_2' title="bbox 84 333 1761 1570">
    <p class='ocr_par' dir='ltr' id='par_1_2' title="bbox 146 333 1616 600">
     <span class='ocr_line' id='line_1_2' title="bbox 150 333 1616 392; baseline -0.003 -11"><span class='ocrx_word' id='word_1_8' title='bbox 150 338 210 382; x_wconf 90' lang='lat' dir='ltr'><strong>Et</strong></span> <span class='ocrx_word' id='word_1_9' title='bbox 241 337 450 381; x_wconf 89' lang='lat' dir='ltr'><strong>continuo</strong></span> <span class='ocrx_word' id='word_1_10' title='bbox 489 348 602 392; x_wconf 85' lang='lat' dir='ltr'><strong>quae</strong></span> <span class='ocrx_word' id='word_1_11' title='bbox 641 333 954 391; x_wconf 64' lang='lat' dir='ltr'><strong>superfuerant</strong></span> <span class='ocrx_word' id='word_1_12' title='bbox 984 334 1182 377; x_wconf 85' lang='lat' dir='ltr'><strong>membra</strong></span> <span class='ocrx_word' id='word_1_13' title='bbox 1216 335 1390 377; x_wconf 76' lang='lat' dir='ltr'><strong>retexit·</strong></span> <span class='ocrx_word' id='word_1_14' title='bbox 1415 333 1616 377; x_wconf 88' lang='lat' dir='ltr'><strong>infantis.</strong></span> 
     </span>
     <span class='ocr_line' id='line_1_3' title="bbox 148 403 1616 462; baseline -0.002 -13"><span class='ocrx_word' id='word_1_15' title='bbox 148 407 212 450; x_wconf 90' lang='lat' dir='ltr'><strong>At</strong></span> <span class='ocrx_word' id='word_1_16' title='bbox 234 406 333 449; x_wconf 92' lang='lat' dir='ltr'><strong>illos</strong></span> <span class='ocrx_word' id='word_1_17' title='bbox 353 407 534 462; x_wconf 88' lang='lat' dir='ltr'><strong>repente</strong></span> <span class='ocrx_word' id='word_1_18' title='bbox 555 404 711 461; x_wconf 87' lang='lat' dir='ltr'><strong>ingens</strong></span> <span class='ocrx_word' id='word_1_19' title='bbox 732 404 888 446; x_wconf 88' lang='lat' dir='ltr'><strong>horror</strong></span> <span class='ocrx_word' id='word_1_20' title='bbox 914 403 1094 454; x_wconf 88' lang='lat' dir='ltr'><strong>inuasit,</strong></span> <span class='ocrx_word' id='word_1_21' title='bbox 1115 406 1160 446; x_wconf 86' lang='lat' dir='ltr'><strong>et</strong></span> <span class='ocrx_word' id='word_1_22' title='bbox 1186 404 1384 447; x_wconf 80' lang='lat' dir='ltr'><strong>crudeles</strong></span> <span class='ocrx_word' id='word_1_23' title='bbox 1412 404 1616 460; x_wconf 86' lang='lat' dir='ltr'><strong>quamuis</strong></span> 
     </span>
     <span class='ocr_line' id='line_1_4' title="bbox 146 470 1615 532; baseline -0.002 -14"><span class='ocrx_word' id='word_1_24' title='bbox 146 475 284 518; x_wconf 79' lang='lat' dir='ltr'><strong>animi</strong></span> <span class='ocrx_word' id='word_1_25' title='bbox 314 474 547 532; x_wconf 87' lang='lat' dir='ltr'><strong>diriguere.</strong></span> <span class='ocrx_word' id='word_1_26' title='bbox 606 473 707 516; x_wconf 86' lang='lat' dir='ltr'><strong>Vox</strong></span> <span class='ocrx_word' id='word_1_27' title='bbox 741 472 945 515; x_wconf 84' lang='lat' dir='ltr'><strong>faucibus</strong></span> <span class='ocrx_word' id='word_1_28' title='bbox 980 470 1219 515; x_wconf 85' lang='lat' dir='ltr'><strong>interclusa</strong></span> <span class='ocrx_word' id='word_1_29' title='bbox 1254 476 1333 516; x_wconf 88' lang='lat' dir='ltr'><strong>est.</strong></span> <span class='ocrx_word' id='word_1_30' title='bbox 1395 473 1480 515; x_wconf 91' lang='lat' dir='ltr'><strong>Illa</strong></span> <span class='ocrx_word' id='word_1_31' title='bbox 1509 487 1615 516; x_wconf 90' lang='lat' dir='ltr'><strong>uero</strong></span> 
     </span>
     <span class='ocr_line' id='line_1_5' title="bbox 146 541 1615 600; baseline -0.002 -13"><span class='ocrx_word' id='word_1_32' title='bbox 146 544 260 587; x_wconf 92' lang='lat' dir='ltr'><strong>truci</strong></span> <span class='ocrx_word' id='word_1_33' title='bbox 291 544 422 586; x_wconf 90' lang='lat' dir='ltr'><strong>uultu</strong></span> <span class='ocrx_word' id='word_1_34' title='bbox 452 545 497 586; x_wconf 85' lang='lat' dir='ltr'><strong>et</strong></span> <span class='ocrx_word' id='word_1_35' title='bbox 525 542 633 600; x_wconf 87' lang='lat' dir='ltr'><strong>ipsis</strong></span> <span class='ocrx_word' id='word_1_36' title='bbox 663 542 798 585; x_wconf 92' lang='lat' dir='ltr'><strong>etiam</strong></span> <span class='ocrx_word' id='word_1_37' title='bbox 827 541 1124 598; x_wconf 89' lang='lat' dir='ltr'><strong>praedonibus</strong></span> <span class='ocrx_word' id='word_1_38' title='bbox 1153 542 1456 591; x_wconf 76' lang='lat' dir='ltr'><strong>truculentior,</strong></span> <span class='ocrx_word' id='word_1_39' title='bbox 1478 543 1615 591; x_wconf 92' lang='lat' dir='ltr'><strong>Meus,</strong></span> 
     </span>
    </p>

    <p class='ocr_par' dir='ltr' id='par_1_3' title="bbox 107 610 1615 947">
     <span class='ocr_line' id='line_1_6' title="bbox 107 610 1614 670; baseline -0.001 -14"><span class='ocrx_word' id='word_1_40' title='bbox 107 632 128 667; x_wconf 76' lang='lat'><strong>⁶</strong></span> <span class='ocrx_word' id='word_1_41' title='bbox 147 613 304 670; x_wconf 87' lang='lat' dir='ltr'><strong>inquit,</strong></span> <span class='ocrx_word' id='word_1_42' title='bbox 324 612 396 656; x_wconf 85' lang='lat' dir='ltr'><strong>hic</strong></span> <span class='ocrx_word' id='word_1_43' title='bbox 423 612 542 655; x_wconf 84' lang='lat' dir='ltr'><strong>filius</strong></span> <span class='ocrx_word' id='word_1_44' title='bbox 569 614 646 662; x_wconf 90' lang='lat' dir='ltr'><strong>est,</strong></span> <span class='ocrx_word' id='word_1_45' title='bbox 666 625 791 654; x_wconf 90' lang='lat' dir='ltr'><strong>meus</strong></span> <span class='ocrx_word' id='word_1_46' title='bbox 818 614 885 654; x_wconf 87' lang='lat' dir='ltr'><strong>est</strong></span> <span class='ocrx_word' id='word_1_47' title='bbox 911 613 1078 668; x_wconf 88' lang='lat' dir='ltr'><strong>partus,</strong></span> <span class='ocrx_word' id='word_1_48' title='bbox 1100 613 1145 653; x_wconf 90' lang='lat' dir='ltr'><strong>et</strong></span> <span class='ocrx_word' id='word_1_49' title='bbox 1172 610 1344 653; x_wconf 85' lang='lat' dir='ltr'><strong>facinus</strong></span> <span class='ocrx_word' id='word_1_50' title='bbox 1368 626 1513 653; x_wconf 90' lang='lat' dir='ltr'><strong>meum</strong></span> <span class='ocrx_word' id='word_1_51' title='bbox 1536 614 1614 654; x_wconf 89' lang='lat' dir='ltr'><strong>est.</strong></span> 
     </span>
     <span class='ocr_line' id='line_1_7' title="bbox 147 680 1613 738; baseline -0.003 -12"><span class='ocrx_word' id='word_1_52' title='bbox 147 682 288 733; x_wconf 68' lang='lat' dir='ltr'><strong>Edita,</strong></span> <span class='ocrx_word' id='word_1_53' title='bbox 307 697 411 724; x_wconf 92' lang='lat' dir='ltr'><strong>nam</strong></span> <span class='ocrx_word' id='word_1_54' title='bbox 439 684 484 724; x_wconf 90' lang='lat' dir='ltr'><strong>et</strong></span> <span class='ocrx_word' id='word_1_55' title='bbox 511 695 592 738; x_wconf 88' lang='lat' dir='ltr'><strong>ego</strong></span> <span class='ocrx_word' id='word_1_56' title='bbox 621 681 744 738; x_wconf 90' lang='lat' dir='ltr'><strong>prior</strong></span> <span class='ocrx_word' id='word_1_57' title='bbox 772 680 951 731; x_wconf 89' lang='lat' dir='ltr'><strong>comedi,</strong></span> <span class='ocrx_word' id='word_1_58' title='bbox 976 695 1089 736; x_wconf 90' lang='lat' dir='ltr'><strong>quae</strong></span> <span class='ocrx_word' id='word_1_59' title='bbox 1115 680 1261 737; x_wconf 90' lang='lat' dir='ltr'><strong>genui.</strong></span> <span class='ocrx_word' id='word_1_60' title='bbox 1324 680 1476 723; x_wconf 85' lang='lat' dir='ltr'><strong>Nolite</strong></span> <span class='ocrx_word' id='word_1_61' title='bbox 1503 680 1613 723; x_wconf 89' lang='lat' dir='ltr'><strong>effici</strong></span> 
     </span>
     <span class='ocr_line' id='line_1_8' title="bbox 145 749 1615 807; baseline -0.003 -12"><span class='ocrx_word' id='word_1_62' title='bbox 145 754 225 795; x_wconf 88' lang='lat' dir='ltr'><strong>aut</strong></span> <span class='ocrx_word' id='word_1_63' title='bbox 253 754 394 794; x_wconf 90' lang='lat' dir='ltr'><strong>matre</strong></span> <span class='ocrx_word' id='word_1_64' title='bbox 421 750 723 807; x_wconf 84' lang='lat' dir='ltr'><strong>religiosiores,</strong></span> <span class='ocrx_word' id='word_1_65' title='bbox 743 752 824 792; x_wconf 89' lang='lat' dir='ltr'><strong>aut</strong></span> <span class='ocrx_word' id='word_1_66' title='bbox 850 749 1018 792; x_wconf 82' lang='lat' dir='ltr'><strong>femina</strong></span> <span class='ocrx_word' id='word_1_67' title='bbox 1046 749 1292 800; x_wconf 89' lang='lat' dir='ltr'><strong>molliores;</strong></span> <span class='ocrx_word' id='word_1_68' title='bbox 1323 749 1440 806; x_wconf 92' lang='lat' dir='ltr'><strong>quod</strong></span> <span class='ocrx_word' id='word_1_69' title='bbox 1467 750 1504 791; x_wconf 90' lang='lat' dir='ltr'><strong>si</strong></span> <span class='ocrx_word' id='word_1_70' title='bbox 1534 763 1615 792; x_wconf 90' lang='lat' dir='ltr'><strong>uos</strong></span> 
     </span>
     <span class='ocr_line' id='line_1_9' title="bbox 145 819 1614 879; baseline -0.003 -15"><span class='ocrx_word' id='word_1_71' title='bbox 145 821 288 879; x_wconf 88' lang='lat' dir='ltr'><strong>pietas</strong></span> <span class='ocrx_word' id='word_1_72' title='bbox 327 820 468 864; x_wconf 89' lang='lat' dir='ltr'><strong>uincit</strong></span> <span class='ocrx_word' id='word_1_73' title='bbox 507 822 553 863; x_wconf 88' lang='lat' dir='ltr'><strong>et</strong></span> <span class='ocrx_word' id='word_1_74' title='bbox 591 819 857 863; x_wconf 85' lang='lat' dir='ltr'><strong>execramini</strong></span> <span class='ocrx_word' id='word_1_75' title='bbox 907 819 1027 863; x_wconf 89' lang='lat' dir='ltr'><strong>cibos</strong></span> <span class='ocrx_word' id='word_1_76' title='bbox 1073 834 1204 876; x_wconf 73' lang='lat' dir='ltr'><strong>meos,</strong></span> <span class='ocrx_word' id='word_1_77' title='bbox 1244 833 1326 875; x_wconf 90' lang='lat' dir='ltr'><strong>ego</strong></span> <span class='ocrx_word' id='word_1_78' title='bbox 1373 833 1486 876; x_wconf 92' lang='lat' dir='ltr'><strong>quae</strong></span> <span class='ocrx_word' id='word_1_79' title='bbox 1526 819 1614 860; x_wconf 90' lang='lat' dir='ltr'><strong>iam</strong></span> 
     </span>
     <span class='ocr_line' id='line_1_10' title="bbox 145 888 1614 947; baseline -0.004 -12"><span class='ocrx_word' id='word_1_80' title='bbox 145 891 311 935; x_wconf 87' lang='lat' dir='ltr'><strong>talibus</strong></span> <span class='ocrx_word' id='word_1_81' title='bbox 340 892 467 947; x_wconf 89' lang='lat' dir='ltr'><strong>pasta</strong></span> <span class='ocrx_word' id='word_1_82' title='bbox 496 903 605 939; x_wconf 89' lang='lat' dir='ltr'><strong>sum,</strong></span> <span class='ocrx_word' id='word_1_83' title='bbox 635 903 717 946; x_wconf 89' lang='lat' dir='ltr'><strong>ego</strong></span> <span class='ocrx_word' id='word_1_84' title='bbox 747 889 817 932; x_wconf 91' lang='lat' dir='ltr'><strong>his</strong></span> <span class='ocrx_word' id='word_1_85' title='bbox 846 889 1009 932; x_wconf 91' lang='lat' dir='ltr'><strong>iterum</strong></span> <span class='ocrx_word' id='word_1_86' title='bbox 1049 903 1216 946; x_wconf 85' lang='lat' dir='ltr'><strong>pascar.</strong></span> <span class='ocrx_word' id='word_1_87' title='bbox 1279 888 1383 931; x_wconf 90' lang='lat' dir='ltr'><strong>Post</strong></span> <span class='ocrx_word' id='word_1_88' title='bbox 1412 888 1519 930; x_wconf 86' lang='lat' dir='ltr'><strong>haec</strong></span> <span class='ocrx_word' id='word_1_89' title='bbox 1550 888 1614 930; x_wconf 88' lang='lat' dir='ltr'><strong>illi</strong></span> 
     </span>
    </p>

    <p class='ocr_par' dir='ltr' id='par_1_4' title="bbox 84 957 1761 1294">
     <span class='ocr_line' id='line_1_11' title="bbox 84 957 1761 1015; baseline -0.001 -15"><span class='ocrx_word' id='word_1_90' title='bbox 84 975 132 1000; x_wconf 82' lang='lat'><strong>-10</strong></span> <span class='ocrx_word' id='word_1_91' title='bbox 147 960 293 1004; x_wconf 91' lang='lat' dir='ltr'><strong>territi</strong></span> <span class='ocrx_word' id='word_1_92' title='bbox 313 961 636 1015; x_wconf 86' lang='lat' dir='ltr'><strong>trementesque</strong></span> <span class='ocrx_word' id='word_1_93' title='bbox 656 958 900 1008; x_wconf 88' lang='lat' dir='ltr'><strong>discedunt,</strong></span> <span class='ocrx_word' id='word_1_94' title='bbox 921 958 996 1015; x_wconf 91' lang='lat' dir='ltr'><strong>qui</strong></span> <span class='ocrx_word' id='word_1_95' title='bbox 1020 958 1138 1000; x_wconf 90' lang='lat' dir='ltr'><strong>hunc</strong></span> <span class='ocrx_word' id='word_1_96' title='bbox 1165 958 1307 1000; x_wconf 88' lang='lat' dir='ltr'><strong>solum</strong></span> <span class='ocrx_word' id='word_1_97' title='bbox 1328 972 1384 1000; x_wconf 85' lang='lat' dir='ltr'><strong>ex</strong></span> <span class='ocrx_word' id='word_1_98' title='bbox 1411 957 1615 1000; x_wconf 90' lang='lat' dir='ltr'><strong>omnibus</strong></span> <span class='ocrx_word' id='word_1_99' title='bbox 1629 967 1712 1010; x_wconf 77' lang='lat'><strong>425</strong></span> <span class='ocrx_word' id='word_1_100' title='bbox 1731 971 1761 1000; x_wconf 87' lang='lat' dir='ltr'><strong>a</strong></span> 
     </span>
     <span class='ocr_line' id='line_1_12' title="bbox 149 1027 1616 1084; baseline -0.001 -12"><span class='ocrx_word' id='word_1_101' title='bbox 149 1029 435 1074; x_wconf 83' lang='lat' dir='ltr'><strong>facultatibus</strong></span> <span class='ocrx_word' id='word_1_102' title='bbox 455 1029 546 1072; x_wconf 84' lang='lat' dir='ltr'><strong>suis</strong></span> <span class='ocrx_word' id='word_1_103' title='bbox 566 1028 751 1071; x_wconf 80' lang='lat' dir='ltr'><strong>miserae</strong></span> <span class='ocrx_word' id='word_1_104' title='bbox 772 1028 905 1070; x_wconf 89' lang='lat' dir='ltr'><strong>matri</strong></span> <span class='ocrx_word' id='word_1_105' title='bbox 927 1028 1198 1084; x_wconf 70' lang='lat' dir='ltr'><strong>reliquerant</strong></span> <span class='ocrx_word' id='word_1_106' title='bbox 1219 1028 1379 1071; x_wconf 89' lang='lat' dir='ltr'><strong>cibum.</strong></span> <span class='ocrx_word' id='word_1_107' title='bbox 1429 1027 1616 1084; x_wconf 87' lang='lat' dir='ltr'><strong>Repleta</strong></span> 
     </span>
     <span class='ocr_line' id='line_1_13' title="bbox 146 1097 1616 1147; baseline -0.003 -4"><span class='ocrx_word' id='word_1_108' title='bbox 146 1102 215 1144; x_wconf 87' lang='lat' dir='ltr'><strong>est</strong></span> <span class='ocrx_word' id='word_1_109' title='bbox 233 1101 382 1143; x_wconf 86' lang='lat' dir='ltr'><strong>autem</strong></span> <span class='ocrx_word' id='word_1_110' title='bbox 401 1098 634 1142; x_wconf 72' lang='lat' dir='ltr'><strong>confestim</strong></span> <span class='ocrx_word' id='word_1_111' title='bbox 654 1098 864 1140; x_wconf 89' lang='lat' dir='ltr'><strong>uniuersa</strong></span> <span class='ocrx_word' id='word_1_112' title='bbox 882 1098 1042 1141; x_wconf 87' lang='lat' dir='ltr'><strong>ciuitas</strong></span> <span class='ocrx_word' id='word_1_113' title='bbox 1062 1097 1223 1140; x_wconf 82' lang='lat' dir='ltr'><strong>nefarii</strong></span> <span class='ocrx_word' id='word_1_114' title='bbox 1250 1097 1426 1141; x_wconf 86' lang='lat' dir='ltr'><strong>sceleris</strong></span> <span class='ocrx_word' id='word_1_115' title='bbox 1445 1097 1616 1147; x_wconf 88' lang='lat' dir='ltr'><strong>nuntio,</strong></span> 
     </span>
     <span class='ocr_line' id='line_1_14' title="bbox 147 1166 1615 1225; baseline -0.002 -13"><span class='ocrx_word' id='word_1_116' title='bbox 147 1171 194 1213; x_wconf 90' lang='lat' dir='ltr'><strong>et</strong></span> <span class='ocrx_word' id='word_1_117' title='bbox 235 1168 536 1225; x_wconf 89' lang='lat' dir='ltr'><strong>unusquisque</strong></span> <span class='ocrx_word' id='word_1_118' title='bbox 577 1170 681 1211; x_wconf 88' lang='lat' dir='ltr'><strong>ante</strong></span> <span class='ocrx_word' id='word_1_119' title='bbox 720 1167 868 1211; x_wconf 89' lang='lat' dir='ltr'><strong>oculos</strong></span> <span class='ocrx_word' id='word_1_120' title='bbox 917 1166 1091 1210; x_wconf 81' lang='lat' dir='ltr'><strong>facinus</strong></span> <span class='ocrx_word' id='word_1_121' title='bbox 1143 1167 1260 1224; x_wconf 92' lang='lat' dir='ltr'><strong>quod</strong></span> <span class='ocrx_word' id='word_1_122' title='bbox 1310 1169 1615 1224; x_wconf 86' lang='lat' dir='ltr'><strong>perpetratum</strong></span> 
     </span>
     <span class='ocr_line' id='line_1_15' title="bbox 147 1236 1615 1294; baseline -0.003 -12"><span class='ocrx_word' id='word_1_123' title='bbox 147 1237 297 1282; x_wconf 76' lang='lat' dir='ltr'><strong>fuerat</strong></span> <span class='ocrx_word' id='word_1_124' title='bbox 313 1238 544 1288; x_wconf 89' lang='lat' dir='ltr'><strong>adducens,</strong></span> <span class='ocrx_word' id='word_1_125' title='bbox 556 1240 785 1294; x_wconf 89' lang='lat' dir='ltr'><strong>tamquam</strong></span> <span class='ocrx_word' id='word_1_126' title='bbox 805 1237 842 1280; x_wconf 89' lang='lat' dir='ltr'><strong>si</strong></span> <span class='ocrx_word' id='word_1_127' title='bbox 863 1237 956 1294; x_wconf 90' lang='lat' dir='ltr'><strong>ipse</strong></span> <span class='ocrx_word' id='word_1_128' title='bbox 973 1236 1055 1280; x_wconf 90' lang='lat' dir='ltr'><strong>hoc</strong></span> <span class='ocrx_word' id='word_1_129' title='bbox 1075 1239 1382 1294; x_wconf 73' lang='lat' dir='ltr'><strong>perpetrasset,</strong></span> <span class='ocrx_word' id='word_1_130' title='bbox 1395 1236 1615 1279; x_wconf 88' lang='lat' dir='ltr'><strong>horrebat.</strong></span> 
     </span>
    </p>

    <p class='ocr_par' dir='ltr' id='par_1_5' title="bbox 89 1305 1618 1570">
     <span class='ocr_line' id='line_1_16' title="bbox 89 1305 1618 1364; baseline -0.003 -13"><span class='ocrx_word' id='word_1_131' title='bbox 89 1323 130 1358; x_wconf 69' lang='grc'><strong>,15</strong></span> <span class='ocrx_word' id='word_1_132' title='bbox 149 1307 312 1351; x_wconf 88' lang='lat' dir='ltr'><strong>Omnes</strong></span> <span class='ocrx_word' id='word_1_133' title='bbox 332 1309 492 1357; x_wconf 88' lang='lat' dir='ltr'><strong>autem,</strong></span> <span class='ocrx_word' id='word_1_134' title='bbox 512 1321 621 1364; x_wconf 91' lang='lat' dir='ltr'><strong>quos</strong></span> <span class='ocrx_word' id='word_1_135' title='bbox 642 1306 774 1349; x_wconf 84' lang='lat' dir='ltr'><strong>famis</strong></span> <span class='ocrx_word' id='word_1_136' title='bbox 794 1306 1031 1350; x_wconf 84' lang='lat' dir='ltr'><strong>necessitas</strong></span> <span class='ocrx_word' id='word_1_137' title='bbox 1051 1306 1328 1363; x_wconf 86' lang='lat' dir='ltr'><strong>perurgebat,</strong></span> <span class='ocrx_word' id='word_1_138' title='bbox 1342 1305 1618 1348; x_wconf 83' lang='lat' dir='ltr'><strong>festinabant</strong></span> 
     </span>
     <span class='ocr_line' id='line_1_17' title="bbox 148 1373 1616 1431; baseline -0.002 -13"><span class='ocrx_word' id='word_1_139' title='bbox 148 1374 290 1431; x_wconf 88' lang='lat' dir='ltr'><strong>magis</strong></span> <span class='ocrx_word' id='word_1_140' title='bbox 328 1373 385 1416; x_wconf 88' lang='lat' dir='ltr'><strong>ad</strong></span> <span class='ocrx_word' id='word_1_141' title='bbox 435 1376 633 1423; x_wconf 90' lang='lat' dir='ltr'><strong>mortem,</strong></span> <span class='ocrx_word' id='word_1_142' title='bbox 674 1373 827 1416; x_wconf 87' lang='lat' dir='ltr'><strong>beatos</strong></span> <span class='ocrx_word' id='word_1_143' title='bbox 867 1373 1062 1416; x_wconf 88' lang='lat' dir='ltr'><strong>dicentes</strong></span> <span class='ocrx_word' id='word_1_144' title='bbox 1107 1388 1180 1416; x_wconf 89' lang='lat' dir='ltr'><strong>eos</strong></span> <span class='ocrx_word' id='word_1_145' title='bbox 1226 1373 1387 1430; x_wconf 90' lang='lat' dir='ltr'><strong>quibus</strong></span> <span class='ocrx_word' id='word_1_146' title='bbox 1427 1373 1616 1429; x_wconf 86' lang='lat' dir='ltr'><strong>contigit</strong></span> 
     </span>
     <span class='ocr_line' id='line_1_18' title="bbox 145 1442 1614 1500; baseline -0.002 -13"><span class='ocrx_word' id='word_1_147' title='bbox 145 1443 348 1487; x_wconf 88' lang='lat' dir='ltr'><strong>interisse</strong></span> <span class='ocrx_word' id='word_1_148' title='bbox 385 1443 642 1500; x_wconf 85' lang='lat' dir='ltr'><strong>priusquam</strong></span> <span class='ocrx_word' id='word_1_149' title='bbox 671 1442 831 1485; x_wconf 91' lang='lat' dir='ltr'><strong>talium</strong></span> <span class='ocrx_word' id='word_1_150' title='bbox 861 1443 1079 1486; x_wconf 91' lang='lat' dir='ltr'><strong>malorum</strong></span> <span class='ocrx_word' id='word_1_151' title='bbox 1109 1442 1414 1500; x_wconf 91' lang='lat' dir='ltr'><strong>polluerentur</strong></span> <span class='ocrx_word' id='word_1_152' title='bbox 1441 1442 1614 1484; x_wconf 77' lang='lat' dir='ltr'><strong>auditu.</strong></span> 
     </span>
     <span class='ocr_line' id='line_1_19' title="bbox 147 1512 713 1570; baseline -0.004 -14"><span class='ocrx_word' id='word_1_153' title='bbox 147 1512 270 1558; x_wconf 87' lang='lat' dir='ltr'><strong>Haec</strong></span> <span class='ocrx_word' id='word_1_154' title='bbox 289 1512 467 1570; x_wconf 90' lang='lat' dir='ltr'><strong>quidem</strong></span> <span class='ocrx_word' id='word_1_155' title='bbox 488 1512 713 1570; x_wconf 87' lang='lat' dir='ltr'><strong>Iosephus.</strong></span> 
     </span>
    </p>
   </div>
   <div class='ocr_carea' id='block_1_3' title="bbox 40 1636 1658 2672">
    <p class='ocr_par' dir='ltr' id='par_1_6' title="bbox 205 1636 1556 1696">
     <span class='ocr_line' id='line_1_20' title="bbox 205 1636 1556 1696; baseline -0.002 -13"><span class='ocrx_word' id='word_1_156' title='bbox 205 1637 311 1696; x_wconf 87' lang='lat' dir='ltr'><strong>Cap.</strong></span> <span class='ocrx_word' id='word_1_157' title='bbox 333 1649 370 1695; x_wconf 88' lang='lat'><strong>7.</strong></span> <span class='ocrx_word' id='word_1_158' title='bbox 399 1638 464 1681; x_wconf 83' lang='lat' dir='ltr'><strong>De</strong></span> <span class='ocrx_word' id='word_1_159' title='bbox 483 1651 673 1682; x_wconf 72' lang='lat' dir='ltr'><strong>numero</strong></span> <span class='ocrx_word' id='word_1_160' title='bbox 691 1637 984 1693; x_wconf 77' lang='lat' dir='ltr'><strong>captiuorum</strong></span> <span class='ocrx_word' id='word_1_161' title='bbox 1006 1641 1044 1681; x_wconf 76' lang='lat' dir='ltr'><strong>et</strong></span> <span class='ocrx_word' id='word_1_162' title='bbox 1064 1636 1308 1680; x_wconf 63' lang='lat' dir='ltr'><strong>occisorum</strong></span> <span class='ocrx_word' id='word_1_163' title='bbox 1327 1640 1366 1681; x_wconf 76' lang='lat' dir='ltr'><strong>et</strong></span> <span class='ocrx_word' id='word_1_164' title='bbox 1381 1651 1556 1693; x_wconf 79' lang='lat' dir='ltr'><strong>perem-</strong></span> 
     </span>
    </p>

    <p class='ocr_par' dir='ltr' id='par_1_7' title="bbox 90 1707 1050 1763">
     <span class='ocr_line' id='line_1_21' title="bbox 90 1707 1050 1763; baseline 0.001 -14"><span class='ocrx_word' id='word_1_165' title='bbox 90 1731 134 1756; x_wconf 54' lang='grc' dir='ltr'><strong>πο</strong></span> <span class='ocrx_word' id='word_1_166' title='bbox 698 1711 889 1763; x_wconf 64' lang='grc' dir='ltr'><strong>ΡιΟΊἽλιΊη</strong></span> <span class='ocrx_word' id='word_1_167' title='bbox 910 1707 1050 1763; x_wconf 62' lang='lat' dir='ltr'><strong>sanle-</strong></span> 
     </span>
    </p>

    <p class='ocr_par' dir='ltr' id='par_1_8' title="bbox 145 1781 1658 2048">
     <span class='ocr_line' id='line_1_22' title="bbox 206 1781 1613 1836; baseline -0.001 -10"><span class='ocrx_word' id='word_1_168' title='bbox 206 1782 346 1836; x_wconf 82' lang='lat' dir='ltr'><strong>Quem</strong></span> <span class='ocrx_word' id='word_1_169' title='bbox 384 1797 491 1826; x_wconf 90' lang='lat' dir='ltr'><strong>uero</strong></span> <span class='ocrx_word' id='word_1_170' title='bbox 528 1784 658 1825; x_wconf 90' lang='lat' dir='ltr'><strong>tanta</strong></span> <span class='ocrx_word' id='word_1_171' title='bbox 697 1781 925 1825; x_wconf 88' lang='lat' dir='ltr'><strong>calamitas</strong></span> <span class='ocrx_word' id='word_1_172' title='bbox 975 1782 1197 1824; x_wconf 89' lang='lat' dir='ltr'><strong>inuenerit</strong></span> <span class='ocrx_word' id='word_1_173' title='bbox 1237 1782 1420 1831; x_wconf 86' lang='lat' dir='ltr'><strong>exitum,</strong></span> <span class='ocrx_word' id='word_1_174' title='bbox 1461 1782 1613 1825; x_wconf 89' lang='lat' dir='ltr'><strong>eodem</strong></span> 
     </span>
     <span class='ocr_line' id='line_1_23' title="bbox 145 1850 1613 1910; baseline -0.001 -15"><span class='ocrx_word' id='word_1_175' title='bbox 145 1854 323 1896; x_wconf 87' lang='lat' dir='ltr'><strong>auctore</strong></span> <span class='ocrx_word' id='word_1_176' title='bbox 350 1852 580 1910; x_wconf 87' lang='lat' dir='ltr'><strong>perpaucis</strong></span> <span class='ocrx_word' id='word_1_177' title='bbox 605 1851 848 1894; x_wconf 83' lang='lat' dir='ltr'><strong>adnectam.</strong></span> <span class='ocrx_word' id='word_1_178' title='bbox 908 1850 1132 1908; x_wconf 87' lang='lat' dir='ltr'><strong>Colligens</strong></span> <span class='ocrx_word' id='word_1_179' title='bbox 1158 1851 1275 1894; x_wconf 89' lang='lat' dir='ltr'><strong>enim</strong></span> <span class='ocrx_word' id='word_1_180' title='bbox 1304 1866 1439 1908; x_wconf 90' lang='lat' dir='ltr'><strong>supra</strong></span> <span class='ocrx_word' id='word_1_181' title='bbox 1467 1852 1613 1894; x_wconf 87' lang='lat' dir='ltr'><strong>dictus</strong></span> 
     </span>
     <span class='ocr_line' id='line_1_24' title="bbox 146 1921 1658 1979; baseline 0 -14"><span class='ocrx_word' id='word_1_182' title='bbox 146 1921 524 1979; x_wconf 87' lang='lat' dir='ltr'><strong>historiographus</strong></span> <span class='ocrx_word' id='word_1_183' title='bbox 554 1935 728 1964; x_wconf 91' lang='lat' dir='ltr'><strong>omnem</strong></span> <span class='ocrx_word' id='word_1_184' title='bbox 758 1935 991 1963; x_wconf 89' lang='lat' dir='ltr'><strong>numerum</strong></span> <span class='ocrx_word' id='word_1_185' title='bbox 1022 1923 1350 1978; x_wconf 89' lang='lat' dir='ltr'><strong>peremptorum</strong></span> <span class='ocrx_word' id='word_1_186' title='bbox 1385 1921 1457 1963; x_wconf 92' lang='lat' dir='ltr'><strong>uel</strong></span> <span class='ocrx_word' id='word_1_187' title='bbox 1494 1921 1610 1964; x_wconf 80' lang='lat' dir='ltr'><strong>fame</strong></span> <span class='ocrx_word' id='word_1_188' title='bbox 1626 1922 1658 1965; x_wconf 81' lang='lat' dir='ltr'><strong>b</strong></span> 
     </span>
     <span class='ocr_line' id='line_1_25' title="bbox 146 1989 1610 2048; baseline 0.001 -15"><span class='ocrx_word' id='word_1_189' title='bbox 146 1990 220 2034; x_wconf 89' lang='lat' dir='ltr'><strong>uel</strong></span> <span class='ocrx_word' id='word_1_190' title='bbox 267 1991 342 2034; x_wconf 90' lang='lat' dir='ltr'><strong>siti</strong></span> <span class='ocrx_word' id='word_1_191' title='bbox 390 1990 463 2034; x_wconf 93' lang='lat' dir='ltr'><strong>uel</strong></span> <span class='ocrx_word' id='word_1_192' title='bbox 512 1989 631 2034; x_wconf 84' lang='lat' dir='ltr'><strong>ferro</strong></span> <span class='ocrx_word' id='word_1_193' title='bbox 677 1990 882 2033; x_wconf 89' lang='lat' dir='ltr'><strong>undecies</strong></span> <span class='ocrx_word' id='word_1_194' title='bbox 935 1992 1120 2033; x_wconf 88' lang='lat' dir='ltr'><strong>centena</strong></span> <span class='ocrx_word' id='word_1_195' title='bbox 1173 1990 1297 2033; x_wconf 91' lang='lat' dir='ltr'><strong>milia</strong></span> <span class='ocrx_word' id='word_1_196' title='bbox 1346 1990 1610 2048; x_wconf 88' lang='lat' dir='ltr'><strong>designauit.</strong></span> 
     </span>
    </p>

    <p class='ocr_par' dir='ltr' id='par_1_9' title="bbox 40 2058 1615 2395">
     <span class='ocr_line' id='line_1_26' title="bbox 40 2058 1613 2122; baseline 0.001 -22"><span class='ocrx_word' id='word_1_197' title='bbox 40 2111 43 2122; x_wconf 31' lang='lat' dir='ltr'><em>i</em></span> <span class='ocrx_word' id='word_1_198' title='bbox 89 2075 132 2110; x_wconf 70' lang='lat'><strong>²5</strong></span> <span class='ocrx_word' id='word_1_199' title='bbox 150 2058 328 2104; x_wconf 88' lang='lat' dir='ltr'><strong>Ceteros</strong></span> <span class='ocrx_word' id='word_1_200' title='bbox 349 2075 456 2103; x_wconf 89' lang='lat' dir='ltr'><strong>uero</strong></span> <span class='ocrx_word' id='word_1_201' title='bbox 482 2059 675 2102; x_wconf 85' lang='lat' dir='ltr'><strong>latrones</strong></span> <span class='ocrx_word' id='word_1_202' title='bbox 703 2060 776 2102; x_wconf 88' lang='lat' dir='ltr'><strong>uel</strong></span> <span class='ocrx_word' id='word_1_203' title='bbox 801 2060 980 2103; x_wconf 89' lang='lat' dir='ltr'><strong>sicarios</strong></span> <span class='ocrx_word' id='word_1_204' title='bbox 1006 2074 1058 2103; x_wconf 88' lang='lat' dir='ltr'><strong>ac</strong></span> <span class='ocrx_word' id='word_1_205' title='bbox 1087 2060 1329 2117; x_wconf 90' lang='lat' dir='ltr'><strong>praedones</strong></span> <span class='ocrx_word' id='word_1_206' title='bbox 1359 2063 1459 2117; x_wconf 91' lang='lat' dir='ltr'><strong>post</strong></span> <span class='ocrx_word' id='word_1_207' title='bbox 1490 2061 1613 2103; x_wconf 90' lang='lat' dir='ltr'><strong>urbis</strong></span> 
     </span>
     <span class='ocr_line' id='line_1_27' title="bbox 148 2129 1615 2174; baseline 0.001 -2"><span class='ocrx_word' id='word_1_208' title='bbox 148 2129 366 2172; x_wconf 86' lang='lat' dir='ltr'><strong>excidium</strong></span> <span class='ocrx_word' id='word_1_209' title='bbox 396 2129 565 2172; x_wconf 88' lang='lat' dir='ltr'><strong>mutuis</strong></span> <span class='ocrx_word' id='word_1_210' title='bbox 598 2129 842 2172; x_wconf 88' lang='lat' dir='ltr'><strong>declarauit</strong></span> <span class='ocrx_word' id='word_1_211' title='bbox 871 2129 1073 2172; x_wconf 85' lang='lat' dir='ltr'><strong>interisse</strong></span> <span class='ocrx_word' id='word_1_212' title='bbox 1108 2129 1379 2174; x_wconf 88' lang='lat' dir='ltr'><strong>uulneribus.</strong></span> <span class='ocrx_word' id='word_1_213' title='bbox 1441 2130 1615 2173; x_wconf 75' lang='lat' dir='ltr'><strong>Eiectos</strong></span> 
     </span>
     <span class='ocr_line' id='line_1_28' title="bbox 145 2198 1614 2256; baseline 0.001 -15"><span class='ocrx_word' id='word_1_214' title='bbox 145 2200 295 2242; x_wconf 86' lang='lat' dir='ltr'><strong>autem</strong></span> <span class='ocrx_word' id='word_1_215' title='bbox 322 2213 515 2256; x_wconf 90' lang='lat' dir='ltr'><strong>quosque</strong></span> <span class='ocrx_word' id='word_1_216' title='bbox 539 2198 763 2248; x_wconf 90' lang='lat' dir='ltr'><strong>iuuenum,</strong></span> <span class='ocrx_word' id='word_1_217' title='bbox 788 2213 897 2255; x_wconf 92' lang='lat' dir='ltr'><strong>quos</strong></span> <span class='ocrx_word' id='word_1_218' title='bbox 924 2199 1055 2242; x_wconf 89' lang='lat' dir='ltr'><strong>decor</strong></span> <span class='ocrx_word' id='word_1_219' title='bbox 1080 2199 1274 2256; x_wconf 87' lang='lat' dir='ltr'><strong>corporis</strong></span> <span class='ocrx_word' id='word_1_220' title='bbox 1302 2202 1347 2242; x_wconf 88' lang='lat' dir='ltr'><strong>et</strong></span> <span class='ocrx_word' id='word_1_221' title='bbox 1374 2200 1614 2256; x_wconf 86' lang='lat' dir='ltr'><strong>proceritas</strong></span> 
     </span>
     <span class='ocr_line' id='line_1_29' title="bbox 147 2267 1614 2326; baseline 0.001 -15"><span class='ocrx_word' id='word_1_222' title='bbox 147 2267 490 2318; x_wconf 85' lang='lat' dir='ltr'><strong>commendabat,</strong></span> <span class='ocrx_word' id='word_1_223' title='bbox 509 2267 567 2310; x_wconf 92' lang='lat' dir='ltr'><strong>ad</strong></span> <span class='ocrx_word' id='word_1_224' title='bbox 592 2267 870 2325; x_wconf 89' lang='lat' dir='ltr'><strong>triumphum</strong></span> <span class='ocrx_word' id='word_1_225' title='bbox 896 2268 1005 2311; x_wconf 88' lang='lat' dir='ltr'><strong>dicit</strong></span> <span class='ocrx_word' id='word_1_226' title='bbox 1026 2283 1118 2311; x_wconf 87' lang='lat' dir='ltr'><strong>esse</strong></span> <span class='ocrx_word' id='word_1_227' title='bbox 1143 2271 1401 2318; x_wconf 90' lang='lat' dir='ltr'><strong>reseruatos,</strong></span> <span class='ocrx_word' id='word_1_228' title='bbox 1422 2269 1614 2326; x_wconf 90' lang='lat' dir='ltr'><strong>reliquos</strong></span> 
     </span>
     <span class='ocr_line' id='line_1_30' title="bbox 147 2336 1612 2395; baseline 0.001 -16"><span class='ocrx_word' id='word_1_229' title='bbox 147 2338 295 2380; x_wconf 87' lang='lat' dir='ltr'><strong>autem</strong></span> <span class='ocrx_word' id='word_1_230' title='bbox 330 2337 405 2394; x_wconf 90' lang='lat' dir='ltr'><strong>qui</strong></span> <span class='ocrx_word' id='word_1_231' title='bbox 436 2351 571 2394; x_wconf 88' lang='lat' dir='ltr'><strong>supra</strong></span> <span class='ocrx_word' id='word_1_232' title='bbox 604 2336 753 2380; x_wconf 88' lang='lat' dir='ltr'><strong>decem</strong></span> <span class='ocrx_word' id='word_1_233' title='bbox 777 2339 834 2380; x_wconf 76' lang='lat' dir='ltr'><strong>‘et</strong></span> <span class='ocrx_word' id='word_1_234' title='bbox 868 2340 1036 2395; x_wconf 91' lang='lat' dir='ltr'><strong>septem</strong></span> <span class='ocrx_word' id='word_1_235' title='bbox 1070 2353 1210 2381; x_wconf 90' lang='lat' dir='ltr'><strong>annos</strong></span> <span class='ocrx_word' id='word_1_236' title='bbox 1244 2338 1438 2395; x_wconf 87' lang='lat' dir='ltr'><strong>agebant</strong></span> <span class='ocrx_word' id='word_1_237' title='bbox 1467 2339 1612 2389; x_wconf 90' lang='lat' dir='ltr'><strong>etatis,</strong></span> 
     </span>
    </p>

    <p class='ocr_par' dir='ltr' id='par_1_10' title="bbox 89 2405 1612 2672">
     <span class='ocr_line' id='line_1_31' title="bbox 89 2405 1612 2465; baseline 0.002 -18"><span class='ocrx_word' id='word_1_238' title='bbox 89 2421 132 2455; x_wconf 77' lang='lat'><strong>30</strong></span> <span class='ocrx_word' id='word_1_239' title='bbox 147 2405 318 2449; x_wconf 87' lang='lat' dir='ltr'><strong>uinctos</strong></span> <span class='ocrx_word' id='word_1_240' title='bbox 351 2405 408 2448; x_wconf 89' lang='lat' dir='ltr'><strong>ad</strong></span> <span class='ocrx_word' id='word_1_241' title='bbox 447 2420 579 2463; x_wconf 86' lang='lat' dir='ltr'><strong>opera</strong></span> <span class='ocrx_word' id='word_1_242' title='bbox 614 2405 782 2463; x_wconf 85' lang='lat' dir='ltr'><strong>Egypti</strong></span> <span class='ocrx_word' id='word_1_243' title='bbox 815 2421 895 2464; x_wconf 91' lang='lat' dir='ltr'><strong>per</strong></span> <span class='ocrx_word' id='word_1_244' title='bbox 928 2407 1109 2450; x_wconf 89' lang='lat' dir='ltr'><strong>metalla</strong></span> <span class='ocrx_word' id='word_1_245' title='bbox 1142 2407 1387 2450; x_wconf 87' lang='lat' dir='ltr'><strong>destinatos</strong></span> <span class='ocrx_word' id='word_1_246' title='bbox 1421 2408 1493 2451; x_wconf 89' lang='lat' dir='ltr'><strong>uel</strong></span> <span class='ocrx_word' id='word_1_247' title='bbox 1533 2423 1612 2465; x_wconf 91' lang='lat' dir='ltr'><strong>per</strong></span> 
     </span>
     <span class='ocr_line' id='line_1_32' title="bbox 147 2474 1611 2534; baseline 0.002 -18"><span class='ocrx_word' id='word_1_248' title='bbox 147 2475 313 2517; x_wconf 85' lang='lat' dir='ltr'><strong>ceteras</strong></span> <span class='ocrx_word' id='word_1_249' title='bbox 362 2474 613 2531; x_wconf 88' lang='lat' dir='ltr'><strong>prouincias</strong></span> <span class='ocrx_word' id='word_1_250' title='bbox 669 2490 762 2518; x_wconf 89' lang='lat' dir='ltr'><strong>esse</strong></span> <span class='ocrx_word' id='word_1_251' title='bbox 813 2476 1043 2533; x_wconf 89' lang='lat' dir='ltr'><strong>dispersos,</strong></span> <span class='ocrx_word' id='word_1_252' title='bbox 1089 2477 1165 2518; x_wconf 91' lang='lat' dir='ltr'><strong>alii</strong></span> <span class='ocrx_word' id='word_1_253' title='bbox 1220 2477 1398 2534; x_wconf 90' lang='lat' dir='ltr'><strong>quidem</strong></span> <span class='ocrx_word' id='word_1_254' title='bbox 1451 2481 1503 2519; x_wconf 93' lang='lat' dir='ltr'><strong>ut</strong></span> <span class='ocrx_word' id='word_1_255' title='bbox 1554 2478 1611 2519; x_wconf 90' lang='lat' dir='ltr'><strong>ad</strong></span> 
     </span>
     <span class='ocr_line' id='line_1_33' title="bbox 148 2541 1611 2602; baseline 0.003 -18"><span class='ocrx_word' id='word_1_256' title='bbox 148 2541 274 2586; x_wconf 82' lang='lat' dir='ltr'><strong>ludos</strong></span> <span class='ocrx_word' id='word_1_257' title='bbox 302 2543 597 2600; x_wconf 75' lang='lat' dir='ltr'><strong>gladiatoriOS‚</strong></span> <span class='ocrx_word' id='word_1_258' title='bbox 620 2543 697 2586; x_wconf 84' lang='lat' dir='ltr'><strong>alii</strong></span> <span class='ocrx_word' id='word_1_259' title='bbox 729 2546 782 2586; x_wconf 92' lang='lat' dir='ltr'><strong>ut</strong></span> <span class='ocrx_word' id='word_1_260' title='bbox 815 2544 872 2587; x_wconf 90' lang='lat' dir='ltr'><strong>ad</strong></span> <span class='ocrx_word' id='word_1_261' title='bbox 907 2545 1072 2588; x_wconf 88' lang='lat' dir='ltr'><strong>bestias</strong></span> <span class='ocrx_word' id='word_1_262' title='bbox 1101 2545 1395 2588; x_wconf 89' lang='lat' dir='ltr'><strong>traderentur.</strong></span> <span class='ocrx_word' id='word_1_263' title='bbox 1455 2546 1503 2589; x_wconf 87' lang='lat' dir='ltr'><strong>Si</strong></span> <span class='ocrx_word' id='word_1_264' title='bbox 1535 2546 1611 2602; x_wconf 90' lang='lat' dir='ltr'><strong>qui</strong></span> 
     </span>
     <span class='ocr_line' id='line_1_34' title="bbox 148 2611 1612 2672; baseline 0.003 -19"><span class='ocrx_word' id='word_1_265' title='bbox 148 2625 255 2654; x_wconf 91' lang='lat' dir='ltr'><strong>uero</strong></span> <span class='ocrx_word' id='word_1_266' title='bbox 300 2611 419 2654; x_wconf 89' lang='lat' dir='ltr'><strong>intra</strong></span> <span class='ocrx_word' id='word_1_267' title='bbox 467 2611 703 2668; x_wconf 88' lang='lat' dir='ltr'><strong>septimum</strong></span> <span class='ocrx_word' id='word_1_268' title='bbox 750 2615 796 2656; x_wconf 89' lang='lat' dir='ltr'><strong>et</strong></span> <span class='ocrx_word' id='word_1_269' title='bbox 843 2613 1061 2657; x_wconf 89' lang='lat' dir='ltr'><strong>decimum</strong></span> <span class='ocrx_word' id='word_1_270' title='bbox 1111 2614 1244 2658; x_wconf 86' lang='lat' dir='ltr'><strong>etatis</strong></span> <span class='ocrx_word' id='word_1_271' title='bbox 1292 2615 1456 2672; x_wconf 86' lang='lat' dir='ltr'><strong>reperti</strong></span> <span class='ocrx_word' id='word_1_272' title='bbox 1505 2618 1612 2658; x_wconf 89' lang='lat' dir='ltr'><strong>sunt</strong></span> 
     </span>
    </p>
   </div>
   <div class='ocr_carea' id='block_1_4' title="bbox 147 2707 1607 2790">
    <p class='ocr_par' dir='ltr' id='par_1_11' title="bbox 147 2707 1607 2790">
     <span class='ocr_line' id='line_1_35' title="bbox 148 2707 1607 2757; baseline 0.004 -16"><span class='ocrx_word' id='word_1_273' title='bbox 148 2716 194 2742; x_wconf 87' lang='lat'><strong>22</strong></span> <span class='ocrx_word' id='word_1_274' title='bbox 218 2707 348 2743; x_wconf 79' lang='lat' dir='ltr'><strong>autore</strong></span> <span class='ocrx_word' id='word_1_275' title='bbox 363 2707 397 2742; x_wconf 80' lang='lat' dir='ltr'>A</span> <span class='ocrx_word' id='word_1_276' title='bbox 547 2718 592 2754; x_wconf 90' lang='lat'><strong>23</strong></span> <span class='ocrx_word' id='word_1_277' title='bbox 617 2708 954 2757; x_wconf 81' lang='lat' dir='ltr'><strong>hystoriographus</strong></span> <span class='ocrx_word' id='word_1_278' title='bbox 970 2710 1010 2746; x_wconf 87' lang='lat' dir='ltr'>M</span> <span class='ocrx_word' id='word_1_279' title='bbox 1166 2721 1212 2757; x_wconf 92' lang='lat'><strong>29</strong></span> <span class='ocrx_word' id='word_1_280' title='bbox 1237 2716 1326 2746; x_wconf 69' lang='lat' dir='ltr'><strong>xcem</strong></span> <span class='ocrx_word' id='word_1_281' title='bbox 1345 2711 1377 2746; x_wconf 87' lang='lat'>&amp;</span> <span class='ocrx_word' id='word_1_282' title='bbox 1394 2710 1508 2747; x_wconf 73' lang='lat' dir='ltr'><strong>vii²⁰¹¹¹</strong></span> <span class='ocrx_word' id='word_1_283' title='bbox 1525 2711 1607 2748; x_wconf 86' lang='lat' dir='ltr'><strong>CA:</strong></span> 
     </span>
     <span class='ocr_line' id='line_1_36' title="bbox 147 2753 511 2790; baseline 0.005 -2"><span class='ocrx_word' id='word_1_284' title='bbox 147 2764 172 2788; x_wconf 79' lang='lat' dir='ltr'>x</span> <span class='ocrx_word' id='word_1_285' title='bbox 189 2754 222 2789; x_wconf 87' lang='lat'>&amp;</span> <span class='ocrx_word' id='word_1_286' title='bbox 239 2753 290 2788; x_wconf 87' lang='lat' dir='ltr'><strong>vii</strong></span> <span class='ocrx_word' id='word_1_287' title='bbox 307 2753 353 2789; x_wconf 89' lang='lat' dir='ltr'><strong>S:</strong></span> <span class='ocrx_word' id='word_1_288' title='bbox 379 2754 452 2790; x_wconf 78' lang='lat' dir='ltr'><strong>xvii</strong></span> <span class='ocrx_word' id='word_1_289' title='bbox 471 2755 511 2790; x_wconf 82' lang='lat' dir='ltr'>M</span> 
     </span>
    </p>
   </div>
   <div class='ocr_carea' id='block_1_5' title="bbox 197 2840 1500 2937">
    <p class='ocr_par' dir='ltr' id='par_1_12' title="bbox 197 2840 1500 2937">
     <span class='ocr_line' id='line_1_37' title="bbox 197 2840 1359 2889; baseline 0.003 -13"><span class='ocrx_word' id='word_1_290' title='bbox 197 2849 243 2876; x_wconf 82' lang='lat'><strong>22</strong></span> <span class='ocrx_word' id='word_1_291' title='bbox 272 2840 447 2884; x_wconf 68' lang='lat' dir='ltr'><strong>Galliam</strong></span> <span class='ocrx_word' id='word_1_292' title='bbox 462 2866 473 2876; x_wconf 89' lang='lat'>.</span> <span class='ocrx_word' id='word_1_293' title='bbox 491 2867 500 2877; x_wconf 88' lang='lat'><em>.</em></span> <span class='ocrx_word' id='word_1_294' title='bbox 518 2866 528 2877; x_wconf 88' lang='lat'>.</span> <span class='ocrx_word' id='word_1_295' title='bbox 546 2843 588 2877; x_wconf 78' lang='lat' dir='ltr'><strong>in</strong></span> <span class='ocrx_word' id='word_1_296' title='bbox 604 2846 636 2878; x_wconf 81' lang='lat' dir='ltr'><strong>te</strong></span> <span class='ocrx_word' id='word_1_297' title='bbox 652 2841 736 2888; x_wconf 81' lang='lat'><strong>(425</strong></span> <span class='ocrx_word' id='word_1_298' title='bbox 753 2841 787 2889; x_wconf 86' lang='lat' dir='ltr'><strong>c)</strong></span> <span class='ocrx_word' id='word_1_299' title='bbox 803 2855 811 2879; x_wconf 95' lang='lat'><strong>:</strong></span> <span class='ocrx_word' id='word_1_300' title='bbox 839 2842 971 2881; x_wconf 83' lang='lat' dir='ltr'><strong>Euseb.</strong></span> <span class='ocrx_word' id='word_1_301' title='bbox 989 2855 1078 2880; x_wconf 85' lang='lat' dir='ltr'><strong>vers.</strong></span> <span class='ocrx_word' id='word_1_302' title='bbox 1098 2842 1232 2880; x_wconf 85' lang='lat' dir='ltr'><strong>Ruffin.</strong></span> <span class='ocrx_word' id='word_1_303' title='bbox 1250 2843 1306 2880; x_wconf 90' lang='lat' dir='ltr'><strong>iii.</strong></span> <span class='ocrx_word' id='word_1_304' title='bbox 1325 2853 1359 2889; x_wconf 91' lang='lat'><strong>7.</strong></span> 
     </span>
     <span class='ocr_line' id='line_1_38' title="bbox 206 2905 1500 2937; baseline 0.006 -7"><span class='ocrx_word' id='word_1_305' title='bbox 206 2911 286 2930; x_wconf 66' lang='lat' dir='ltr'><strong>wass</strong></span> <span class='ocrx_word' id='word_1_306' title='bbox 846 2910 879 2937; x_wconf 71' lang='grc' dir='ltr'><strong>Π</strong></span> <span class='ocrx_word' id='word_1_307' title='bbox 1459 2905 1500 2937; x_wconf 87' lang='lat'><strong>81</strong></span> 
     </span>
    </p>
   </div>
  </div>
 </body>
</html>
