1994 3236
722 216 1175 261 PROLEGOMENA

213 331 431 375 decimum
451 329 618 374 seilicet
636 332 741 372 ante
760 328 1092 373 Polioratawn
1112 330 1366 374 absolutum
1386 346 1566 385 annum,
1585 347 1680 377 oar-

213 414 314 443 men
337 399 390 443 de
408 397 586 442 Mundi
611 397 920 441 Vniuersaate
939 399 1234 455 composuisse
1254 400 1454 444 indicant
1474 401 1679 445 uersiculi

212 467 392 526 quidam
412 467 468 510 de
493 466 692 523 Eugenio
712 465 800 517 ΙΙΙ,
821 466 898 523 qui
919 480 1036 524 papa
1055 482 1093 510 a.
1118 478 1230 522 1145
1252 467 1398 512 faetus
1419 473 1499 525 est,
1519 470 1679 514 Muni-

209 537 341 587 fieens
371 536 515 580 deitas
545 536 792 592 Emonam
827 535 1077 580 commodat
1107 535 1218 587 orbi,
1246 537 1400 581 Donat
1431 543 1471 581 et
1504 539 1560 582 in
1591 539 1680 583 solo

210 620 401 650 *munere
419 608 586 650 cuncta
605 604 735 650 eamd
754 603 838 662 (ed.
860 605 1031 648 Baraeh
1052 608 1098 648 et
1119 605 1309 656 WrobeL
1329 621 1370 663 p.
1397 609 1477 663 16).

266 675 545 725 ABAILARDI,
558 673 760 731 magistri
779 673 861 724 sui,
874 688 1004 731 quem
1025 673 1384 732 Peripateticum
1403 675 1680 719 Palatinum

210 746 340 788 uocat
368 744 417 787 in
443 743 602 788 Polior.
625 743 672 787 ii.
695 756 763 796 22,
792 757 927 800 opera
955 743 1137 787 minime
1166 743 1364 787 dubitari
1394 747 1542 802 potest
1570 745 1678 802 quin

209 813 367 872 legerit
390 813 579 857 Ioannes
602 815 648 856 et
674 812 722 855 in
740 812 848 856 locis
876 812 1097 870 plerisque
1117 812 1383 856 Polieratv'ci
1409 818 1586 858 secutus
1606 814 1678 865 sit,

209 882 264 926 de
283 882 444 940 quibus
463 882 756 926 consulendus
776 885 845 925 est
864 881 1008 925 Index
1028 882 1274 926 Auctor-um
1302 885 1463 926 noster.
1523 882 1595 927 Cf.
1623 883 1677 926 de

209 951 361 996 eodem
394 950 599 1009 Metaloy.
636 951 665 995 i.
700 960 744 1007 5,
774 951 820 995 ii.
858 964 923 1002 10,
961 962 1026 1007 17,
1060 951 1123 995 iii.
1158 951 1281 1009 prol„
1321 965 1355 1004 1,
1395 966 1435 1005 4,
1480 954 1519 1003 6,
1559 952 1676 996 Hiet.

209 1020 380 1078 Pontis.
401 1035 460 1065 ee.
483 1022 524 1074 8,
545 1034 584 1076 9,
606 1035 673 1078 31.

267 1089 479 1134 Hvooms
524 1101 586 1133 m:
629 1089 672 1133 S.
717 1090 927 1134 V1cr01m
969 1089 1299 1134 Eruditvbnem
1340 1090 1677 1135 Didascaliaam

208 1173 526 1216 nonnunquam
555 1159 603 1202 in
632 1158 902 1203 Policratico
931 1159 1056 1216 sequi
1087 1158 1267 1202 uidetur
1296 1159 1496 1204 Ioannes.
1549 1160 1676 1204 Eius-

206 1228 308 1278 dem
349 1228 764 1272 commentariorum
804 1228 851 1270 in
897 1227 1255 1272 Lamentationes
1293 1228 1506 1272 Ieremias
1545 1233 1591 1273 et
1629 1230 1677 1273 in

207 1297 537 1342 Hieram-chiam
559 1297 781 1342 caelestem
812 1296 1019 1354 Dionysii
1046 1298 1343 1355 Areopagitae
1369 1298 1426 1356 (si
1453 1312 1534 1355 pro
1553 1298 1675 1342 eccle·

205 1366 389 1412 siaetiea
428 1367 477 1410 in
517 1366 780 1424 Neorologio
821 1365 1086 1410 Carnotensi
1125 1365 1332 1423 anqelica
1371 1367 1516 1425 legere
1555 1368 1676 1423 lieet)

206 1436 477 1493 exemplaria
515 1438 782 1479 testamento
816 1435 1021 1479 ecclesiae
1061 1434 1327 1479 Carnotensi
1366 1436 1544 1493 legauit.
1605 1436 1676 1481 Cf.

204 1505 408 1562 Metaloy.
430 1505 457 1549 i.
480 1515 520 1562 5,
543 1504 602 1548 iv.
627 1518 690 1563 13,
710 1505 828 1548 Hiet.
856 1503 1029 1560 Pontis.
1052 1504 1162 1562 prol.
1223 1504 1451 1558 Quaedam
1476 1505 1676 1549 fabulosa

205 1574 260 1618 de
280 1574 522 1618 bestiarum
549 1576 712 1617 natura
736 1573 875 1617 refert
895 1574 1094 1624 Ioannes,
1119 1588 1232 1631 quae
1256 1574 1392 1617 etiam
1412 1575 1459 1617 in
1490 1574 1605 1618 libro
1624 1576 1676 1620 de

205 1642 352 1688 bestiis
371 1643 477 1687 olim
499 1643 682 1701 Hugoni
703 1643 922 1686 attributo
942 1643 1154 1687 inuenies.

263 1712 488 1757 Glmmm
502 1724 563 1756 m:
576 1712 920 1756 Smffmnonm
936 1712 1023 1770 (cui
1036 1715 1231 1756 testatur
1242 1712 1431 1756 Ioannes
1446 1714 1494 1756 in
1506 1713 1672 1758 Polior.

205 1782 234 1828 i.
254 1783 281 1838 ᾇ
306 1797 419 1833 eum,
438 1782 568 1826 annis
587 1782 752 1840 uiginti
772 1782 830 1824 ab
850 1781 1005 1825 ordine
1026 1781 1463 1840 Sempringhamensi
1485 1782 1675 1826 fundato

204 1851 401 1895 nondum
433 1851 610 1909 elapsis,
637 1851 727 1894 iam
756 1850 938 1895 circiter
966 1850 1361 1907 septinyentarum
1390 1852 1674 1896 ‘monialium

201 1925 380 1978 patrem
403 1919 516 1977 esse)
536 1920 735 1979 regulam
755 1920 810 1964 de
830 1923 966 1964 cantu
985 1920 1108 1964 citat.

262 1989 509 2032 WILLRLMI
530 2001 592 2032 DE
606 1988 814 2034 CONCHIS
831 1989 886 2045 (si
902 1989 997 2032 eius
1016 2003 1120 2032 uere
1135 1990 1221 2045 est)
1239 1990 1605 2034 commentarium
1626 1991 1673 2034 in

206 2058 404 2102 Platonis
424 2058 662 2102 Timamm
682 2058 871 2102 fortasse
892 2058 939 2100 in
959 2057 1127 2102 Polio-r.
1147 2058 1224 2103 vii.
1244 2070 1272 2114 5
1293 2060 1507 2116 sequitur.

262 2127 494 2172 mmmm
530 2128 897 2171 Monvummtffls
930 2127 1144 2171 Historia
1172 2126 1352 2184 Reyum
1380 2127 1672 2182 Britanniae,

204 2199 302 2241 tum
321 2211 464 2255 nuper
483 2188 681 2255 uulgata,
702 2211 808 2240 usus
829 2200 898 2240 est
917 2197 1118 2241 Ioannes.

263 2265 496 2309 GRATIANI
542 2266 778 2310 Decretum
822 2280 923 2309 eum
965 2266 1012 2308 in
1047 2265 1253 2309 manibus
1291 2266 1497 2310 habuisse
1536 2270 1582 2310 et
1620 2270 1672 2311 ut

206 2334 374 2379 fontem
394 2339 474 2378 aut
485 2335 628 2378 solum
643 2338 723 2379 aut
742 2335 1028 2393 praecipuum
1044 2335 1155 2379 iuris
1174 2335 1373 2379 canonici
1388 2337 1671 2394 usurpauisse

205 2403 325 2448 haud
363 2404 660 2448 dubitandum
692 2407 771 2448 est.
832 2405 887 2448 In
926 2404 1091 2448 Polior.
1133 2404 1208 2448 vii.
1252 2418 1303 2460 19
1348 2406 1486 2448 uerba
1532 2406 1671 2463 ipsius

206 2471 409 2519 Gratiani
435 2472 586 2524 refert,
611 2476 664 2517 ut
692 2474 741 2516 in
770 2474 1085 2518 commentario
1110 2473 1167 2516 ad
1195 2488 1239 2532 p.
1274 2486 1369 2530 173.
1406 2487 1459 2517 10
1489 2475 1671 2518 huiusce

206 2541 412 2585 editionis
450 2542 730 2595 notauimus3
779 2543 916 2586 etiam
955 2543 1003 2585 in
1042 2542 1213 2586 Polior.
1245 2543 1322 2585 vii.
1358 2555 1423 2600 17,
1464 2543 1670 2587 Gratiani

207 2623 398 2654 errorem
425 2613 613 2662 secutus,
642 2611 877 2655 Ambrosio
905 2612 1115 2670 adsignat
1150 2612 1269 2669 quod
1303 2627 1350 2655 re
1382 2627 1489 2656 uera
1524 2613 1668 2656 decre-

207 2681 335 2722 uerat
362 2679 594 2722 concilium
623 2679 884 2723 Toletanum
915 2695 954 2724 a.
976 2683 1060 2738 653
1091 2681 1310 2724 habitum.

265 2746 510 2790 Bmmm
542 2747 980 2792 CLARAEVALLENSIS
1009 2749 1184 2793 libram
1206 2750 1517 2800 doctrinalem,
1537 2764 1670 2807 quem

208 2814 272 2860 ad
297 2819 508 2860 sanctum
534 2816 803 2874 Euyentum
819 2818 873 2863 de
900 2818 1286 2876 Contemplatione
1311 2819 1385 2863 uel
1406 2819 1668 2864 Gom-idera-

1452 2887 1552 2931 xliii
