1994 3190
198 267 296 301 oAP.
311 255 352 317 1]
703 255 1140 301 POLICRATIOVS
1649 253 1653 257 ’
1674 266 1756 308 539
1776 259 1806 297 b
1826 267 1831 280 ¹

195 376 386 420 sacrario
405 389 578 419 morum
607 378 761 419 tantus
787 376 955 419 arbiter
980 378 1032 419 ut
1056 375 1186 419 facile
1208 379 1534 434 praeceptorem
1555 375 1661 419 Tra-

194 445 286 488 iani
320 445 459 502 possis
499 459 746 502 agnoscere.
819 444 868 487 Si
900 445 1008 501 quid
1042 448 1191 488 autem
1226 446 1345 502 apud
1380 460 1481 488 eum
1514 460 1541 488 a
1574 445 1662 488 fide

193 514 400 557 dissentit
419 517 499 557 aut
518 514 726 564 moribus,
738 514 926 570 tempori
947 514 1096 570 potius
1112 529 1244 570 quam
1260 515 1358 557 uiro
1374 515 1662 558 adscribatur.

195 583 244 627 Si
265 584 382 626 enim
403 583 591 640 Virgilio
611 583 738 627 licuit
756 597 914 626 aurum
934 583 1177 640 sapientiae
1197 583 1244 625 in
1265 583 1360 626 luto
1376 584 1510 626 Ennii
1530 599 1661 640 quae·

156 672 176 705 5
195 667 302 704 rere,
335 667 446 709 quae
485 652 656 696 inuidia
695 655 763 696 est
797 667 861 703 ea,
892 667 1005 709 quae
1038 652 1097 695 ad
1136 652 1429 695 eruditionem
1464 655 1661 695 nostram

195 736 223 764 a
245 721 486 778 gentilibus
513 722 679 779 scripta
705 724 822 772 sunt,
842 721 1006 764 nostris
1035 721 1388 764 communicare?
1449 720 1533 763 His
1558 735 1662 777 ergo

194 791 366 835 omissis
385 791 442 834 ad
463 791 633 848 reliqua
652 790 949 848 procedamus.

280 901 386 959 Cap.
414 915 451 944 1.
491 900 698 958 Epistola
726 900 972 944 Plutarchi
999 899 1271 944 imtmaentis
1301 898 1574 943 Traianum.

0 992 22 1029 'w-
254 993 395 1036 Extat
434 993 634 1050 Epistola
681 992 909 1036 Plutarchi
955 991 1195 1035 Traianum
1235 991 1510 1043 instruentis,
1550 1005 1662 1048 quae

135 1080 178 1106 xo
195 1063 423 1107 cuiusdam
462 1061 667 1120 politicae
706 1061 1037 1105 constitutionis
1080 1060 1292 1117 exprimit
1334 1075 1523 1104 sensum.
1598 1060 1663 1102 Ea

193 1132 358 1176 dicitur
391 1147 483 1176 esse
517 1131 796 1175 huiusmodi:
839 1131 1070 1175 Plutarcus
1095 1130 1286 1172 Traiano
1317 1129 1505 1172 salutem
1537 1130 1656 1174 dicit.

192 1202 455 1245 Modestiam
475 1203 599 1244 tuam
619 1215 829 1244 noueram
849 1215 938 1243 non
965 1203 1172 1257 appetere
1199 1199 1509 1256 principatum,
1529 1214 1660 1256 quem
1678 1212 1704 1241 e

192 1274 343 1315 tamen
382 1286 554 1328 semper
593 1285 765 1314 morum
806 1270 1027 1327 elegantia
1066 1268 1224 1312 mereri
1263 1268 1488 1312 studuisti.
1562 1268 1661 1322 Quo

193 1341 371 1399 quidem
391 1343 519 1384 tanto
538 1340 714 1398 dignior
733 1339 953 1390 iudicaris,
969 1340 1136 1396 quanto
1157 1353 1184 1380 a
1203 1338 1386 1382 crimine
1405 1338 1661 1382 ambitionis

134 1426 175 1460 15
194 1411 359 1454 uideris
388 1425 480 1454 esse
504 1410 723 1454 remotior.
747 1428 751 1434 ·
797 1409 917 1452 Tuae
944 1408 1095 1465 itaque
1119 1408 1280 1451 uirtuti
1305 1409 1589 1466 congratulor
1616 1414 1661 1452 et

193 1480 399 1525 fortunae
419 1494 553 1532 meae,
567 1479 605 1522 si
626 1481 776 1522 tamen
797 1480 914 1522 recte
933 1477 1120 1535 gesseris
1140 1492 1270 1534 quem
1291 1478 1426 1535 probe
1447 1478 1660 1521 meruisti.

192 1549 403 1607 Alioquin
423 1551 468 1592 te
486 1548 693 1606 periculis
713 1551 759 1591 et
778 1563 848 1590 me
871 1547 1200 1590 detrahentium
1220 1547 1386 1604 linguis
1414 1547 1660 1591 subiectum

190 1619 247 1662 iri
278 1634 367 1663 non
399 1618 566 1669 dubito,
592 1633 692 1662 cum
725 1620 771 1660 et
801 1617 1028 1675 ignauiam
1052 1616 1370 1674 imperatorum
1402 1617 1542 1660 Roma
1571 1632 1660 1660 non

192 1688 321 1740 ferat,
362 1692 407 1733 et
445 1703 588 1732 sermo
627 1687 830 1745 publicus
868 1686 1030 1730 delicta
1069 1685 1383 1743 discipulorum
1425 1685 1660 1730 refundere

133 1771 177 1797 20
193 1758 332 1803 soleat
369 1758 417 1801 in
455 1759 772 1815 praeceptores.
846 1756 920 1799 Sic
955 1755 1121 1799 Seneca
1152 1756 1344 1799 Neronis
1385 1756 1454 1799 sui
1501 1757 1660 1800 merito

192 1827 520 1871 detrahentium
533 1826 731 1884 carpitur
742 1825 919 1883 linguiS,
934 1825 1276 1869 adolescentium
1290 1839 1470 1868 suorum
1483 1827 1658 1869 temeri·

190 1899 261 1940 tas
299 1896 346 1938 in
382 1895 708 1949 Quintilianum
743 1894 1010 1945 refunditur,
1045 1897 1090 1938 et
1122 1894 1325 1938 Socrates
1359 1895 1406 1937 in
1438 1895 1658 1952 pupillum

190 1980 320 2009 suum
340 1964 477 2008 fuisse
496 1963 753 2008 clementior
767 1963 1039 2006 criminatur.
1098 1963 1166 2006 'ru
1186 1978 1293 2006 uero
1313 1963 1491 2020 quiduis
1507 1964 1656 2007 rectis-

191 2035 299 2079 sime
318 2048 454 2092 geres‚
474 2032 511 2076 si
535 2047 624 2076 non
645 2032 872 2076 recesseris
892 2047 919 2075 a
939 2034 984 2075 te
1004 2032 1112 2090 ipso.
1172 2031 1221 2075 Si
1248 2032 1441 2089 primum
1469 2035 1514 2075 te
1541 2047 1654 2076 com·
1673 2035 1702 2074 d

133 2115 173 2150 ²5
189 2103 398 2162 posueris,
431 2103 469 2146 si
500 2105 580 2146 tua
609 2101 757 2144 omnia
785 2101 1051 2158 disposueris
1079 2101 1137 2144 ad
1161 2101 1389 2153 uirtutem,
1424 2104 1541 2144 recte
1573 2101 1657 2144 tibi

189 2173 426 2231 procedent
445 2172 664 2215 uniuersa.
725 2170 933 2214 Politicae
953 2170 1283 2214 constitutionis
1303 2171 1519 2214 maiorum
1540 2171 1658 2214 uires

190 2241 274 2285 tibi
301 2241 524 2299 exscripsi,
551 2240 622 2283 cui
651 2239 690 2284 si
720 2240 1009 2297 obtemperas,
1029 2239 1285 2283 Plutarcum
1312 2239 1495 2283 uiuendi
1522 2240 1659 2283 habes

194 2349 234 2377 ιι
261 2338 484 2376 Plutarchus
500 2337 541 2374 M
740 2348 783 2374 21
811 2337 1134 2375 adholescentium
1151 2337 1185 2373 A
1386 2346 1431 2383 27
1458 2337 1654 2385 exscripsi]

193 2386 357 2434 expressi
372 2385 413 2421 M
507 2386 746 2432 optemperas
761 2384 796 2421 A

243 2477 273 2510 1,
291 2477 312 2503 2
331 2471 595 2513 praeceptorem
614 2467 789 2503 Traiani:
815 2466 863 2503 cf.
882 2465 986 2503 Suid.
1005 2467 1092 2503 Lex.
1110 2479 1136 2503 s.
1150 2478 1182 2503 v.
1202 2465 1430 2514 Πλούταρχος
1449 2466 1522 2513 (ed.
1537 2466 1652 2503 Gaisf.

193 2514 313 2561 3014).
471 2524 495 2558 4
525 2515 699 2559 Viryilio:
725 2525 758 2550 v.
778 2514 916 2551 Donat.
939 2515 1022 2550 Vita
1052 2515 1181 2560 Veryil.
1203 2525 1233 2550 c.
1258 2515 1310 2551 18.
1456 2523 1474 2560 5
1501 2527 1592 2561 quae
1608 2517 1658 2550 ad

192 2562 428 2598 eruditionem
448 2562 519 2597 etc.
537 2573 545 2597 z
572 2561 623 2596 cf.
639 2561 744 2598 Rom.
761 2573 817 2598 xv.
836 2573 869 2607 4.
1110 2563 1153 2598 16
1177 2572 1301 2608 quem:
1328 2572 1376 2597 sc.
1387 2564 1655 2607 principatum.

163 2634 168 2641 -
193 2619 236 2646 21
265 2609 538 2644 adolescentium
562 2619 707 2644 suorum
723 2610 816 2645 etc.:
845 2607 1083 2653 Quintiliano
1107 2611 1255 2646 constat
1279 2620 1324 2646 ex
1344 2610 1462 2644 Instit.
1492 2611 1593 2645 Orat.
1618 2609 1656 2644 iv

192 2666 356 2703 prooem.
378 2653 395 2701 ξ
414 2665 435 2691 2
460 2653 719 2692 Domitianum
738 2655 874 2692 sororis
897 2667 986 2692 suae
1010 2659 1205 2703 nepotum,
1224 2667 1316 2702 quos
1335 2656 1512 2702 paruulos
1531 2656 1654 2693 adhuc

193 2702 252 2740 sui
277 2712 503 2738 successores
535 2701 786 2739 destinaverat
812 2702 930 2748 (Suet.
960 2705 1065 2740 Dom.
1100 2703 1118 2750 ξ
1150 2704 1218 2750 15),
1254 2703 1483 2750 delegavisse
1513 2715 1654 2740 curam.

192 2750 400 2787 Puerorum
422 2748 579 2784 istorum
599 2751 749 2795 patrem
773 2749 944 2786 Flavium
969 2751 1206 2788 Clementem
1231 2753 1382 2787 tantum
1407 2762 1484 2786 non
1509 2751 1551 2786 in
1573 2750 1655 2797 ipso

194 2796 395 2835 consulatu
407 2794 523 2841 (Suet.
535 2795 606 2832 loc.
621 2796 701 2842 cit.)
715 2796 763 2833 ob
780 2797 1017 2840 atheismum,
1033 2798 1072 2834 id
1085 2801 1141 2835 est
1157 2799 1216 2844 (ut
1230 2798 1406 2843 videtur),
1419 2797 1656 2834 Christianis·

193 2857 298 2881 mum
318 2841 517 2879 interemit
541 2841 804 2887 Domitianum
827 2857 860 2880 v.
883 2844 989 2882 Dion.
1006 2845 1104 2882 Cass.
1124 2845 1227 2882 lxvii.
1250 2856 1313 2890 143
1338 2845 1385 2881 de
1409 2845 1539 2891 pueris
1562 2844 1654 2893 ipsis

193 2891 292 2928 nihil
310 2891 413 2928 ultra
428 2889 610 2927 novimus.
754 2901 798 2928 22
819 2893 1006 2939 pupillum
1022 2904 1150 2929 suum:
1176 2905 1225 2930 sc.
1243 2891 1490 2929 Alcibiadem.

238 2963 319 2983 wmm
880 2961 905 2988 0
933 2961 957 2988 0
1483 2955 1544 2988 281
