1994 3190
195 184 379 246 cAP.1v]
718 184 1156 231 POLICRATICVS
1679 197 1764 240 394
1784 198 1814 227 a

194 307 352 358 tinens,
392 309 448 357 et,
487 307 540 348 ut
586 304 728 356 credo,
773 304 946 348 sobrius
989 318 1243 360 numquam.
1321 305 1454 349 Domi
1498 307 1662 365 quippe

194 375 400 419 Chironis
429 374 681 416 habuerunt
710 373 828 416 unde
857 373 964 416 haec
992 373 1223 417 discerent.
1283 373 1443 418 Caueri
1470 391 1661 433 namque

192 444 402 488 iubentur
435 442 643 487 conuiuia
677 441 1014 492 Centaurorum,
1054 456 1082 484 a
1121 442 1282 498 quibus
1323 444 1418 487 sine
1457 445 1660 489 cicatrice

190 527 319 557 nemo
348 511 601 556 reuertitur.

154 596 182 638 ὅ,
249 581 378 635 Quod
398 581 436 625 si
456 580 666 633 historiis,
679 595 789 638 quas
809 580 901 623 suis
920 581 1076 636 poetae
1101 579 1406 624 decolorauere
1422 583 1658 639 figmentis,

188 651 298 696 fides
326 651 618 702 subtrahitur,
638 650 703 692 illi
733 650 889 707 utique
918 649 1038 693 credi
1068 663 1242 693 necesse
1272 653 1351 703 est,
1378 666 1492 707 quae
1522 667 1578 695 ex
1608 669 1659 696 eo

181 720 306 779 'quod
340 720 507 777 scripta
540 723 608 763 est
643 719 785 778 digito
823 718 921 771 Dei,
955 717 1309 776 irrefragabilem
1348 719 1467 776 apud
1508 735 1659 764 omnes

185 792 340 848 gentes
386 789 546 833 sortita
592 792 659 832 est
702 788 1026 832 auctoritatem.
1099 788 1274 832 Primus
1323 804 1429 847 ergo
1477 791 1659 847 ponitur

186 858 436 902 Nembroth
475 859 684 902 robustus
715 861 903 901 uenator
933 860 1088 901 contra
1121 857 1376 903 Dominum.
1437 859 1550 902 Eum
1592 875 1656 902 re-

128 943 170 971 ιο
185 927 373 986 probum
394 927 531 971 fuisse
551 942 640 971 non
667 927 868 985 ambigis,
890 941 1020 984 quem
1045 942 1242 970 omnium
1270 928 1499 971 doctorum
1524 930 1657 972 turba

184 997 489 1055 condempnat.
559 997 771 1040 Traditur
810 997 880 1041 hic
921 997 968 1039 in
1008 999 1182 1040 tantam
1222 996 1426 1040 elationis
1460 999 1655 1055 erupisse
1673 1005 1702 1044 b

184 1066 447 1119 uecordiam‚
477 1069 530 1110 ut
563 1081 653 1110 non
683 1069 911 1110 uereretur
946 1066 1045 1109 iura
1079 1069 1294 1110 temerare
1326 1070 1525 1118 naturae,
1555 1082 1656 1111 cum

183 1139 405 1180 consortes
420 1136 686 1180 conditionis
701 1139 747 1180 et
763 1136 949 1194 generis,
965 1150 1074 1193 quos
1091 1136 1307 1194 ingenuos
1323 1136 1400 1180 illa
1415 1143 1656 1190 creauerat,

181 1204 254 1249 hie
273 1205 496 1248 addiceret
523 1205 744 1249 seruituti.
805 1205 1075 1263 Tyrannidis
1099 1221 1204 1264 ergo
1225 1205 1457 1263 fastigium
1482 1206 1529 1249 in
1553 1221 1654 1250 con-

125 1287 166 1324 15
181 1274 411 1319 tumeliam
434 1274 644 1318 creatoris
664 1289 692 1318 a
710 1278 923 1318 uenatore
952 1275 1180 1332 incipiens,
1201 1275 1339 1319 alium
1366 1290 1455 1318 non
1479 1276 1654 1319 inuenit

182 1346 418 1397 auctorem,
453 1359 585 1401 quam
618 1358 719 1387 eum
754 1344 831 1401 qui
863 1344 910 1387 in
945 1345 1077 1388 caede
1110 1344 1307 1388 ferarum
1343 1348 1390 1388 et
1418 1345 1654 1389 uolutabro

181 1414 410 1471 sanguinis
453 1413 633 1457 Domini
675 1417 978 1471 contemptum
1018 1414 1257 1458 didicisset.
1337 1414 1496 1472 Coepit
1535 1416 1652 1458 enim

180 1485 336 1541 potens
356 1498 449 1526 esse
474 1484 521 1527 111
548 1487 679 1528 terra.
739 1483 813 1527 Sic
842 1498 1033 1541 namque
1063 1484 1279 1541 scriptum
1308 1487 1398 1527 est:
1441 1484 1505 1527 Eo
1535 1486 1653 1542 quod

181 1567 271 1597 non
290 1554 604 1611 expectauerit,
624 1556 677 1596 ut
696 1553 914 1610 acciperet
933 1568 960 1597 a
980 1553 1172 1597 Domino
1192 1557 1470 1611 potestatem.
1527 1554 1652 1598 Prin-

122 1637 165 1665 ιο
180 1622 344 1681 cipium
384 1623 509 1680 regni
550 1623 644 1666 eius
684 1622 899 1680 Babylon,
938 1622 1239 1681 dilatatusque
1279 1627 1347 1667 est
1394 1624 1442 1667 in
1486 1627 1652 1667 terram

181 1691 391 1746 Sennaar,
411 1692 488 1735 ubi
507 1707 608 1736 cum
637 1694 732 1736 tota
751 1695 872 1735 terra
900 1695 1014 1736 esset
1034 1693 1167 1736 unius
1194 1693 1300 1735 labii
1325 1693 1650 1751 eorundemque

179 1775 441 1813 sermonum,
460 1762 508 1805 in
532 1761 674 1806 celum
702 1764 848 1806 erecta
871 1765 940 1805 est
966 1762 1104 1806 turris
1129 1762 1278 1813 BabeL
1298 1763 1465 1806 habens
1488 1763 1649 1807 lateres
1666 1771 1694 1805 e

178 1845 259 1889 pro
278 1831 511 1890 lapidibus,
530 1832 731 1875 bitumen
751 1846 832 1889 pro
856 1835 1095 1882 caemento,
1114 1847 1203 1875 non
1230 1832 1398 1876 habens
1419 1833 1466 1875 in
1488 1832 1648 1876 funda-

179 1903 329 1945 mento
366 1905 552 1959 petram,
590 1901 717 1945 cuius
759 1901 975 1960 singulari
1022 1902 1246 1945 soliditate
1296 1906 1467 1946 structa
1505 1904 1649 1947 omnis

120 1981 162 2022 25
180 1970 426 2015 aedificatio
454 1971 502 2014 in
531 1971 723 2014 Domino
756 1971 1034 2015 conualescit.
1092 1972 1156 2015 At
1184 1972 1386 2029 improba
1420 1973 1648 2016 temeritas

178 2039 236 2083 ab
255 2040 427 2084 unitate
458 2040 655 2098 praecisa
680 2040 935 2098 linguarum
961 2041 1151 2085 succidit
1178 2042 1409 2091 unitatem,
1430 2045 1476 2085 et
1502 2043 1649 2099 prima

176 2108 476 2153 confusionem
508 2110 682 2160 meruit,
712 2125 825 2167 quae
859 2110 906 2153 in
938 2125 984 2154 se
1019 2125 1157 2167 quam·
1188 2111 1235 2154 in
1265 2110 1456 2154 Domino
1486 2112 1647 2155 maluit

176 2177 367 2236 gloriari.
446 2179 603 2222 Exiuit
645 2179 703 2222 ab
750 2180 832 2224 hoc
871 2180 1169 2238 prouerbium,
1214 2179 1352 2234 Quasi
1393 2180 1437 2223 N
1440 2181 1644 2224 embroth

178 2323 197 2363 5
221 2315 397 2363 hystoriis
413 2316 452 2352 M
595 2326 616 2362 7
642 2317 704 2354 dei
720 2317 758 2354 di
791 2316 843 2355 'to
860 2317 901 2354 M
1059 2328 1103 2364 14
1128 2316 1345 2356 Tirannidis
1361 2318 1423 2356 CB
1597 2330 1638 2357 21

176 2373 312 2400 sennar
329 2363 353 2400 S
495 2373 540 2410 27
566 2363 744 2411 Domino]
789 2377 833 2402 eo
851 2365 891 2401 M

225 2499 245 2535 3
269 2491 440 2526 conuiuia
459 2492 744 2528 Centaurorum:
767 2503 800 2528 v.
818 2491 925 2530 Ovid.
940 2494 1086 2530 Metam.
1110 2492 1175 2531 xii.
1355 2495 1378 2531 6
1406 2495 1466 2530 illi
1481 2496 1551 2531 etc.
1571 2507 1579 2531 :
1607 2507 1638 2531 v.

176 2534 378 2591 Qennricb,
396 2539 466 2573 Die
481 2539 617 2574 Staats-
634 2541 714 2575 und
724 2540 980 2578 Kirchenlehre
994 2542 1078 2577 Joh.
1095 2552 1162 2576 von
1178 2542 1251 2578 Sal.
1270 2553 1306 2587 p.
1327 2552 1395 2586 114
1410 2554 1418 2583 ;
1443 2542 1490 2578 cf.
1508 2544 1640 2580 Policr.

176 2594 238 2619 vu.
259 2593 310 2626 12,
323 2595 374 2638 γι.
392 2594 448 2630 29,
466 2586 612 2621 Enthet.
632 2595 720 2632 1197
733 2597 833 2632 seqq.
1010 2589 1032 2624 8
1055 2590 1205 2624 Primus
1219 2590 1292 2626 etc.
1309 2601 1318 2625 τ
1345 2588 1399 2624 De
1416 2589 1636 2631 Nembroth,

177 2629 222 2666 de
238 2631 335 2666 turn
356 2631 485 2675 Babel,
504 2634 544 2669 et
567 2632 614 2669 de
638 2633 848 2679 tyrannidis
873 2633 1019 2681 origine
1044 2646 1140 2680 quae
1163 2635 1227 2672 hic
1252 2635 1402 2682 scripsit
1427 2639 1564 2679 noster,
1591 2648 1639 2673 ex

177 2676 327 2723 Iosephi
343 2679 491 2725 Antiqua.
508 2678 532 2715 i.
554 2688 571 2725 5
590 2679 759 2718 versione
785 2681 987 2718 Rufiniana
1011 2682 1212 2728 excerpsit.
1426 2694 1448 2730 9
1473 2686 1638 2720 robustus

176 2729 333 2778 uenator·
345 2730 468 2779 contra
490 2727 709 2764 Dominum:
736 2727 829 2764 Gen.
846 2740 881 2765 x.
899 2739 932 2774 9,
956 2741 1027 2766 sec.
1044 2741 1135 2766 vers.
1159 2730 1305 2775 antiqu.
1323 2730 1370 2766 ab
1387 2730 1480 2777 Aug.
1500 2733 1543 2767 de
1563 2733 1636 2767 Cio.

178 2772 257 2814 Dei,
276 2782 348 2806 xvi.
364 2781 386 2807 2
403 2774 570 2809 citatam.
660 2783 715 2819 19,
729 2784 777 2810 20
799 2776 1029 2822 Principium
1046 2778 1139 2814 etc.:
1162 2776 1257 2813 Gen.
1274 2788 1308 2813 x.
1327 2788 1381 2814 10.
1470 2788 1510 2814 21
1540 2784 1636 2814 terra

175 2819 247 2855 etc.
263 2830 271 2855 :
297 2817 390 2855 Gen.
408 2818 463 2855 xii
473 2830 585 2866 seqq„
604 2818 736 2868 Ephes.
754 2821 794 2858 ii.
813 2832 870 2866 20,
889 2834 945 2860 21.
1040 2825 1085 2862 28
1109 2826 1242 2861 Exiuit
1259 2826 1352 2862 etc.:
1379 2823 1476 2862 Gen.
1493 2836 1528 2861 x.
1546 2835 1580 2871 9.

1483 2903 1527 2939 27
