1994 3190
213 195 375 253 cAP.·v]
742 189 1179 237 POLIGRATICVS
1699 190 1783 241 398
1801 189 1832 230 d

209 312 247 355 si
274 311 412 355 fuerit
437 310 679 354 officiorum
703 325 792 353 non
818 309 1020 354 confusio
1047 309 1124 352 sed
1148 309 1416 353 distributio.
1478 310 1575 353 Hoc
1598 309 1678 360 ita,

210 381 248 424 si
268 381 482 437 optimam
502 379 684 423 uiuendi
706 379 861 422 ducem
883 381 1090 422 naturam
1112 379 1348 434 sequimur.
1409 379 1497 422 Sed
1517 393 1636 422 nunc

961 467 1078 522 quod
1108 467 1376 509 medicorum
1407 472 1487 519 est,

382 525 652 582 promittunt
682 525 811 576 fabri,
840 525 998 568 medici
1029 525 1209 567 fabrilia
1238 529 1446 576 tractant,

172 629 190 663 5
209 609 254 650 et
273 606 463 649 officium
485 606 765 663 praesidendi
782 621 809 648 a
829 606 1118 648 uenatoribus
1134 609 1179 648 et
1196 606 1505 648 humilioribus
1526 606 1679 650 officiis

208 679 288 719 aut
320 676 455 718 etiam
487 675 714 718 maleficiis
749 678 1005 727 mutuatur3
1047 678 1093 718 et
1132 676 1410 732 priuatorum
1451 676 1679 718 temeritas

208 747 291 806 aut
326 745 584 802 disciplinae
620 745 874 803 ignorantia
914 759 960 787 se
1000 745 1136 787 audet
1176 744 1364 802 publicis
1403 744 1556 787 officiis
1596 745 1677 786 im-

208 829 400 858 miscere.

429 943 537 1001 Cap.
561 953 600 998 5.
668 944 732 987 De
762 944 862 987 alea
893 947 932 987 et
961 958 1055 987 usu
1083 947 1122 986 et
1152 942 1300 986 abusu
1330 942 1472 986 illius.

150 1063 190 1088 10
265 1041 353 1085 Sed
377 1056 484 1092 ecce,
511 1042 617 1085 duni
646 1045 908 1085 uenatorum
939 1042 1160 1084 tumultus
1190 1041 1428 1098 egreditur,
1449 1040 1562 1083 aliae
1592 1042 1675 1084 etsi

210 1111 521 1155 taciturniores
555 1115 841 1169 perstrepunt
881 1126 1038 1169 nugae.
1112 1111 1286 1154 Tritum
1323 1110 1540 1167 siquidem
1574 1125 1674 1167 pro-

205 1180 407 1225 uerbium
439 1183 530 1224 est:
563 1181 650 1234 Qui
682 1181 851 1238 lepores
886 1182 1042 1238 agitat,
1075 1181 1212 1223 uerba
1247 1180 1479 1237 consumit.
1540 1180 1603 1222 At
1637 1181 1673 1222 si
1693 1188 1781 1228 399
1802 1190 1833 1218 a

205 1250 314 1294 alios
353 1250 612 1307 diligentius
652 1251 851 1301 intueris,
891 1254 1157 1294 consumunt
1197 1254 1242 1293 et
1281 1250 1435 1300 uitam,
1475 1264 1587 1306 quae
1628 1250 1674 1293 in

204 1319 384 1379 ineptiis
411 1322 456 1362 et
487 1319 756 1363 factionibus
786 1324 866 1363 aut
895 1320 1078 1378 flagitiis
1109 1323 1205 1362 tota
1235 1323 1452 1362 uersatur.
1515 1319 1675 1361 Nonne

148 1409 187 1443 1⁵
204 1389 287 1433 tibi
327 1389 507 1432 uidetur
545 1389 715 1432 aleator
754 1389 943 1447 ineptus,
984 1390 1059 1446 qui
1110 1390 1411 1432 thessararum
1451 1404 1540 1431 non
1580 1392 1673 1431 tam

204 1458 321 1503 uiuit
351 1473 483 1516 quam
514 1459 632 1516 perit
662 1474 717 1501 ex
748 1459 906 1516 gratia,
929 1463 974 1502 et
1003 1474 1178 1502 omnem
1209 1459 1373 1501 iactum
1405 1459 1538 1501 sortis
1568 1473 1674 1501 suae

204 1527 450 1589 praesulem
491 1527 638 1572 facit?
718 1528 854 1571 Estne
894 1544 967 1572 ars
1013 1529 1293 1572 accommoda
1334 1528 1509 1578 rationi,
1548 1528 1674 1571 cuius

205 1599 372 1655 quanto
403 1597 589 1654 quisque
619 1598 881 1648 studentior,
907 1602 1035 1642 tanto
1071 1599 1157 1642 erit
1192 1598 1520 1641 exstudiosior?
1592 1598 1673 1640 At-

204 1666 354 1711 thalus
402 1667 638 1718 Asiaticus,
681 1668 719 1710 si
768 1668 1003 1725 gentilium
1054 1669 1252 1711 historiis
1302 1668 1510 1719 creditur,
1559 1668 1674 1711 hanc

147 1752 189 1777 ιο
205 1735 385 1780 ludendi
405 1736 632 1780 lasciuiam
648 1737 812 1780 dicitur
831 1738 1064 1788 inuenisse,
1080 1738 1137 1781 ab
1157 1738 1368 1782 exercitio
1388 1752 1673 1780 numerorum

203 1805 433 1865 paululum
469 1806 640 1850 deflexa
674 1808 873 1853 materia.
949 1808 1062 1851 Cum
1099 1809 1216 1850 enim
1252 1808 1526 1864 antiquiores
1561 1807 1673 1850 illud

204 1875 462 1919 exercitium
483 1875 720 1919 dumtaxat
740 1878 1050 1935 approbarent,
1065 1878 1181 1934 quod
1203 1877 1260 1920 ad
1281 1877 1672 1934 inuestigationem

204 1944 299 1988 ueri
338 1944 680 2003 disciplinasque
715 1946 918 1990 liberales
952 1948 1183 2006 proficeret
1218 1947 1290 1990 uel
1331 1951 1447 1990 recte
1488 1947 1671 1990 uiuendi

205 2013 444 2058 instrueret
482 2029 624 2066 usum,
654 2015 726 2059 hic
755 2016 910 2059 subtili
942 2017 1119 2074 quidem
1156 2017 1259 2060 licet
1290 2016 1568 2059 infructuosa
1603 2016 1669 2058 in-

146 2099 187 2134 ²5
205 2083 413 2126 uentione
453 2084 617 2127 ueteris
661 2086 861 2129 exercitii
901 2087 1113 2129 duritiam
1154 2101 1243 2129 non
1283 2086 1551 2143 temperauit
1591 2086 1667 2128 sed
1684 2091 1715 2129 b

205 2152 432 2203 emolliuit‚
463 2153 616 2196 multis
645 2154 790 2198 adhuc
819 2156 866 2199 in
897 2157 1087 2214 pristina
1116 2156 1400 2198 manentibus
1429 2156 1667 2212 grauitate.

202 2220 245 2264 A
281 2222 485 2265 manibus
524 2238 715 2281 namque
764 2225 1003 2269 Grecorum
1050 2226 1212 2268 abacus
1252 2225 1450 2268 nondum
1502 2225 1669 2268 excidit

203 2292 282 2334 aut
307 2291 423 2333 ratio
452 2291 697 2335 calculandi
722 2298 802 2338 aut
831 2295 962 2338 ludus
993 2296 1039 2337 in
1070 2310 1158 2352 quo
1188 2294 1383 2352 perfecte
1414 2294 1571 2337 uicisse
1602 2298 1670 2337 est

202 2359 259 2403 ad
278 2359 588 2403 denuntiatum
609 2362 824 2406 calculum
845 2364 891 2407 in
919 2365 1086 2422 campis
1116 2364 1359 2407 aduersarii
1387 2364 1669 2407 constituisse

202 2472 226 2508 9
248 2461 366 2509 illius]
384 2462 464 2500 eius
480 2463 524 2508 A,
544 2463 568 2499 S
581 2465 637 2511 (in
654 2467 797 2503 rubr-coa
814 2479 894 2514 cap.
908 2467 1096 2514 praefixa)
1189 2478 1232 2515 19
1257 2468 1435 2515 hystoriis
1453 2468 1526 2504 Bu
1623 2470 1668 2505 28

203 2509 259 2540 (uel
271 2510 365 2540 ulans)

202 2542 370 2590 perfecte
386 2543 442 2580 A:
479 2545 591 2591 plene
609 2545 676 2582 SM

251 2646 273 2672 2
297 2638 467 2682 optimam
484 2639 578 2676 ete:
604 2638 679 2677 Cio.
696 2642 740 2676 de
752 2641 899 2676 Amicit.
918 2641 938 2684 §
961 2651 1015 2686 19.
1112 2651 1132 2686 3
1157 2644 1252 2688 quod
1268 2643 1362 2678 eta:
1388 2642 1477 2678 Hor.
1495 2643 1565 2688 Ep.
1578 2641 1615 2677 ii.
1637 2652 1666 2678 1.

207 2691 284 2728 115,
305 2684 382 2720 116.
495 2686 536 2721 18
566 2687 734 2722 Atthalus
749 2689 820 2723 etc.
835 2700 843 2723 :
868 2699 915 2724 ex
932 2687 1067 2724 Catulo
1085 2688 1277 2725 Parmensi
1294 2689 1456 2726 testibus
1473 2689 1579 2726 codd.
1598 2688 1665 2724 SP.

205 2739 251 2775 29
281 2731 535 2767 denuntiatum
576 2734 754 2770 calculum
788 2734 915 2770 forsan
952 2737 994 2771 ut
1032 2734 1110 2771 viro
1152 2736 1266 2772 docto
1300 2736 1329 2772 I.
1362 2736 1405 2772 A.
1441 2736 1469 2771 I.
1505 2735 1667 2772 Drewitt

198 2775 633 2869 gaffilhl'lgffidalenensi
649 2781 751 2827 apud
768 2781 886 2819 Oxon.
900 2781 1018 2819 visum
1035 2784 1093 2820 est
1108 2781 1210 2821 idem
1227 2783 1327 2830 quod
1341 2783 1501 2830 Anglice
1518 2785 1667 2820 marked

1513 2910 1554 2944 35
