1994 3190
175 233 274 268 off.
290 220 362 282 χι]
702 218 1140 266 PomcRA'rIcvs

177 342 334 388 Omnis
356 342 520 387 etenim
545 340 835 399 magistratus
857 338 1056 382 iustitiae
1082 337 1278 382 famulus
1304 341 1382 382 est.
1452 337 1642 382 Constat

176 415 326 456 autem
346 412 451 469 quia
465 410 665 468 aequitas
680 409 900 452 alienatur
911 423 939 451 a
950 407 1194 460 uenditore,
1210 408 1313 451 licet
1329 408 1386 451 ad
1399 410 1641 465 emptorem

175 495 266 525 non
285 483 484 524 transeat
496 494 506 533 ;
536 482 582 523 et
610 481 760 536 empta
788 477 1001 534 iniquitas
1030 477 1092 520 sic
1123 477 1180 520 ad
1210 480 1452 534 emptorem
1479 475 1642 520 transit

176 553 230 594 ut
258 563 536 606 nequaquam
565 562 593 591 a
620 547 851 591 uenditore
876 545 1064 590 recedat.
1123 545 1183 589 Et
1209 546 1327 602 quod
1354 546 1401 588 in
1421 546 1521 588 aliis
1540 559 1641 588 con-

139 635 160 670 5
177 618 393 663 tractibus
417 633 506 661 non
532 616 762 674 reperitur,
781 615 900 659 solus
924 615 999 658 ille
1025 615 1244 658 iustitiam
1269 616 1426 658 uendit
1445 615 1521 672 qui
1552 629 1641 657 non
1658 618 1687 657 b

112 687 115 691 ’
175 688 322 732 habet.
400 687 628 744 Siquidem
666 688 771 729 ante
818 685 1126 728 commercium
1165 684 1378 740 relinquit
1415 684 1642 727 sordidum

176 757 464 801 uenditorem.
524 756 684 799 Nonne
699 755 903 799 sordidus
917 757 985 797 est
999 754 1075 811 qui
1091 753 1148 796 ad
1163 756 1365 810 acceptas
1384 753 1456 796 uel
1472 753 1645 796 oblatas

177 826 327 870 sordes
346 825 658 870 conscientiam
687 824 850 882 polluit
876 827 922 867 et
950 838 1039 866 non
1068 826 1162 866 tam
1191 822 1411 866 iustitiam
1441 822 1644 865 uenalem

177 895 313 939 habet
352 909 485 952 quam
527 894 722 937 animam
764 892 923 937 suam?
1000 892 1167 936 Doctor
1211 892 1414 949 gentium
1460 891 1644 934 diuitias

120 982 162 1006 10
178 965 364 1008 honores
384 967 430 1007 et
449 964 588 1008 totius
614 963 770 1006 mundi
796 962 968 1006 uariam
995 961 1341 1019 suppellectilem
1369 960 1645 1017 contempnit

177 1037 231 1078 ut
264 1036 467 1084 stercora,
500 1036 553 1077 ut
586 1033 729 1077 solum
763 1030 1013 1076 lucrifaciat
1048 1030 1290 1083 Christum,
1325 1034 1450 1073 ratus
1484 1030 1645 1079 omnia,

178 1118 292 1160 quae
341 1102 620 1160 dispendium
669 1101 826 1145 salutis
865 1101 1068 1151 afferunt,
1107 1100 1311 1143 sordibus
1350 1099 1645 1157 aggreganda.

179 1172 314 1215 Recte
345 1171 523 1228 quidem
557 1174 603 1214 et
631 1170 834 1222 fideliter,
855 1183 906 1212 eo
938 1168 1056 1226 quod
1085 1169 1223 1212 nichil
1253 1169 1481 1219 mundum,
1508 1167 1644 1211 nichil

178 1241 424 1291 honestum,
440 1240 577 1283 nichil
597 1239 754 1283 decens
774 1239 962 1282 salutem
982 1237 1179 1295 impedit,
1192 1238 1269 1281 sed
1290 1238 1383 1281 sola
1398 1237 1644 1294 turpitudo,

122 1332 162 1365 ¹5
179 1324 304 1367 quae,
318 1309 435 1354 sicut
454 1309 645 1362 dedecet,
658 1308 720 1352 sic
741 1311 787 1352 et
806 1307 1036 1351 immunda
1054 1310 1123 1350 est
1138 1309 1184 1350 et
1198 1311 1316 1351 certe
1336 1307 1522 1358 inutilis,
1535 1306 1645 1350 adeo

179 1379 422 1437 dampnosa
442 1381 490 1422 ut
503 1378 626 1422 nullo
638 1378 870 1435 temporali
886 1377 1183 1421 emolumento
1197 1376 1346 1420 ualeat
1360 1376 1645 1434 compensari.

180 1448 299 1502 Quid
318 1448 435 1492 enim
455 1448 634 1505 prodest
653 1447 834 1499 homini,
855 1447 893 1490 si
919 1446 1178 1490 uniuersum
1205 1446 1421 1489 mundum
1448 1446 1645 1489 lucretur

178 1516 346 1561 faciens
364 1517 679 1560 detrimentum
700 1517 874 1560 animae
893 1517 1029 1560 suae?
1087 1515 1147 1559 Et
1166 1516 1270 1559 uide
1290 1516 1396 1572 quia
1417 1530 1507 1558 non
1527 1515 1644 1558 dixit
1663 1533 1687 1563 c

180 1586 395 1630 mundum
414 1586 618 1630 inutilem
638 1586 715 1629 ubi
735 1586 855 1629 salus
869 1585 1082 1643 perditur,
1094 1585 1171 1628 sed
1186 1585 1321 1628 etiam
1336 1585 1413 1628 ubi
1426 1585 1646 1628 minuitur

121 1678 166 1704 20
181 1656 335 1714 gloria.
395 1655 695 1710 Quantumuis
721 1655 908 1699 rutilent
931 1670 1141 1712 gemmae,
1161 1669 1319 1698 aurum
1349 1654 1580 1711 splendeat
1601 1659 1646 1697 et

180 1725 384 1769 omuibus
417 1724 644 1769 lenociniis
675 1725 767 1768 suis
806 1725 1001 1768 arrideat
1038 1724 1242 1774 mundus,
1276 1724 1486 1781 quicquid
1517 1738 1645 1766 mun-

179 1794 337 1838 ditiam
369 1794 560 1838 hominis
590 1795 782 1852 perimit,
814 1795 1064 1847 sordidum;
1094 1793 1211 1851 quod
1241 1794 1441 1837 decorem
1471 1794 1645 1836 animae

180 1864 416 1922 extinguit,
435 1867 589 1922 turpe3
618 1864 735 1921 quod
755 1864 1032 1908 honestatem
1053 1863 1287 1914 subuertit,
1302 1863 1645 1921 ignominiosum

180 1937 260 1977 est.
329 1933 457 1976 Vnde
490 1937 536 1978 et
577 1934 696 1992 apud
730 1934 938 1991 antiquos
970 1934 1105 1977 etiam
1144 1932 1403 1976 salutiferae
1441 1932 1648 1976 ueritatis

122 2022 163 2056 25
181 2002 360 2060 ignaros
383 2017 512 2046 omne
537 2003 655 2060 quod
676 2018 733 2046 ex
752 2003 903 2046 debito
928 2002 1058 2046 officii
1078 2002 1326 2060 gratuitum
1348 2016 1440 2045 esse
1461 2005 1647 2059 oportet,

180 2072 218 2116 si
237 2073 318 2116 fiat
337 2072 393 2115 ad
413 2072 617 2130 pretium,
637 2072 685 2115 in
713 2072 917 2115 sordibus
942 2074 1237 2129 computatur.
1295 2070 1443 2128 Ipsius
1473 2085 1647 2128 quoque

180 2141 313 2199 pretii
333 2141 395 2185 sic
415 2142 607 2186 dilatant
626 2141 1049 2199 interpretationem,
1069 2144 1122 2184 ut
1141 2155 1230 2183 non
1258 2140 1388 2183 modo
1413 2140 1646 2197 pecuniam

181 2211 424 2268 speciemue
466 2211 702 2262 contineat,
741 2211 818 2254 sed
856 2210 1115 2267 obsequium
1154 2223 1417 2266 omnemque
1456 2224 1647 2267 operam,

181 2283 399 2336 quatenus
427 2280 537 2323 alias
567 2294 657 2323 non
685 2280 884 2324 debetur.
943 2279 1072 2333 Quod
1101 2279 1219 2322 enim
1249 2293 1306 2321 ex
1335 2279 1538 2323 sordibus
1568 2282 1646 2330 est,

121 2368 165 2402 30
182 2349 290 2406 quid
321 2349 407 2392 erit
439 2349 526 2392 nisi
557 2349 813 2393 sordidqu
888 2349 991 2392 Non
1026 2348 1144 2392 enim
1183 2351 1331 2405 potest
1364 2348 1496 2391 arbor
1530 2348 1647 2392 mala
1663 2353 1692 2393 d

182 2417 356 2462 fructus
383 2418 522 2462 bonos
548 2417 704 2471 facere,
733 2433 834 2463 cum
865 2418 913 2461 in
943 2433 994 2462 eo
1023 2418 1094 2461 uis
1122 2420 1310 2460 naturae
1339 2418 1564 2470 consistat,
1595 2422 1647 2461 ut

185 2532 202 2559 1
230 2520 392 2566 etenim]
419 2521 520 2558 enim
538 2521 603 2557 SM
763 2532 784 2558 2
810 2520 956 2568 autem]
975 2520 1078 2559 enim
1095 2521 1135 2558 M
1290 2529 1308 2567 5
1337 2532 1377 2558 re
1408 2521 1556 2568 peritur
1572 2521 1646 2559 AM

186 2579 230 2606 ιο
252 2568 530 2615 supellectilem
546 2567 572 2605 S
667 2569 880 2606 contemnit
897 2569 925 2606 C
1072 2579 1113 2607 12
1139 2569 1357 2616 agreganda
1373 2533 1406 2604 ἕ

229 2678 263 2712 9.
289 2669 423 2704 Doctor
433 2669 612 2713 gentium:
636 2679 669 2703 v.
687 2666 855 2714 Philipp.
872 2666 928 2703 iii.
946 2668 979 2704 8.
1099 2676 1142 2712 17
1170 2668 1266 2711 Quid
1281 2669 1377 2703 enim
1387 2669 1535 2713 prodest
1551 2669 1622 2705 etc.
1637 2681 1646 2706 ε

183 2727 216 2752 v.
228 2715 316 2751 Luc.
329 2714 451 2768 i¹·.25·
501 2714 546 2751 In
562 2714 674 2761 Vulg.
687 2714 872 2751 hodierna
885 2716 1030 2761 proficit
1041 2714 1207 2761 legitur;
1225 2714 1290 2751 sed
1300 2717 1448 2761 prodest
1465 2717 1590 2752 exstat
1608 2715 1648 2752 in

183 2762 313 2799 codice
331 2761 510 2798 aniano
525 2774 534 2804 ς
559 2774 592 2798 v.
608 2761 866 2798 Wordsworth
881 2764 915 2798 &
931 2761 1064 2799 White
1080 2773 1117 2808 p.
1136 2763 1216 2808 369.
1359 2773 1405 2807 24
1430 2765 1533 2807 apud
1549 2765 1647 2798 anti·

225 2821 294 2894 g&
312 2808 500 2894 {ndissde
526 2810 591 2855 off.
610 2808 651 2845 ii.
668 2809 692 2846 6
711 2807 753 2856 §§
773 2818 831 2855 21,
848 2818 906 2846 22.
1092 2819 1138 2855 30
1161 2810 1246 2846 Non
1269 2814 1386 2855 potest
1413 2810 1523 2846 arbor
1548 2811 1645 2848 etc.:

1472 2937 1538 2971 333

1657 218 1745 268 ⁵69
1764 226 1796 258 a
