1994 3190
149 231 246 264 OAP.
262 218 365 279 x1v]
663 215 1100 263 POLICRATICVS
1628 226 1704 268 ⁵75
1722 227 1752 257 a

147 343 216 384 est
249 339 367 397 quod
398 341 584 382 naturae
619 338 787 400 negotii
824 338 1044 389 conuenit,
1078 337 1196 394 quod
1236 337 1495 381 inimicitiae
1533 341 1615 381 aut

147 409 319 466 gratiae
333 408 579 466 suspicione
594 398 732 460 earetj
757 407 1122 464 confirmabitque
1141 407 1276 449 iudex
1290 410 1461 450 motum
1476 407 1615 450 animi

148 479 217 522 sui
248 493 304 522 ex
330 477 604 535 argumentis
631 479 677 520 et
706 476 972 520 testimoniis
1000 491 1112 532 quae
1143 476 1206 518 rei
1236 477 1410 533 aptiora
1436 479 1482 520 et
1508 491 1615 520 uero

147 547 418 604 proximiora
447 561 540 590 esse
569 546 842 603 compererit.
914 545 1018 588 Non
1049 545 1166 588 enim
1195 545 1251 587 ad
1281 546 1615 589 multitudinem

109 633 128 666 5
148 616 305 674 respici
324 619 510 674 oportet,
532 615 609 659 sed
630 615 686 658 ad
707 615 921 659 sinceram
941 614 1123 658 testium
1145 614 1276 656 fidem
1297 617 1342 657 et
1362 615 1616 658 testimonia

148 686 309 743 quibus
346 685 495 743 potius
534 685 614 727 lux
653 684 858 728 ueritatis
892 683 1073 728 assistit.
1133 683 1248 740 Ipsis
1283 698 1456 740 quoque
1491 699 1615 741 prae-

148 754 473 812 sumptionibus
513 753 868 810 frequentissime
906 753 1046 796 stabit
1085 752 1222 796 donec
1264 753 1478 810 probetur
1515 769 1615 797 con-

148 825 347 880 trarium.
420 823 539 866 Nam
579 825 624 866 et
664 822 884 875 Salomon,
924 836 1024 866 cum
1065 822 1112 864 in
1151 822 1297 879 litigio
1335 823 1616 865 meretricum

148 893 368 936 infantem
397 892 539 936 diuidi
568 892 870 951 praecepisset,
901 895 947 935 et
986 892 1129 935 altera
1163 906 1264 934 eum
1299 892 1453 935 mallet
1487 893 1617 935 alteri

91 980 132 1004 10
149 963 306 1006 uiuum
331 962 497 1014 cedere,
518 962 615 1019 ipsa
638 965 788 1005 tamen
807 961 1103 1005 reclamante:
1133 961 1227 1004 Nec
1258 961 1392 1004 michi
1423 977 1502 1005 nec
1533 962 1617 1004 tibi

149 1031 221 1084 sit,
233 1032 311 1075 sed
325 1019 573 1084 diuidatur;
599 1031 665 1074 illi
681 1045 838 1074 muum
858 1029 1078 1073 infantem
1094 1030 1418 1074 restituendum
1434 1031 1617 1082 censuit,

150 1116 262 1158 quae
296 1116 386 1145 non
419 1101 649 1158 adquieuit
683 1103 735 1143 ut
766 1100 899 1143 uiuus
933 1103 1190 1143 moreretur.
1250 1100 1527 1158 Argumento
1558 1100 1615 1143 si·
1635 1104 1664 1142 b

151 1171 329 1228 quidem
367 1170 584 1228 probabili
624 1170 886 1213 trahebatur
931 1172 984 1213 ut
1034 1173 1221 1213 matrem
1262 1171 1459 1214 crederet
1503 1185 1615 1227 quae

153 1241 377 1299 diligebat,
396 1255 496 1284 cum
526 1239 777 1298 opinionem
809 1240 904 1283 eius
931 1243 1011 1283 aut
1037 1240 1171 1283 fidem
1198 1240 1387 1284 aduersa
1412 1240 1616 1298 probatio

93 1324 132 1358 15
152 1324 430 1367 nequaquam
451 1311 695 1352 euacuaret.
754 1308 882 1352 Vnde
909 1312 955 1352 et
981 1309 1113 1352 diuus
1139 1309 1366 1353 Adrianus
1392 1308 1618 1366 rescripsit

152 1378 390 1423 iudicantis
423 1378 616 1421 dilatans
654 1378 701 1420 in
740 1378 1068 1422 examinatione
1107 1379 1290 1422 testium
1330 1379 1617 1430 facultatem3

152 1451 197 1492 et
217 1448 354 1492 uerba
372 1447 549 1505 quidem
569 1447 778 1505 epistolae
805 1448 912 1491 haec
932 1451 1060 1492 sunt:
1091 1448 1159 1491 Tu
1186 1449 1328 1506 magis
1354 1449 1464 1492 scire
1491 1452 1617 1506 potes

152 1521 320 1576 quanta
348 1512 456 1560 fides
485 1517 686 1560 habenda
716 1517 776 1560 sit
806 1517 1006 1568 testibus,
1037 1518 1113 1575 qui
1147 1519 1274 1562 cuius
1308 1519 1542 1577 dignitatis
1572 1523 1618 1562 et

152 1587 278 1631 cuius
307 1586 598 1630 estimationis
627 1587 730 1638 sint,
757 1590 803 1630 et
833 1587 910 1644 qui
937 1587 1197 1644 simpliciter
1226 1588 1312 1631 uisi
1343 1589 1434 1631 sint
1461 1589 1618 1640 dicere,

93 1673 136 1696 20
154 1660 304 1700 utrum
338 1671 476 1700 unum
510 1657 784 1714 eundemque
815 1672 1059 1701 sermonem
1089 1658 1353 1702 meditatum
1382 1659 1619 1702 attulerint

153 1740 212 1768 an
251 1726 308 1769 ad
347 1740 398 1769 ea
442 1740 554 1784 quae
599 1726 943 1784 interrogaueris
982 1742 1038 1770 ex
1077 1730 1275 1785 tempore
1317 1728 1620 1771 uerisimiliter

152 1794 468 1852 responderint.
539 1795 664 1849 Quae
693 1799 957 1853 argumenta
986 1799 1032 1840 et
1062 1797 1432 1854 quemadmodum
1462 1797 1620 1854 cuique

152 1865 216 1908 rei
255 1864 505 1922 probandae
543 1865 774 1916 sufficiant,
810 1866 934 1908 nullo
972 1869 1093 1909 certo
1125 1866 1255 1912 modo
1289 1867 1398 1910 satis
1437 1867 1619 1910 diffiniri

154 1937 318 1992 potest,
372 1934 496 1978 Alias
514 1949 724 1978 numerus
744 1935 940 1986 testium,
954 1935 1065 1978 alias
1085 1936 1282 1994 dignitas
1302 1940 1346 1980 et
1366 1937 1620 1987 auctoritas,

94 2015 135 2049 25
156 2003 422 2048 alias'ueluti
436 2004 712 2048 consentiens
733 2004 855 2048 fama
867 2006 1100 2049 confirmat
1126 2006 1189 2048 rei
1208 2006 1262 2049 de
1283 2021 1371 2063 qua
1390 2007 1621 2063 quaeritur
1638 2006 1662 2047 c'

155 2073 300 2132 fidem.
372 2073 469 2116 Hoc
507 2073 648 2131 igitur
680 2074 823 2117 solum
862 2075 947 2118 tibi
982 2075 1244 2133 respondere
1284 2090 1461 2133 possum
1502 2090 1620 2118 sum·

153 2142 322 2194 matim,
341 2157 430 2186 non
458 2142 614 2200 utique
638 2143 695 2187 ad
722 2159 857 2187 unam
886 2145 1074 2202 speciem
1103 2145 1378 2202 probationis
1406 2145 1619 2203 cognitio·

153 2227 255 2255 nem
285 2211 437 2255 statim
467 2211 641 2269 alligari
670 2213 839 2264 debere,
866 2214 943 2257 sed
973 2229 1029 2257 ex
1059 2214 1280 2257 sententia
1309 2214 1447 2257 animi
1477 2215 1544 2257 tui
1575 2218 1621 2257 te

154 2282 360 2325 estimare
393 2284 593 2338 oportere
629 2282 736 2339 quid
778 2286 857 2326 aut
891 2283 1043 2327 credas
1077 2287 1158 2327 aut
1191 2298 1349 2341 parum
1384 2284 1620 2341 probatum

94 2362 138 2395 30
154 2351 239 2394 tibi
258 2350 459 2408 opineris.
519 2351 662 2395 Iudici
684 2367 788 2409 ergo
807 2352 1051 2409 plurimum
1071 2353 1186 2404 licet,
1206 2353 1313 2396 dum
1341 2353 1388 2396 in
1415 2354 1620 2396 omnibus

154 2419 321 2462 seruiat
340 2419 532 2471 ueritati,
547 2435 679 2477 quam
700 2421 737 2463 si
759 2422 827 2475 (ut
846 2421 973 2477 solet)
994 2422 1112 2479 apud
1132 2422 1355 2479 improbos
1376 2423 1619 2480 periclitari

154 2488 422 2546 cognouerit,
460 2489 517 2531 ad
555 2489 871 2546 professionem
915 2491 1009 2534 eius
1049 2491 1125 2548 qui
1165 2492 1398 2535 necessarii
1439 2491 1620 2542 fuerint,

155 2617 176 2642 2
203 2606 356 2642 modum
371 2606 412 2642 M
578 2616 618 2651 17
645 2609 734 2644 sunt
747 2608 841 2645 haec
859 2608 900 2644 M
1067 2619 1109 2646 21
1138 2608 1344 2647 uerisimile
1363 2609 1403 2645 M
1574 2610 1619 2646 28

154 2652 316 2699 allegari
328 2653 377 2688 A²
518 2664 564 2700 30
587 2655 691 2701 ergo]
710 2667 799 2692 uero
818 2655 858 2691 M

203 2764 224 2799 8
249 2764 346 2798 Nam
362 2768 396 2798 et
410 2763 577 2799 Salomon
595 2765 686 2800 etc.:
712 2776 744 2800 v.
764 2775 784 2810 3
803 2763 892 2812 Reg.
910 2764 967 2801 iii.
982 2767 1024 2803 16
1037 2777 1141 2820 seqq.
1282 2775 1322 2812 15
1348 2768 1447 2802 Vnde
1464 2771 1494 2802 et
1510 2768 1623 2802 dimus

156 2812 348 2847 Adrianus
363 2821 479 2867 usque
497 2811 545 2846 ad
561 2813 723 2856 opinem's
739 2811 821 2858 (575
837 2816 899 2857 c):
925 2825 956 2850 v.
974 2814 1060 2858 Diy
1078 2812 1169 2849 xxii.
1189 2822 1220 2860 5.
1239 2824 1260 2860 3
1279 2813 1321 2860 ξξ
1345 2824 1374 2858 1,
1392 2825 1426 2850 2.
1574 2824 1618 2859 32

153 2859 218 2906 qui
233 2869 422 2894 necessum
416 2859 577 2903 fuerant
593 2860 687 2895 etc.:
713 2871 745 2894 v.
763 2860 846 2905 Dia.
865 2859 956 2895 xxii.
977 2869 1008 2906 5.
1029 2871 1049 2906 3
1069 2859 1087 2907 ξ
1107 2862 1140 2898 6.

1445 2940 1511 2973 343
