1994 3190
217 179 307 229 ³96
325 178 356 220 <1
701 175 961 221 IOANNIS
1001 175 1515 221 SARESBERIENSIS
1695 174 1840 236 [mn-1

373 299 580 342 alienum.
639 297 734 341 Nee
765 301 833 341 est
864 297 982 355 quod
1022 311 1288 355 quemquam
1326 300 1470 355 magis
1508 297 1672 349 deceat,
1706 311 1840 355 quam

226 382 307 423 397
327 383 358 413 a
374 368 492 425 quod
523 367 664 411 officio
697 367 909 424 cuiusque
937 367 1080 425 magis
1113 367 1442 411 accommodum
1476 370 1556 411 est.
1614 367 1841 411 Praeclare

373 437 591 494 siquidem
626 437 692 480 ait
726 437 909 490 ethicus,
943 437 1219 495 singularum
1253 451 1541 495 personarum
1574 437 1732 480 decora
1766 437 1840 480 de·

372 507 579 558 scribens,
600 505 655 549 Id
675 521 1034 564 unumquemque
1054 507 1180 552 decet
1193 506 1399 557 maxime,
1412 507 1530 563 quod
1545 509 1613 550 est
1627 507 1840 563 cuiusque

373 576 579 619 maxime.
643 576 763 629 Quid
803 590 908 633 ergo
946 576 1082 619 michi
1122 579 1168 620 et
1206 576 1292 620 tibi
1330 590 1432 620 cum
1470 576 1697 619 uenatoris
1740 590 1840 633 pro·
1859 592 1879 627 ⁵

373 645 594 690 sessione?
652 645 746 689 Sua
765 659 958 702 namque
977 645 1179 702 neglecta
1199 645 1508 702 turpissimum
1528 647 1607 697 est,
1623 659 1842 702 quemque

372 715 614 758 studiosius
653 714 701 757 in
741 714 886 759 aliena
924 714 1106 758 uersari.
1185 714 1305 768 Quid
1343 714 1385 757 ei
1434 728 1535 758 eum
1579 714 1757 771 priuato
1796 717 1843 758 et

372 784 597 827 rusticano
637 783 826 827 fortasse
866 783 1027 834 studio,
1059 783 1137 840 qui
1175 783 1378 840 publicae
1417 783 1696 826 auctoritatis
1734 783 1841 826 insi·

371 853 534 910 gnibus
564 852 740 910 fulget‘ss
798 851 969 895 Ducem
998 854 1212 909 sequatur
1240 851 1442 909 populus,
1470 852 1623 896 doctor
1652 852 1841 895 seminet

372 922 662 979 disciplinam,
691 921 828 964 iudex
851 922 1081 965 coherceat
1110 921 1428 978 delinquentes,
1451 921 1672 965 studiosos
1696 935 1841 965 remu·
1862 937 1904 962 10

372 995 499 1034 neret
525 991 806 1049 indulgentia
830 991 1077 1048 potestatis,
1097 991 1265 1048 priuati
1288 990 1534 1034 minoribus
1560 994 1842 1048 occupentur,

373 1060 701 1104 honestioribus
749 1060 944 1118 ingenui,
983 1060 1217 1105 uilioribus
1260 1060 1435 1106 seruilis
1478 1060 1674 1105 conditio
1716 1075 1839 1104 man-

372 1129 569 1187 cipetur3

327 1221 357 1259 b
547 1241 652 1270 nam
682 1227 800 1284 quod
828 1230 960 1286 turpe
989 1226 1117 1272 bonis
1146 1227 1249 1272 Seio
1278 1227 1514 1286 Thitioque
1534 1227 1707 1272 decebit

547 1285 815 1343 Crispinum.
1862 1305 1902 1340 15

373 1377 447 1422 Sic
477 1378 633 1435 utique
659 1392 760 1421 eum
787 1377 930 1421 multa
955 1378 1048 1422 sint
1074 1378 1271 1422 eiusdem
1294 1379 1489 1436 eorporis
1516 1378 1725 1430 membra,
1749 1393 1840 1422 non

372 1447 522 1490 omnia
541 1448 683 1490 eidem
704 1448 824 1491 actui
845 1448 1059 1499 seruiunt,
1075 1447 1152 1492 sed
1172 1462 1254 1492 sua
1273 1451 1380 1492 sunt
1395 1448 1536 1491 officia
1551 1448 1842 1506 singulorum.

374 1517 462 1571 Qui
502 1532 607 1575 ergo
646 1519 776 1560 tuum
815 1518 1019 1561 uenatori
1066 1532 1156 1561 non
1201 1517 1332 1570 cedis,
1370 1533 1450 1561 eur
1494 1518 1614 1561 illius
1653 1532 1842 1575 usurpas

373 1586 594 1630 officium2
654 1587 815 1630 Nonne
839 1587 1067 1645 reputabis
1087 1587 1333 1645 indignum,
1349 1587 1387 1631 si
1407 1587 1464 1630 ad
1485 1602 1670 1645 regnum
1691 1588 1763 1631 uel
1783 1588 1840 1631 ad

372 1657 649 1714 pontificium
684 1660 872 1700 uenator
905 1657 1104 1715 aspiret?
1163 1656 1382 1714 Equidem
1420 1657 1647 1714 indignius
1687 1662 1765 1709 est,
1802 1658 1840 1701 si
1860 1672 1902 1696 20

373 1726 430 1769 ab
465 1726 682 1770 alterutro
717 1726 899 1784 fastigio
933 1726 991 1770 ad
1026 1726 1253 1770 uenatoris
1286 1726 1559 1771 carnificium
1588 1727 1661 1770 uel
1691 1727 1841 1771 sordes

373 1796 630 1852 prolabaris.
704 1795 894 1839 Innatus
934 1796 1099 1839 etenim
1138 1810 1263 1839 amor
1300 1795 1405 1839 boni
1449 1810 1621 1853 semper
1666 1797 1842 1853 quaerit

373 1879 626 1918 ascensum3
676 1880 700 1908 e
740 1869 894 1909 contra
933 1865 1074 1908 fomes
1120 1865 1223 1908 uitii
1269 1868 1426 1923 sponte
1463 1880 1544 1908 sua
1589 1866 1737 1923 uergit
1781 1866 1840 1909 ad

373 1949 586 1978 occasum.
646 1933 792 1978 Causa
826 1950 1000 1992 quoque
1040 1938 1190 1978 aetum
1229 1934 1394 1992 poterit
1434 1934 1649 1986 decorare,
1684 1935 1722 1978 si
1761 1939 1842 1979 aut

373 2004 634 2047 necessitate
674 2004 889 2047 subsistat
928 2007 1007 2047 aut
1047 2005 1199 2062 uigeat
1243 2005 1440 2048 utilitate
1486 2007 1566 2047 aut
1608 2005 1839 2048 honestate
1861 2017 1901 2051 ²5

373 2073 659 2130 splendescat,
688 2088 788 2116 cum
819 2088 875 2115 ex
904 2075 1065 2116 affectu
1095 2074 1256 2117 mentis
1287 2077 1384 2118 tota
1413 2074 1562 2117 ualeat
1590 2074 1842 2118 substantia

372 2142 518 2200 operis
537 2142 733 2186 colorari.
794 2143 992 2186 Affectus
1013 2145 1176 2186 etenim
1198 2146 1314 2195 tuus,
1335 2146 1387 2187 ut
1414 2143 1479 2186 ait
1504 2143 1691 2201 sapiens,
1719 2144 1841 2201 operi

330 2222 355 2252 c
373 2215 452 2256 tuo
482 2227 642 2255 nomen
674 2212 873 2269 imponit.
934 2212 1272 2269 Ineulpabiliter
1301 2228 1358 2256 ex
1386 2213 1527 2256 sancti
1555 2213 1695 2270 patris
1716 2228 1839 2256 man-

372 2282 478 2324 dato
518 2284 731 2325 uenatum
777 2280 1003 2339 profectus
1039 2285 1106 2324 est
1146 2282 1277 2334 Esau,
1309 2285 1362 2325 ut
1397 2285 1442 2325 et
1481 2282 1622 2339 patris
1656 2282 1841 2325 satiaret

372 2351 572 2402 esuriem,
622 2354 668 2394 et
716 2350 977 2408 promissam
1034 2350 1383 2395 benedictionem
1439 2351 1625 2408 impensi
1680 2351 1839 2395 merito
1859 2362 1902 2395 30

372 2420 569 2477 obsequii
590 2419 823 2464 obtineret.
882 2419 931 2463 Si
953 2419 1069 2463 enim
1090 2420 1185 2463 sine
1206 2420 1336 2479 culpa
1356 2420 1549 2464 exerceri
1570 2435 1660 2463 non
1680 2423 1840 2477 posset,

375 2597 418 2634 18
443 2595 565 2633 credin
581 2596 620 2632 Μ
764 2605 811 2633 20
834 2594 1018 2642 indignus
1033 2597 1091 2633 est
1110 2596 1149 2633 M
1285 2606 1331 2642 24
1347 2562 1531 2634 (301031111ιῖ)
1544 2596 1598 2634 A:
1626 2609 1755 2634 casum
1772 2596 1838 2634 SM

419 2739 440 2772 4
468 2730 511 2764 Id
529 2741 814 2776 unumquemque
830 2731 923 2766 etc.:
949 2741 982 2764 v.
1000 2727 1076 2765 Cic,
1092 2730 1135 2764 ‹le
1155 2729 1223 2782 Off.
1239 2727 1263 2764 i.
1282 2738 1322 2774 31
1346 2729 1364 2773 §
1388 2738 1453 2774 113
1575 2738 1615 2773 14
1641 2740 1728 2764 nam
1744 2730 1840 2775 quod

372 2777 468 2812 cto:
499 2776 573 2812 Iuv.
592 2779 665 2812 Sat.
684 2776 729 2812 iv.
753 2787 806 2821 13,
830 2787 880 2823 ¹4·
929 2775 987 2812 cf.
1012 2777 1142 2813 l’olicr.
1161 2787 1238 2812 vm.
1262 2786 1312 2811 12.
1496 2784 1539 2820 27
1566 2778 1725 2820 Affectus
1741 2778 1835 2814 eta:

370 2822 539 2859 Ambros.
557 2825 599 2859 αι’
619 2826 683 2869 Off
704 2825 797 2861 Min.
816 2823 838 2861 i.
857 2834 904 2871 30
922 2825 941 2871 §
965 2834 1041 2869 147.
1182 2833 1228 2870 29
1252 2824 1376 2860 Esau:
1408 2834 1442 2860 v.
1463 2822 1555 2860 Gen.
1573 2823 1685 2860 xxvii.
