1994 3236
703 199 1156 244 PROLEGOMENA

197 316 517 374 subscriptione
540 314 781 372 significari
809 314 1052 358 Robertum
1078 316 1335 359 monasterii
1367 316 1411 360 S.
1434 317 1662 366 Michaelis

197 386 416 430 Abbatem
436 398 665 442 perperam
685 383 863 426 notauit
882 383 1073 426 Thomas
1094 384 1269 428 Barlow
1291 385 1531 443 Episcopus
1557 386 1662 429 Lin-

196 454 438 506 colniensis,
459 453 535 511 qui
562 453 680 496 hunc
707 452 871 495 librum
898 451 969 510 (ut
997 452 1044 494 in
1073 452 1180 496 folio
1210 466 1227 495 1
1257 454 1351 510 ipse
1378 455 1662 514 memorauit)

196 524 302 568 dum
323 522 432 567 0011.
454 522 648 580 Reginae
667 521 787 578 apud
808 521 1083 564 oxonienses
1103 525 1171 564 est
1194 523 1348 574 socius,
1370 524 1490 576 emit,
1508 528 1662 582 postea

195 594 344 636 autem
374 591 664 634 bibliothecae
694 590 972 644 Bodleianae,
993 590 1064 634 cui
1091 591 1149 634 ab
1169 606 1207 634 a.
1240 594 1349 646 1652
1374 607 1514 650 usque
1543 594 1599 637 ad
1619 609 1659 637 a.

197 662 310 704 1660
336 659 602 718 praefuerat,
621 674 720 703 cum
750 659 850 702 aliis
879 662 1147 704 testamento
1175 660 1357 719 legauit.
1418 662 1473 705 In
1497 663 1663 720 Reyiet.

194 729 480 774 Malmecbur.
500 743 594 786 cap.
614 739 691 786 137
712 729 824 783 (edd.
847 729 1026 772 Brewer
1046 732 1091 773 et
1112 730 1279 773 Martin
1299 731 1327 782 i,
1347 745 1388 788 p.
1407 732 1523 789 461),
1544 733 1662 775 inter

195 801 331 844 testes
349 798 577 843 cuiusdam
597 797 850 841 donationis
869 813 897 840 a
919 801 1142 842 conuentu
1170 799 1550 844 Malmesburiensi
1578 802 1663 846 sub

193 868 418 927 praedicto
446 867 640 911 Roberto
668 882 708 910 a..
742 881 851 926 1193
883 867 1041 919 factae,
1065 868 1345 912 Salomonem
1370 870 1455 926 qui
1485 875 1663 915 cartam

192 937 371 995 scripsit
399 937 624 989 inuenias;
663 936 719 980 cf.
739 937 874 980 etiam
896 951 989 994 cap.
1017 949 1110 994 132,
1129 952 1171 995 p.
1193 939 1293 995 458.
1358 938 1523 983 Eodem
1554 939 1663 984 folio

197 1019 280 1064 209
300 1021 436 1050 manu
456 1006 618 1050 saeculi
632 1020 722 1050 xv:
751 1006 1012 1051 Richardua
1030 1005 1282 1051 Ramsaeue
1300 1009 1501 1065 possidet.
1549 1010 1662 1052 Tum

192 1076 281 1120 alia
303 1091 450 1127 manu,
475 1075 671 1120 eiusdem
698 1079 849 1119 tamen
876 1076 1063 1120 saeculi:
1093 1076 1159 1120 In
1187 1076 1263 1121 hoc
1292 1078 1532 1123 uolumine
1561 1094 1663 1123 ccm-

192 1147 370 1191 tinaetur
407 1145 519 1190 liber
556 1145 641 1203 qui
680 1145 858 1189 dicitur
890 1146 1206 1202 pollicraticon
1245 1162 1376 1204 quem
1414 1150 1663 1205 composuit

193 1216 418 1261 Iohannes
445 1216 549 1260 Sar.
580 1215 665 1272 qai
694 1215 807 1259 olim
831 1215 935 1272 fuit
968 1229 1075 1259 cum
1107 1214 1289 1276 [sancta
1319 1221 1368 1261 at
1397 1219 1662 1263 uocabulum

193 1300 365 1330 erasum
382 1284 468 1345 est]
486 1285 638 1329 thoma
652 1286 781 1330 Cant.
794 1285 904 1342 Epo.
953 1285 1143 1329 Addidit
1162 1301 1320 1330 manus
1335 1289 1497 1332 saeculi
1511 1304 1584 1340 xv,
1598 1304 1663 1332 re-

193 1355 362 1400 centior
378 1357 540 1406 tamen,
556 1358 609 1398 ut
627 1355 830 1398 uidetur:
859 1355 919 1397 Et
934 1359 1085 1412 postea
1094 1355 1199 1412 fuit
1213 1357 1356 1413 Epae.
1371 1358 1665 1404 Garnotensic

192 1424 250 1469 in
268 1423 483 1468 Francia.
543 1424 603 1468 Et
622 1424 720 1468 ideo
734 1439 765 1468 a
779 1422 998 1482 pluribus
1016 1425 1079 1468 eie
1097 1425 1320 1482 alleyatur
1332 1443 1346 1470 :
1375 1427 1664 1472 Camwteneis

192 1493 250 1539 im
281 1508 361 1538 ouo
384 1493 688 1549 policraticon
717 1495 779 1537 sic
809 1493 924 1537 dicit
955 1494 1043 1538 tali
1075 1494 1192 1538 libro
1221 1495 1296 1538 uel
1326 1496 1479 1540 taliter
1507 1502 1545 1542 et
1575 1497 1665 1541 tali

193 1561 318 1607 libro.
379 1563 469 1608 Fol.
493 1576 575 1619 209
591 1562 622 1606 b
641 1563 844 1606 inuenias
864 1562 919 1621 (si
945 1563 1107 1607 librum
1136 1564 1358 1608 inuertere
1378 1566 1506 1625 uelis)
1526 1582 1664 1612 manu

194 1631 355 1676 saeculi
375 1632 454 1675 xvi
474 1632 694 1689 Wyllyam
709 1631 840 1676 Fittz.
901 1632 956 1675 In
977 1632 1052 1676 fol.
1076 1646 1112 1676 1.
1135 1633 1243 1677 Αἰὲν
1262 1635 1525 1692 ἀριστεύειν,
1545 1636 1663 1694 quod

194 1701 320 1745 libris
343 1701 436 1745 suis
461 1701 698 1745 inscribere
722 1702 892 1746 solebat
912 1702 1103 1746 Thomas
1124 1703 1314 1755 Barlow,
1332 1704 1387 1748 de
1407 1719 1495 1762 quo
1514 1720 1662 1764 supra.

195 1770 328 1815 Hunc
346 1771 538 1815 codicem
558 1774 703 1815 totum
733 1772 911 1815 contuli.

254 1839 352 1897 C‘yr.
369 1839 783 1898 (Cyrencestrensis)
805 1860 847 1879 =
870 1841 995 1884 Bodl.
1009 1842 1101 1886 cod.
1117 1842 1212 1886 MS.
1228 1843 1404 1887 Barlow
1417 1847 1486 1900 48.
1522 1845 1662 1888 Mem-

195 1909 435 1954 branaceus
447 1913 515 1954 est
527 1910 664 1954 codex
677 1911 876 1954 saec.xiii
892 1911 1113 1964 ineuntis;
1135 1912 1243 1956 folia
1259 1927 1338 1966 141
1355 1914 1502 1957 habet.
1540 1915 1664 1961 Haec

195 1978 243 2022 in
258 1978 332 2023 fol.
352 1993 370 2022 1
386 1979 502 2023 circa
514 1994 552 2023 a.
574 1992 685 2037 1300
701 1983 886 2024 exarata
901 1984 1029 2024 sunt:
1050 1980 1184 2025 Liber
1198 1983 1337 2027 ecclic.
1354 1998 1430 2027 sce.
1446 1984 1595 2028 marie
1609 1985 1665 2029 de

197 2048 461 2104 Gyrencestr.
510 2049 564 2092 H
561 2064 603 2092 ee
619 2050 915 2093 continentur
933 2050 991 2093 in
1010 2050 1094 2094 isto
1113 2051 1369 2097 uolumine.
1418 2052 1664 2097 Policrati-

193 2131 273 2161 cuc
291 2117 518 2164 Iohannis
536 2119 636 2162 Sar.
659 2118 848 2163 diuisus
866 2119 925 2163 in
943 2119 1033 2163 viii
1052 2120 1205 2166 libros.
1252 2121 1370 2165 Item
1391 2123 1663 2179 explanacio

196 2188 489 2245 quorundam
530 2188 776 2232 uerborum
814 2194 1147 2234 emti-aneorum.
1226 2192 1343 2236 Item
1391 2194 1662 2250 opusculum

195 2255 339 2301 Probe
376 2257 535 2301 umoris
565 2258 780 2315 Aldelplzi
819 2259 882 2302 ad
921 2259 1234 2304 testinwnium
1267 2262 1432 2305 ueteris
1471 2266 1512 2306 et
1544 2263 1663 2307 noui

195 2326 448 2370 testamenti
474 2326 674 2384 werezfice
702 2329 1009 2386 compositum.
1068 2329 1246 2373 Desinit
1279 2330 1581 2376 Polior-atiena
1614 2333 1663 2375 in

196 2393 270 2438 fol.
310 2406 404 2453 137.
464 2396 629 2454 Incipit
667 2397 952 2452 Eoeplanatio
992 2397 1038 2440 in
1079 2398 1155 2442 fol.
1196 2401 1290 2457 138.
1372 2400 1664 2446 Desideratur

196 2464 467 2520 opusculum
504 2465 690 2518 Probae,
728 2466 783 2509 de
832 2482 919 2524 quo
962 2467 1067 2510 uide
1105 2468 1326 2512 Isidorum
1372 2470 1421 2513 in
1467 2471 1660 2528 Etymol.

196 2532 227 2579 i.
259 2547 315 2590 39
347 2535 370 2591 ᾗ
405 2535 460 2578 26
501 2535 680 2593 (Migne,
712 2535 766 2579 P.
798 2535 846 2580 L.
880 2536 1039 2580 lxxxii.
1075 2538 1200 2593 121);
1244 2542 1394 2582 exstat
1427 2540 1540 2584 liber
1568 2542 1662 2598 ipse

197 2601 245 2645 in
274 2602 436 2660 Migne,
458 2603 512 2649 P.
541 2604 592 2647 L.
625 2605 718 2649 xix,
752 2606 831 2649 801
866 2621 984 2663 seqq.
1055 2606 1329 2665 Tegumento
1357 2609 1519 2653 codicis
1548 2611 1662 2653 inte-

197 2670 303 2713 riori
330 2672 437 2715 haec
462 2687 598 2716 manu
624 2688 733 2717 saec.
755 2675 851 2717 xvii
882 2674 1111 2719 Cambrice
1134 2677 1349 2734 inscripta
1375 2682 1482 2721 sunt
1500 2679 1660 2723 Robert

198 2753 259 2795 ap
285 2741 443 2796 powell
481 2755 543 2799 ap
581 2742 778 2797 rychard
815 2758 877 2800 ap
915 2745 998 2787 lln.
1038 2745 1111 2802 (=
1130 2745 1365 2802 llewellyn)
1404 2762 1458 2790 or
1489 2748 1662 2804 plwyth

199 2807 428 2867 lantowny
457 2810 514 2854 in
543 2812 688 2855 comit.
719 2812 931 2870 Herford.
962 2815 991 2856 i.
1006 2827 1041 2858 e.
1072 2814 1292 2859 Robertus
1322 2815 1503 2860 Powelli
1531 2817 1661 2868 filius,

1481 2900 1546 2930 xv
