1994 3190
207 200 290 240 392
309 190 338 228 b
683 186 838 231 IOAN
840 186 884 230 N
886 186 944 231 IS
985 185 1499 231 SARESBERIENSIS
1679 186 1789 246 [LIB.
1803 196 1831 232 1·

355 307 521 351 bellum
560 307 744 351 credant
782 307 936 350 bestiis
976 306 1289 350 indicendum2
1360 305 1447 349 Eas
1485 309 1636 350 tamen
1669 307 1825 350 mitius

355 379 695 435 persequuntur,
719 391 820 420 cum
853 376 1014 433 quibus
1049 376 1294 418 humanum
1324 390 1464 432 genus
1493 376 1644 427 iustas,
1672 391 1825 420 earum

356 447 563 504 exigente
583 446 766 497 malitia,
787 448 962 489 exercet
982 445 1250 488 inimicitias.
1310 445 1474 502 Lupus,
1495 445 1663 502 uulpes,
1683 460 1825 498 ursus,

357 522 402 560 et
418 531 718 573 quaecumque
739 515 836 559 fera
854 516 1082 559 nocentior
1097 517 1175 565 est,
1191 515 1238 556 in
1254 515 1442 557 aliarum
1458 516 1644 572 quiescit
1658 529 1825 568 occaSU,

357 589 403 629 et
423 586 598 629 solitam
619 600 820 628 exercere
847 585 1066 628 malitiam
1086 585 1134 626 in
1154 587 1418 627 uenatorum
1446 585 1558 628 facie
1588 600 1678 628 non
1702 599 1825 628 uere·
1846 602 1864 636 5

356 660 444 699 tur.
517 655 678 698 Fertur
711 655 938 698 Hannibal
973 654 1180 697 occidisse
1212 654 1474 703 Romanum,
1507 655 1584 711 qui
1615 654 1826 697 mandato

357 726 453 768 eius
498 725 713 782 singulari
759 724 999 767 certamine
1039 726 1315 780 percusserat
1355 723 1646 780 elephantem,
1678 723 1828 766 dicens

359 810 460 838 eum
481 795 712 854 indignum
735 794 843 845 uita,
860 793 936 850 qui
957 793 1054 850 cogi
1074 795 1282 849 potuerat
1302 807 1402 835 cum
1422 793 1575 835 bestiis
1596 793 1828 844 dimicare3

318 876 343 906 c
359 865 463 907 licet
492 865 641 907 uerius
671 864 730 907 sit
760 878 859 906 eum
887 878 943 905 ex
970 862 1142 904 inuidia
1165 862 1358 904 noluisse
1381 862 1609 919 captiuum
1636 861 1828 904 inauditi

359 934 576 990 triumphi
601 933 743 990 gloria
768 932 996 984 illustrari,
1021 934 1067 974 et
1093 931 1304 974 infamari
1331 931 1508 984 bestias,
1529 946 1717 988 quarum
1737 931 1827 974 uir·
1849 946 1890 970 ιο

359 1007 457 1047 tute
486 1004 695 1060 gentibus
719 1006 932 1045 terrorem
961 1002 1218 1045 incusserat.
1278 1001 1507 1054 Quomodo
1538 1015 1643 1058 ergo
1667 1001 1829 1059 dignus

359 1076 428 1116 est
447 1073 555 1125 uita,
578 1073 654 1129 qui
674 1072 811 1115 nichil
832 1071 954 1114 aliud
979 1071 1026 1113 in
1052 1071 1149 1114 uita
1169 1071 1308 1121 nouit,
1329 1070 1416 1113 nisi
1440 1070 1657 1113 uanitatis
1681 1070 1829 1114 studio

360 1142 531 1185 saeuire
551 1142 598 1184 in
619 1142 812 1184 bestias?

419 1211 540 1264 Quos
560 1226 666 1254 uero
686 1211 850 1267 speeies
878 1210 955 1252 illa
981 1209 1232 1253 uenationis
1251 1209 1455 1261 oblectat,
1474 1212 1527 1252 ut
1546 1224 1651 1253 aues
1670 1210 1830 1253 auibus

353 1282 665 1341 insequantur,
686 1281 723 1323 si
745 1284 894 1323 tamen
919 1280 1000 1323 hoc
1028 1294 1168 1336 genus
1195 1279 1373 1336 aucupii
1403 1279 1630 1322 uenationi
1654 1294 1830 1323 censeas
1850 1297 1889 1330 15

361 1350 697 1402 adnectendum,
730 1350 897 1392 mitiori
938 1350 1115 1406 quidem
1154 1351 1380 1392 uexantur
1413 1348 1597 1401 insania,
1632 1349 1709 1392 sed
1739 1363 1830 1392 non

363 1420 522 1476 impari
544 1419 739 1463 leuitate.
800 1419 1015 1462 Venatica
1030 1422 1124 1461 tam
1139 1418 1363 1461 terrestris
1379 1432 1512 1475 quam
1527 1418 1647 1461 aeria
1663 1421 1830 1475 quanto

363 1489 556 1541 solidior,
572 1491 699 1531 tanto
721 1487 990 1531 fructuosior
1010 1491 1088 1532 est.
1147 1487 1386 1531 Auctorem
1407 1488 1706 1545 occupationis
1725 1502 1830 1531 suae

363 1558 420 1600 ab
450 1558 647 1614 antiquis
677 1557 875 1600 historiis
900 1558 1077 1600 Vlixem
1107 1557 1356 1614 proferunt,
1385 1557 1460 1614 qui
1489 1557 1659 1614 primus
1684 1557 1831 1601 excisa

363 1628 494 1670 Troia
513 1630 707 1670 armatas
726 1642 832 1670 aues
859 1627 1014 1670 attulit
1035 1627 1256 1678 Graeciae,
1275 1642 1385 1684 quas
1415 1627 1542 1670 suaui
1567 1627 1758 1683 quadam
1786 1630 1832 1671 et
1851 1640 1893 1665 20

365 1700 495 1754 grata
529 1696 821 1739 admiratione
856 1697 1118 1749 uidentium,
1145 1697 1193 1739 in
1227 1697 1404 1754 cognati
1435 1697 1608 1754 generis
1643 1697 1832 1748 exitium

321 1768 350 1807 d
368 1766 597 1810 animauit.
656 1766 739 1808 Isti
771 1766 948 1822 quidem
978 1781 1139 1824 magno
1170 1781 1215 1810 se
1245 1769 1430 1809 tuentur
1459 1766 1615 1819 iudice,
1643 1769 1688 1809 et

482 1852 557 1909 qui
588 1866 730 1894 mores
760 1852 988 1895 hominum
1019 1852 1261 1895 multorum
1291 1852 1408 1895 uidit
1437 1854 1483 1896 et
1511 1852 1653 1903 urbes,

365 1933 490 1976 cuius
530 1932 768 1989 prudentia
806 1932 941 1974 nullis
980 1933 1129 1989 potuit
1167 1932 1340 1976 insidiis
1379 1933 1670 1990 supplantari,
1709 1932 1834 1976 cuius

366 2002 612 2046 tendiculas
642 2016 770 2044 nemo
800 2002 994 2044 hostium
1027 2002 1276 2060 indempnis
1306 2002 1461 2058 euasit,
1490 2002 1615 2045 cuius
1645 2002 1834 2060 denique
1854 2022 1894 2057 ²5

367 2071 547 2115 inermis
567 2070 729 2113 militia
748 2070 936 2113 ulterius
957 2071 1179 2127 promouit
1200 2071 1465 2115 Graecorum
1485 2071 1686 2128 gloriam,
1701 2086 1834 2128 quam

366 2140 486 2183 mille
508 2140 671 2183 ratium
693 2143 866 2182 armata
885 2140 1138 2183 multitudo.
1195 2140 1282 2183 Sed
1303 2144 1349 2183 et
1369 2141 1461 2198 ipse
1482 2141 1614 2183 huius
1635 2141 1836 2184 exercitii

367 2209 538 2254 Circcm
559 2209 712 2251 laudat
732 2212 967 2264 auctorem,
988 2224 1100 2266 quae
1128 2210 1397 2253 carminibus
1421 2213 1466 2253 et
1492 2210 1660 2267 poculis
1680 2210 1837 2254 huma-

369 2294 449 2322 nas
478 2282 648 2321 mentes
677 2278 842 2321 dicitur
870 2278 1138 2333 immutasse,
1164 2294 1214 2322 eo
1245 2279 1361 2335 quod
1393 2282 1488 2322 arte
1517 2279 1767 2334 uerborum,
1791 2282 1837 2323 et

369 2363 516 2392 rerum
543 2348 690 2405 gratia
719 2347 915 2391 alliceret
941 2351 1111 2391 mentes
1139 2348 1379 2403 hominum,
1404 2351 1450 2391 et
1477 2363 1581 2391 suae
1613 2348 1836 2392 uoluntati
1855 2365 1896 2400 30

1318 2461 1376 2494 (uel
1390 2460 1603 2495 nucumtlonin)

369 2508 390 2534 2
416 2497 663 2544 persecuntur
687 2495 726 2531 M
873 2505 895 2541 4
922 2494 1053 2532 nocior
1070 2494 1110 2531 M
1260 2497 1301 2531 18
1328 2495 1589 2542 occupationis
1615 2494 1639 2531 S
1793 2505 1838 2542 19

368 2543 544 2599 hystoriis
563 2544 599 2579 M
709 2553 754 2589 23
773 2547 854 2626 feet
868 2542 976 2597 urbes
992 2545 1076 2578 add.
1094 2544 1146 2579 ed.
1162 2555 1219 2596 pf.
1238 2543 1303 2588 qui
1321 2555 1410 2580 aues
1427 2543 1558 2579 auibus
1574 2543 1837 2597 insequuntur,

369 2592 466 2628 Aud1
484 2594 672 2637 quantum
690 2592 770 2627 atto
789 2590 835 2627 lit
852 2590 991 2627 ulixem
1011 2590 1118 2626 dares
1135 2602 1239 2626 cuius
1257 2595 1317 2627 etc.
1413 2601 1458 2637 24
1476 2591 1721 2638 prouidentia
1737 2590 1777 2627 M

416 2686 439 2722 6
464 2686 599 2720 Fet-tur
621 2684 833 2720 Hannibal:
858 2695 891 2719 v.
916 2681 1013 2718 Plin.
1040 2683 1088 2719 ΙΙ.
1114 2683 1159 2718 Ν.
1176 2681 1253 2719 viii.
1280 2690 1312 2725 7.
1443 2692 1487 2728 23
1537 2684 1577 2718 ui
1602 2694 1716 2718 mores
1740 2683 1837 2720 ete-2

370 2732 461 2769 Hor.
490 2734 534 2768 A.
563 2734 601 2767 I’.
634 2742 709 2776 1⁴2·
770 2731 871 2775 Quae
899 2729 938 2766 in
968 2729 1200 2767 editionibus
1226 2728 1495 2766 vetustioribus
1551 2730 1585 2766 ic
1615 2731 1838 2776 sequuntur,

371 2781 472 2816 Audi
488 2785 663 2826 quantum
681 2780 811 2815 attollit
832 2779 969 2814 Vlixem
985 2779 1102 2814 Daren
1113 2788 1189 2813 neue
1204 2789 1223 2814 e
1244 2776 1368 2814 nescio
1387 2777 1492 2813 cuius
1511 2777 1650 2814 codicis
1668 2777 1838 2825 margine

370 2828 409 2864 in
429 2830 577 2863 textum
597 2826 805 2863 insinuasse
823 2824 1000 2872 suspicor.
1050 2824 1142 2861 vide
1162 2825 1248 2861 Dar.
1265 2827 1309 2862 de
1325 2826 1481 2862 Excidio
1501 2826 1631 2862 Troiae
1649 2837 1681 2862 c.
1703 2834 1759 2872 13.

483 2908 525 2942 ²⁴
