1994 3190
223 144 304 185 437
322 133 353 174 d
695 131 957 176 IOANNIS
998 130 1513 176 SARESBERIENSIS
1671 129 1783 192 [ms.
1798 143 1839 176 11

367 254 607 304 fluxerunt,
628 267 741 310 quae
764 253 812 295 in
838 253 1026 296 materia
1052 255 1159 296 sunt
1184 254 1231 296 et
1253 266 1412 309 corpus
1437 251 1643 296 efficiunt.
1703 252 1839 296 Porro

219 328 303 378 438
322 338 353 367 a
369 337 470 366 cum
505 337 574 366 res
605 322 736 365 aliter
775 337 908 379 quam
947 321 1039 364 sint
1077 321 1377 378 componendo
1411 321 1602 378 inspicit,
1634 336 1686 365 eo
1720 321 1840 379 quod

368 406 518 435 cassus
557 394 625 435 est
671 394 716 434 et
761 406 789 434 a
835 406 983 434 rerum
1028 391 1220 434 ueritate
1261 390 1478 441 deficiens,
1517 390 1575 433 ad
1619 390 1840 448 opinionis

367 476 561 504 errorem
599 461 759 518 uergit,
799 462 845 504 et
887 460 926 503 si
972 475 1065 503 esse
1111 460 1270 503 asserit
1307 459 1381 502 uel
1427 474 1518 502 non
1565 474 1669 510 esse,
1708 459 1840 517 pleno

366 530 544 573 nomine
563 529 713 586 opinio
734 531 814 572 est.
874 528 961 572 Sed
981 529 1086 572 licet
1108 529 1240 571 aliter
1266 543 1399 586 quam
1429 528 1532 579 sint,
1552 529 1659 572 dum
1687 531 1839 572 tamen
1857 542 1876 578 5

366 600 636 658 simpliciter,
665 599 901 642 coniuncta
927 598 1166 655 disiungat,
1192 612 1282 641 non
1312 598 1458 641 inanis
1488 598 1572 641 erit
1601 597 1840 655 conceptio,

367 683 480 725 quae
499 668 639 712 totius
659 667 1017 724 inuestigationis
1041 667 1284 723 sapientiae
1314 668 1692 724 expeditissimam
1719 666 1840 724 parit

366 738 499 780 uiam.
575 736 662 780 Hic
702 739 770 780 est
804 735 922 779 enim
957 735 1096 778 totius
1135 735 1440 793 philosophiae
1478 738 1838 786 instrumentum,

366 807 485 864 quod
519 808 565 849 et
596 809 790 849 mentem
819 805 934 847 mira
967 804 1217 847 subtilitate
1250 805 1428 849 exacuit
1461 809 1506 849 et
1538 820 1608 849 res
1639 805 1839 863 singulas

365 890 394 918 a
433 891 479 919 se
529 875 719 918 inuicem
765 877 953 916 naturae
999 887 1104 915 suae
1143 874 1416 931 proprietate
1455 874 1707 932 distinguit.
1787 873 1837 917 Si
1858 887 1900 913 10

365 945 698 988 abstrahentem
717 943 874 986 tuleris
894 942 1180 994 intellectum,
1201 942 1451 986 liberalium
1478 943 1645 987 artium
1665 942 1838 987 officina

364 1014 540 1071 peribit,
575 1027 676 1057 cum
711 1013 824 1055 citra
853 1011 992 1068 ipsius
1022 1026 1201 1069 operam
1231 1012 1356 1055 nulla
1385 1027 1537 1055 earum
1567 1012 1654 1056 rite
1683 1013 1839 1056 haberi

364 1083 515 1126 ualeat
538 1085 618 1125 aut
644 1081 802 1125 doceri.
863 1080 950 1123 Hic
979 1080 1131 1137 itaque
1159 1080 1274 1124 sicut
1302 1080 1492 1124 formam
1516 1082 1611 1125 sine
1638 1081 1837 1132 materia,

367 1153 428 1196 sic
459 1156 504 1195 et
533 1151 767 1194 materiam
796 1150 1058 1207 aggreditur
1086 1149 1181 1192 sine
1212 1149 1380 1203 forma;
1412 1153 1458 1193 et
1487 1151 1604 1207 quod
1634 1151 1839 1208 propriae

318 1223 348 1262 b
367 1221 551 1264 uirtutis
583 1220 785 1278 potentia
819 1222 970 1262 tenere
1005 1234 1094 1262 non
1126 1219 1300 1270 sufficit,
1329 1234 1410 1263 suo
1438 1220 1630 1277 quodam
1659 1219 1837 1264 defectu
1856 1236 1896 1272 15

366 1291 592 1334 interdum
638 1288 983 1346 comprehendit,
1022 1290 1075 1331 ut
1121 1288 1159 1331 si
1208 1289 1449 1332 uideantur
1489 1289 1698 1333 tenebrae
1746 1304 1838 1334 non

364 1360 558 1403 uidendo
590 1363 636 1403 et
667 1373 757 1401 non
791 1357 1012 1401 audiendo
1051 1357 1279 1401 silentium
1310 1358 1531 1402 audiatur.
1603 1358 1713 1403 Ecce
1747 1373 1839 1402 non

365 1432 434 1472 est
468 1429 600 1472 homo
639 1428 717 1485 qui
751 1442 841 1470 non
876 1427 936 1470 sit
967 1427 1094 1470 albus
1129 1430 1209 1470 aut
1243 1428 1371 1486 niger
1405 1431 1485 1471 aut
1518 1428 1652 1471 medii
1681 1428 1838 1472 coloris

365 1498 597 1555 particeps,
618 1512 698 1541 nec
727 1499 874 1554 potest
904 1511 996 1540 esse
1026 1497 1168 1547 homo,
1190 1497 1267 1554 qui
1297 1512 1386 1540 non
1413 1497 1567 1541 statim
1591 1498 1651 1541 sit
1677 1497 1838 1555 aliquis

366 1568 509 1617 homo,
548 1582 649 1610 cum
688 1566 805 1609 idem
844 1566 905 1609 sit
943 1565 1075 1609 alicui
1115 1580 1208 1609 esse
1247 1568 1293 1609 et
1330 1581 1470 1609 unum
1509 1581 1694 1610 numero
1732 1581 1837 1612 esse.
1857 1582 1900 1608 πο

365 1637 683 1680 Verumtamen
732 1636 795 1678 sic
847 1635 1071 1678 hominem
1124 1635 1375 1679 intellectus
1427 1636 1626 1694 attingit,
1674 1640 1727 1680 ut
1780 1636 1839 1680 ad

366 1706 587 1749 neminem
627 1705 851 1748 hominem
890 1707 1093 1761 aspectus
1131 1703 1251 1747 illius
1290 1705 1538 1757 descendat,
1572 1706 1840 1764 generaliter

366 1775 556 1825 intuens,
576 1774 693 1831 quod
712 1789 801 1817 non
821 1774 907 1816 nisi
928 1773 1216 1830 singulariter
1235 1788 1328 1817 esse
1348 1777 1506 1832 potest.
1565 1775 1693 1819 Sicut
1719 1775 1838 1819 enim

365 1843 539 1887 dicendi
572 1847 617 1886 et
649 1842 939 1900 significandi,
970 1843 1032 1886 sic
1062 1844 1107 1885 et
1136 1842 1414 1901 intelligendi
1449 1843 1697 1896 diuersitas,
1729 1845 1836 1889 sub-

365 1913 550 1956 sistendi
581 1913 732 1955 modos
762 1913 831 1955 sui
862 1912 1178 1955 numerositate
1208 1913 1491 1964 transcendit,
1516 1915 1562 1956 et
1590 1914 1733 1966 homo,
1758 1915 1835 1972 qui
1855 1931 1896 1967 ²⁵

367 1996 455 2025 non
476 1986 623 2039 potest
643 1982 727 2025 nisi
748 1981 1035 2038 singulariter
1055 1996 1158 2032 esse,
1171 1982 1412 2025 uniuersali
1433 1982 1656 2026 clauditur
1674 1984 1837 2028 mentis

367 2051 661 2108 conceptione.
686 2043 706 2095 ί
721 2051 898 2094 Diffinit
931 2065 1036 2107 ergo
1060 2051 1176 2093 ratio
1206 2051 1324 2107 quod
1353 2051 1546 2108 concipit
1574 2052 1837 2105 intellectus,

326 2131 351 2162 c
367 2120 531 2163 animal
567 2119 782 2163 rationale
815 2119 1012 2170 mortale,
1045 2120 1163 2176 quod
1203 2120 1250 2162 in
1289 2120 1404 2164 solos
1443 2121 1644 2164 subditos
1682 2122 1838 2166 cadere

366 2188 532 2232 nemini
573 2191 690 2232 recte
739 2188 1006 2246 sapientium
1047 2189 1305 2246 ambiguum
1351 2179 1483 2268 est.)
1517 2190 1636 2233 Dum
1685 2191 1837 2248 itaque

365 2272 513 2301 rerum
534 2258 848 2301 similitudines
875 2261 920 2301 ct
950 2258 1332 2301 dissimilitudines
1359 2258 1538 2316 colligit,
1559 2259 1665 2302 dum
1690 2261 1836 2304 differ·
1855 2276 1898 2310 30

366 2327 535 2371 entium
565 2326 897 2370 conuenientias
933 2329 978 2369 et
1011 2326 1370 2370 conuenientium
1401 2327 1672 2372 differentias
1702 2330 1838 2374 altius

366 2399 682 2455 perscrutatur,
712 2395 818 2438 dum
856 2394 962 2452 quid
1003 2395 1179 2452 singula
1210 2410 1310 2439 cum
1346 2395 1559 2453 pluribus,
1595 2398 1702 2455 quid
1736 2414 1837 2443 cum

365 2465 646 2523 paucioribus
665 2478 894 2508 commune
910 2464 1114 2514 habeant,
1127 2464 1384 2522 diligentius
1399 2466 1651 2525 inucstigat,
1668 2483 1837 2525 quaeue

367 2535 498 2578 rebus
528 2534 715 2590 singulis
740 2533 890 2576 adesso
922 2548 1094 2577 necesso
1121 2533 1192 2584 sit,
1214 2549 1327 2591 quae
1355 2535 1506 2579 abesse
1536 2550 1624 2579 non
1655 2537 1837 2594 possint,

366 2634 387 2669 8
413 2630 660 2679 phylo-ophis„-
674 2631 702 2667 Ο
752 2630 957 2678 phylophic
973 2630 1002 2667 B
1078 2641 1118 2669 21
1141 2631 1439 2680 Vcrumptamen
1454 2633 1482 2670 C
1563 2645 1609 2681 34
1626 2636 1784 2682 possunt
1797 2634 1838 2672 M

415 2728 457 2763 27
487 2721 632 2765 Dtjfflm'e
662 2721 758 2756 cta:
795 2718 878 2755 vide
910 2719 1010 2765 (cum
1045 2719 1207 2766 quodam
1238 2719 1278 2756 in
1308 2732 1426 2768 marg.
1456 2720 1507 2768 S.)
1534 2720 1665 2759 Boeth.
1697 2724 1834 2761 Consol-

367 2767 502 2803 Philon.
519 2779 548 2803 v.
570 2766 668 2803 Pron.
689 2777 721 2811 4.

478 2847 541 2880 10⁴
