1994 3190
185 187 350 250 cmx]
700 187 1137 234 PomcRATIcvs

183 310 506 354 eonsentientes
548 309 646 366 pari
690 323 806 366 pena
859 307 1014 365 recolis
1065 323 1159 352 esse
1206 309 1469 366 plectendos.
1559 310 1647 363 Qui

183 380 362 432 donant,
382 378 541 436 inquit,
562 378 865 429 histrionibus,
887 392 1023 434 quare
1047 378 1247 422 donant?
1307 380 1403 423 Hoc
1424 381 1578 437 utique
1599 381 1646 423 in

181 448 270 491 illis
290 447 457 500 fouent,
478 447 526 489 in
545 462 633 504 quo
652 446 910 503 nequissimi
934 450 1050 489 sunt.
1112 447 1283 505 Nempe
1304 450 1380 505 qui
1401 450 1645 507 nequitiam
1661 453 1691 494 d

182 517 319 569 fouet,
332 519 454 560 estne
469 516 636 559 bonus?
697 516 810 559 Cum
825 530 932 559 uero
952 516 1150 559 omnium
1171 517 1357 560 istorum
1379 519 1439 561 sit
1458 520 1646 570 odibilis,

145 595 166 631 5
182 586 358 630 illorum
378 589 528 629 tamen
552 586 628 642 qui
648 585 795 628 minus
815 588 975 629 nocent
994 585 1167 629 malitia
1186 586 1459 635 tolerabilior
1479 592 1556 631 est.

269 706 376 764 Cap.
408 721 446 763 9.
502 705 628 749 Vnde
655 706 840 750 dicatur
864 706 1183 762 praestiyiwm,
1215 710 1254 750 et
1284 706 1390 763 quis
1408 707 1560 763 fuerit

763 779 922 819 auctor
951 775 1061 819 eius.

240 862 326 906 Eos
351 866 500 906 autem
521 862 597 919 qui
617 861 872 905 nocentiora
897 862 1138 918 praestigia
1158 864 1362 918 artesque
1383 861 1576 918 magicas
1603 865 1648 905 et

181 932 329 976 uarias
341 932 504 990 species
518 932 856 974 mathematicae
871 931 1132 988 reprobatae
1144 934 1361 981 exercent,
1374 931 1462 973 iam
1476 931 1646 988 pridem

124 1016 166 1041 10
181 1002 322 1046 sancti
337 1004 486 1059 patres
505 1001 562 1044 ab
581 1001 685 1044 aula
705 1001 940 1051 iusserunt,
957 1016 1008 1045 eo
1023 1001 1140 1058 quod
1160 1001 1309 1044 omnia
1331 1001 1438 1044 haec
1459 1001 1648 1044 artificia
1669 1012 1671 1017 ·

180 1072 253 1115 uel
295 1072 442 1129 potius
485 1071 700 1114 maleficia
739 1086 795 1114 ex
843 1070 1056 1128 pestifera
1101 1066 1307 1128 quadam⁴
1341 1070 1648 1113 familiaritate

181 1141 415 1184 demonum
465 1143 511 1184 et
560 1140 789 1183 hominum
837 1141 1044 1184 nouerint
1090 1140 1362 1198 profluxisse,
1405 1155 1648 1197 uerumque

180 1225 387 1269 persaepe
402 1209 636 1267 proferunt
651 1210 744 1254 sola
760 1210 1007 1254 intentione
1023 1210 1219 1260 fallendi,
1232 1225 1259 1253 a
1274 1210 1435 1267 quibus
1451 1210 1646 1252 animam

181 1279 354 1324 fidelem
375 1279 591 1323 Dominus
611 1295 763 1323 arcens
784 1281 873 1323 ait:
915 1280 964 1323 Si
986 1280 1183 1323 dixerint
1203 1280 1342 1329 uobis,
1364 1283 1410 1322 et
1430 1280 1495 1322 ita
1515 1294 1645 1322 euen-

123 1363 165 1407 ⁸⁵
183 1349 278 1400 erit,
305 1363 360 1392 ne
395 1349 584 1392 credatis
616 1349 688 1393 eis.
750 1349 1044 1407 Praestigium
1077 1365 1183 1393 uero
1209 1349 1455 1393 Mercurius
1482 1349 1647 1391 dicitur

1664 192 1798 240 4061:

182 1418 413 1470 inuenisse,
439 1418 557 1475 quod
581 1433 637 1461 ex
664 1433 715 1462 eo
742 1419 804 1462 sic
834 1420 1008 1472 dicitur,
1035 1419 1152 1477 quod
1180 1419 1319 1462 aciem
1345 1418 1647 1476 praestringat
1663 1427 1745 1467 407
1766 1429 1796 1457 a

182 1488 418 1532 oculorum.
468 1488 659 1545 Fuitque
689 1503 918 1546 magorum
946 1490 1251 1547 peritissimus,
1271 1492 1324 1532 ut
1349 1502 1647 1546 quascumque

182 1571 252 1600 res
290 1557 425 1601 uellet
464 1557 710 1601 inuisibiles
749 1558 927 1609 faceret,
955 1563 1046 1610 aut,
1076 1562 1127 1602 ut
1166 1559 1416 1610 uidebatur,
1449 1559 1495 1600 in
1535 1557 1646 1600 alias

182 1627 344 1685 species
382 1627 733 1671 transformaret.
806 1628 968 1671 Omnia
999 1619 1223 1686 ⁴siquidem
1273 1627 1498 1679 mathesis,
1538 1626 1644 1670 dum

120 1687 167 1738 '20
182 1695 471 1753 penultimam
510 1697 724 1747 extendis,
756 1698 969 1754 figmenta
1007 1698 1063 1741 ad
1115 1698 1330 1755 magicam
1377 1696 1645 1745 referuntur,

181 1765 305 1809 cuius
333 1765 548 1823 plurimae
577 1767 742 1824 species
771 1771 876 1810 sunt
906 1770 951 1810 et
980 1767 1192 1810 diuersae.

351 1885 457 1943 Cap.
490 1899 554 1929 10.
603 1886 696 1940 Qui
725 1887 821 1930 si‘nt
849 1887 986 1943 magri,
1016 1891 1054 1931 et
1082 1887 1207 1931 unde
1236 1886 1470 1930 dicantur.

239 1970 298 2014 Et
318 1971 494 2028 quidem
515 1972 634 2030 magi
660 1975 766 2016 sunt
792 1976 837 2016 et
864 1973 921 2027 ob
948 1973 1301 2031 magnitudinem
1328 1972 1644 2014 maleficiorum

181 2039 243 2082 sic
270 2040 561 2098 appellantur,
589 2042 666 2099 qui
697 2042 888 2086 Domino
917 2043 1203 2100 permittente
1234 2042 1452 2084 elementa
1487 2055 1643 2084 concu-

181 2139 206 2175 6
229 2138 369 2175 dicitur
385 2138 409 2175 S
426 2141 467 2175 ae'n
482 2142 627 2176 rubrica
643 2153 722 2186 cap.
737 2143 919 2187 praefixa.
1074 2150 1118 2176 22
1144 2139 1216 2184 Qui
1234 2142 1321 2176 sunt
1340 2139 1400 2175 OB
1417 2153 1425 2175 :
1451 2139 1550 2184 Quid
1566 2139 1645 2174 sint

183 2184 209 2222 S
224 2187 266 2222 in
283 2188 427 2223 rubrica
444 2200 524 2234 cap.
534 2191 717 2234 praefixa.

230 2283 251 2309 2
276 2275 394 2320 inquit
418 2277 511 2311 etc.:
540 2274 596 2310 Au
653 2274 796 2310 stinum
820 2275 959 2310 Enarr.
988 2276 1029 2309 in
1058 2275 1116 2310 Pa.
1143 2276 1201 2310 cii.
1233 2273 1250 2320 ξ
1287 2284 1327 2320 13
1359 2273 1428 2317 (Μί
1458 2285 1506 2309 ne
1536 2275 1575 2309 P.
1600 2275 1645 2308 L.

133 2324 136 2329 '
183 2320 320 2357 xxxvii.
339 2324 443 2366 1327)
462 2322 586 2359 citant
639 2322 807 2358 ratianus
826 2324 962 2358 Decret.
988 2322 1016 2358 Ι.
1043 2322 1127 2360 dist.
1158 2323 1213 2364 86,
1240 2333 1271 2359 c.
1301 2324 1321 2358 8
1341 2321 1413 2366 (ed.
1462 2320 1646 2366 riedberg.

182 2367 208 2404 i.
236 2370 329 2413 300),
356 2367 458 2405 Ivon.
484 2369 635 2408 Carnot.
666 2372 801 2406 Decret.
826 2369 906 2405 xiii.
933 2379 988 2415 31.
1137 2380 1181 2406 ιο
1204 2370 1248 2405 ab
1271 2371 1359 2405 aula
1385 2372 1478 2405 etc.:
1508 2371 1644 2404 Decret.

185 2414 234 2451 ΙΙ.
268 2415 364 2451 xxvi.
400 2425 431 2462 5.
464 2428 495 2453 c.
529 2427 553 2461 4
595 2417 667 2463 (ed.
702 2417 918 2462 Friedberg.
950 2416 974 2452 i.
1015 2418 1131 2456 1028).
1338 2427 1377 2459 14
1412 2418 1453 2453 Si
1485 2418 1646 2451 dixerint

185 2463 284 2498 eta:
311 2461 420 2499 Deut.
439 2463 518 2500 xiii.
541 2474 570 2508 1,
598 2475 641 2507 2;
675 2464 786 2500 Matt.
813 2464 910 2500 xxix:
936 2465 992 2509 36.
1109 2473 1149 2510 15
1177 2465 1416 2509 Praestiyium
1436 2465 1531 2499 etc.:
1557 2462 1644 2498 Isid-

187 2510 283 2555 Oriy.
293 2509 368 2545 viii.
383 2520 405 2555 9
420 2510 437 2557 ξ
453 2521 509 2556 23.
603 2522 645 2557 19
658 2513 786 2547 Omm'a
800 2513 872 2548 etc.
889 2524 897 2546 t
915 2511 1097 2547 Mathb'sin
1110 2511 1255 2548 scilicet
1268 2511 1365 2546 bono
1380 2523 1500 2552 sensu,
1515 2512 1648 2546 math&-

185 2557 242 2591 εἰη
259 2557 384 2592 autem
402 2558 500 2594 malo
517 2557 657 2604 accipit
676 2558 856 2604 Ioannes3
883 2558 1060 2594 similiter
1077 2560 1265 2594 mathesim
1281 2560 1320 2594 et
1333 2561 1495 2594 matem'm
1513 2557 1647 2594 distin-

186 2602 271 2684 guit
296 2603 405 2648 Hugo
425 2605 470 2642 de
495 2604 530 2641 S.
554 2605 708 2642 Victore
732 2607 851 2642 Erud.
877 2608 961 2642 Did.
982 2605 1021 2641 ii.
1049 2617 1071 2650 4
1094 2605 1239 2652 (Migne
1264 2607 1305 2641 P.
1328 2608 1370 2640 L.
1392 2605 1522 2641 clxxii.
1546 2605 1644 2651 753).

217 2649 341 2686 odices
365 2649 415 2686 M.
433 2651 516 2698 Cyr.
534 2652 574 2688 in
599 2652 771 2699 margine
796 2653 939 2690 habent
958 2654 1011 2697 (1)
1034 2655 1245 2689 Doctrinam
1268 2655 1436 2688 marhesis
1456 2658 1556 2688 notat
1574 2653 1647 2697 (uel

185 2695 297 2742 sapit)
322 2702 360 2732 at
381 2700 512 2734 diuina
528 2702 694 2735 mathesis
711 2700 763 2744 (2)
783 2702 880 2736 Scire
892 2702 990 2745 jacit
1006 2702 1182 2742 mathesis,
1200 2702 1260 2734 sed
1280 2702 1450 2736 diuinare
1466 2701 1644 2739 mathesis,

114 2762 116 2766 ·
187 2755 299 2788 quem
314 2754 458 2780 versum
476 2745 518 2781 in
535 2745 743 2782 Eberhardi
762 2747 1027 2784 Bethuniensis
1046 2749 1248 2783 Graem'smo
1265 2758 1299 2783 x.
1320 2747 1472 2792 210(ed.
1491 2746 1646 2782 Wrobel

187 2801 224 2836 p.
249 2790 309 2835 85)
334 2789 509 2828 invenies.
559 2792 614 2830 De
633 2794 812 2830 vocabulo
837 2797 960 2829 divina
982 2794 1054 2829 vid.
1083 2794 1141 2829 Du
1167 2794 1292 2841 Gange
1314 2805 1341 2830 s.
1360 2807 1391 2829 v.
1418 2796 1563 2829 divinus
1580 2794 1645 2838 (1).

188 2847 232 2882 23
258 2838 298 2872 ob
315 2840 596 2883 maynitudinem
613 2842 708 2876 eta:
735 2853 767 2876 v.
793 2840 878 2877 Isid.
908 2843 1003 2887 Oriq.
1023 2841 1101 2879 viii.
1121 2851 1153 2886 9.
1175 2841 1193 2887 ξ
1214 2852 1246 2887 9.
1267 2843 1403 2877 Decret.
1424 2841 1471 2877 II.
1494 2840 1591 2876 xxvi.
1612 2850 1644 2886 5.

242 2907 322 2926 wsss
895 2908 928 2935 H
1493 2912 1537 2944 49
