1994 3190
253 190 351 229 -402
364 190 395 220 ,c

747 175 947 221 IOANN
949 175 1007 220 IS
1037 167 1551 219 SARESBERIENSIS
1738 174 1849 231 [Lm.
1865 183 1884 215 1

413 298 684 342 lasciuientis
704 297 825 341 uocis
839 297 962 348 luxu,
978 297 1170 354 quadam
1185 297 1481 340 ostentatione
1496 296 1578 348 sui,
1594 294 1885 339 muliebribus

413 369 556 411 modis
587 367 843 411 notularum
877 367 1253 423 articulorumque
1288 366 1491 416 caesuris,
1525 368 1754 422 stupentes
1788 363 1883 407 ani-

414 438 558 481 mulas
578 437 774 480 emollire
794 437 1014 479 nituntur.
1075 436 1189 480 Cum
1209 435 1559 493 praecinentium
1587 438 1632 478 et
1658 434 1883 478 succinen-

415 507 543 559 tium,
563 506 817 550 canentium
839 509 883 549 et
905 505 1216 557 decinentium,
1237 505 1599 548 intercinentium
1620 507 1665 547 et
1685 503 1882 547 occinen-

369 580 399 620 d
415 577 530 620 tium
550 576 808 633 praemolles
827 575 1149 618 modulationes
1165 574 1370 626 audieris,
1385 574 1630 617 sirenarum
1646 576 1883 617 concentus
1901 593 1921 627 5

413 646 566 690 credas
586 660 690 697 esse,
711 660 800 688 non
821 645 1062 695 hominum,
1083 647 1129 687 et
1148 644 1202 687 de
1223 658 1382 687 uocum
1403 643 1619 686 facilitate
1639 642 1883 693 miraberis,

412 716 573 772 quibus
607 715 861 772 philomena
892 714 964 757 uel
999 714 1208 764 sithacus,
1240 716 1320 756 aut
1354 713 1392 756 si
1426 713 1533 770 quid
1569 712 1770 755 sonorius
1804 715 1882 762 est,

411 785 564 827 modos
595 799 697 827 suos
732 787 959 840 nequeunt
994 798 1245 840 coaequare.
1306 783 1372 825 Ea
1398 782 1614 839 siquidem
1640 784 1707 824 est
1733 796 1882 825 ascen-

412 854 546 897 dendi
587 853 966 909 descendendique
1006 852 1212 903 facilitas,
1254 867 1306 895 ea
1345 852 1481 895 sectio
1520 851 1593 894 uel
1638 850 1881 908 geminatio

412 923 681 975 notularum,
711 937 763 965 ea
791 922 1020 979 replicatio
1055 921 1343 965 articulorum
1378 921 1741 978 singulorumque
1775 934 1879 962 con·
1901 937 1943 962 10

412 993 630 1043 solidatio,
651 992 712 1035 sic
740 995 873 1035 acuta
899 992 971 1034 uel
1002 992 1258 1034 acutissima
1276 991 1490 1048 grauibus
1514 994 1559 1034 et
1583 989 1880 1047 subgrauibus

411 1064 728 1119 temperantur,
743 1064 796 1104 ut
811 1061 993 1104 auribus
1013 1061 1082 1104 sui
1103 1061 1255 1104 iudicii
1275 1061 1369 1103 fere
1385 1060 1676 1103 subtrahatur
1691 1059 1880 1102 auctori-

412 1135 494 1182 tas,
527 1134 572 1174 et
607 1130 793 1182 animus,
829 1145 960 1187 quem
1001 1133 1154 1173 tantae
1194 1130 1432 1173 suauitatis
1472 1129 1682 1172 demulsit
1720 1129 1880 1186 gratia,

411 1200 666 1243 auditorum
681 1199 841 1242 merita
856 1199 1110 1242 examinare
1125 1214 1214 1242 non
1231 1199 1403 1242 sufficit.
1448 1198 1562 1242 Cum
1578 1199 1685 1241 haec
1701 1197 1879 1254 quidem

410 1270 590 1313 modum
622 1269 900 1320 excesserint,
928 1269 1178 1312 lumborum
1209 1269 1484 1326 pruriginem
1515 1283 1648 1325 quam
1680 1267 1878 1311 deuotio·
1899 1281 1939 1316 15

409 1354 511 1382 nem
531 1339 693 1382 mentis
712 1341 924 1395 poterunt
943 1339 1075 1381 citius
1103 1339 1309 1382 excitare.
1370 1338 1419 1381 Si
1438 1353 1545 1381 uero
1565 1337 1880 1380 moderationis

411 1408 604 1452 formula
627 1409 891 1458 limitantur,
912 1409 1110 1451 animum
1131 1423 1158 1451 a
1177 1409 1294 1452 curis
1322 1409 1558 1459 redimunt,
1579 1408 1880 1451 exterminant

411 1478 722 1536 temporalium
750 1477 1104 1530 sollicitudinem,
1125 1481 1171 1521 et
1195 1478 1385 1534 quadam
1413 1478 1752 1535 participatione
1780 1477 1879 1520 leti-

261 1566 347 1606 403
365 1567 395 1597 a
413 1548 502 1591 tiae
542 1550 587 1590 et
634 1547 796 1604 quietis
831 1550 877 1590 et
917 1548 1058 1590 amica
1102 1547 1376 1590 exultatione
1422 1547 1470 1590 in
1514 1547 1658 1590 Deum
1707 1550 1878 1590 mentes

361 2535 391 2574 b

412 1618 630 1660 humanas
664 1616 878 1659 traiciunt
912 1616 969 1659 ad
1001 1617 1255 1660 societatem
1295 1617 1563 1675 angelorum.
1630 1616 1718 1660 Sed
1758 1616 1877 1659 unde
1898 1631 1943 1655 20

411 1687 525 1730 hanc
559 1685 875 1729 moderationis
908 1685 1146 1729 formulam
1179 1687 1333 1730 tenes‘l
1393 1686 1685 1738 Exultabunt,
1716 1686 1877 1743 inquit,

411 1755 530 1799 labia
567 1770 677 1806 mea,
707 1769 807 1798 cum
847 1758 1085 1798 cantauero
1119 1755 1214 1798 tibi.
1275 1755 1323 1798 Si
1365 1770 1469 1813 ergo
1509 1770 1565 1798 ex
1604 1754 1880 1798 abundantia

410 1825 554 1868 cordis
573 1839 622 1867 os
642 1827 770 1867 tuum
791 1823 967 1866 laudem
988 1824 1169 1867 Domini
1189 1825 1452 1878 moduletur,
1472 1825 1509 1867 si
1538 1825 1699 1882 spiritu
1726 1824 1879 1882 psallis

411 1898 457 1937 et
472 1897 631 1946 mente,
644 1893 681 1936 si
701 1893 854 1950 psallis
874 1893 1063 1951 denique
1083 1895 1317 1951 sapienter,
1330 1895 1464 1937 etiam
1485 1894 1597 1938 citra
1617 1894 1878 1937 articulatae

411 1964 531 2007 uocis
556 1963 897 2020 intelligentiam
928 1964 1217 2006 rectissimam
1243 1964 1482 2007 modestiae
1510 1964 1709 2021 regulam
1739 1967 1876 2016 tenes,
1895 1982 1938 2016 ²⁵

410 2038 456 2077 et
477 2048 564 2076 non
587 2036 679 2075 tam
700 2033 820 2075 uocis
842 2046 974 2089 quam
994 2034 1156 2076 mentis
1176 2033 1314 2076 iubilo
1334 2048 1464 2076 aures
1477 2033 1641 2076 mulces
1657 2033 1876 2076 Altissimi

411 2107 456 2146 et
487 2102 837 2159 indignationem
870 2102 964 2145 eius
994 2102 1236 2159 prudenter
1265 2103 1442 2146 auertis.
1503 2102 1590 2155 Qui
1621 2105 1770 2146 autem
1801 2117 1877 2146 uo-

411 2171 597 2229 luptatis
628 2174 708 2213 aut
734 2171 950 2214 uanitatis
976 2172 1158 2215 affectus
1189 2172 1412 2229 exprimit,
1434 2172 1510 2228 qui
1538 2172 1658 2214 uocis
1684 2172 1877 2228 gratiam

410 2241 642 2299 prostituit
665 2241 1029 2297 concupiscentiis
1058 2242 1162 2293 suis,
1183 2242 1259 2298 qui
1284 2242 1598 2284 lenociniorum
1620 2241 1877 2285 clientulam

410 2311 621 2353 musicam
664 2309 783 2360 facit,
818 2309 994 2365 ignorat
1032 2310 1209 2367 quidem
1250 2310 1470 2353 canticum
1507 2310 1699 2362 Domini,
1734 2311 1877 2355 modis
1898 2327 1940 2360 30

412 2378 655 2422 Babiloniis
688 2378 875 2420 festinus
906 2379 951 2420 in
979 2382 1096 2421 terra
1123 2379 1277 2421 aliena.
1344 2379 1430 2432 Qui
1459 2379 1604 2422 nescio
1633 2394 1719 2435 quo
1746 2382 1876 2436 pacto

411 2448 510 2506 plus
536 2448 748 2504 placeant,
774 2447 857 2489 nisi
890 2448 995 2503 quia

541 2528 726 2570 nitimur
756 2527 800 2569 in
833 2528 1022 2570 uetitum
1054 2543 1226 2585 semper
1254 2529 1542 2585 cupimusque
1574 2531 1747 2586 negata,

409 2643 428 2677 7
456 2608 685 2679 phylomcnn.
705 2631 740 2665 M
758 2643 766 2672 ;
793 2629 1000 2676 philomela
1018 2630 1053 2666 S¹
1199 2642 1242 2668 22
1269 2631 1530 2668 habundantia
1547 2631 1661 2668 A'MS

456 2730 494 2756 21
518 2720 747 2754 Exultubun!
766 2719 857 2753 ctc.:
878 2717 933 2753 Pa.
950 2717 1041 2752 lxxi.
1060 2728 1116 2763 23.
1183 2728 1240 2757 22,
1255 2728 1297 2762 23
1316 2730 1360 2753 m:
1373 2719 1598 2755 abundantia
1612 2721 1743 2756 cordis:
1762 2720 1875 2757 Matt.

407 2766 473 2803 xii.
487 2778 518 2808 7.
534 2777 573 2810 4:
595 2766 678 2802 Luc
695 2765 738 2801 vi.
755 2774 813 2811 45.
922 2775 966 2809 23
983 2767 1114 2810 oepit-itu
1130 2767 1262 2811 psallis
1275 2767 1368 2801 eta:
1396 2778 1426 2800 v.
1448 2777 1457 2801 1
1478 2766 1559 2801 Cor.
1575 2766 1646 2802 xiv.
1665 2777 1717 2813 15.
1830 2778 1876 2813 30

407 2817 587 2851 canticum
601 2815 748 2849 Donum
766 2826 774 2851 :
802 2824 831 2847 v.
847 2811 902 2849 Ρη.
917 2812 1062 2849 cxxxvi.
1081 2824 1114 2858 4.
1199 2823 1241 2859 33
1259 2815 1514 2850 mammete:
1534 2814 1599 2850 Ov.
1614 2816 1694 2850 Am.
1709 2813 1874 2861 iii.4·17.

519 2896 559 2927 ⁴²
