1994 3190
219 157 299 206 538
319 157 348 196 b
698 134 959 204 IOANNIS
999 160 1513 207 SARESBERIENSIS
1650 162 1764 225 [Lm.
1780 177 1832 209 IV

314 279 344 317 b
362 278 560 328 flumina,
586 293 698 335 quae
728 279 783 322 de
811 280 1017 336 paradiso
1046 280 1304 324 deliciarum
1333 282 1418 325 Dei
1447 283 1747 341 egrediuntur,
1777 287 1831 328 ut

363 347 553 404 irrigent
573 362 747 391 omnem
777 351 955 400 terram,
975 364 1062 406 quo
1089 350 1286 394 fructum
1313 352 1646 396 desiderabilem
1673 355 1831 396 afferat

365 417 414 458 in
434 419 632 473 tempore
652 432 744 461 suo.
802 418 986 461 Vtinam
1006 422 1052 462 et
1074 420 1132 462 ad
1157 435 1228 463 me
1252 421 1306 463 de
1326 421 1451 464 fonte
1470 422 1591 465 uitae
1612 422 1830 480 (diuinam

367 486 560 543 gratiam
606 486 778 543 loquor)
815 488 949 531 huius
991 488 1282 545 plenitudinis
1325 477 1634 547 pertrarsseant
1682 491 1830 542 riuuh,

367 555 592 599 ariditatis
620 571 743 599 meae
772 557 1042 600 inebriantes
1070 560 1248 609 terram,
1271 562 1324 602 ut
1353 564 1650 604 succrescente
1679 561 1831 604 fructu
1849 577 1869 611 5

369 625 584 667 bonorum
613 640 807 682 operum,
827 627 983 669 saltem
1013 627 1232 671 declinare
1260 628 1433 672 ualeam
1463 630 1736 673 imminentis
1765 644 1830 673 se-

368 694 486 737 curis
531 694 681 745 ictum,
722 710 835 751 quae
879 696 1161 753 exigentibus
1202 697 1342 754 culpis
1385 699 1495 741 meis
1538 699 1595 741 ad
1639 699 1831 742 radicem

368 777 512 806 meam
543 764 669 820 quasi
699 765 757 806 ad
787 765 979 808 radicem
1019 765 1321 810 infructuosae
1355 767 1525 810 arboris
1563 768 1708 824 posita
1741 770 1832 811 est!

370 832 687 889 Quodcumque
719 834 890 891 lignum
925 849 1049 877 secus
1082 849 1221 891 aquas
1255 835 1365 879 istas
1398 836 1593 892 positum
1632 839 1711 888 est,
1741 851 1832 880 non

368 902 551 954 arescit3
596 903 713 958 quod
748 918 855 946 uero
889 904 969 946 uel*
996 904 1208 947 radicitus
1246 918 1336 947 non
1374 906 1643 957 humectant,
1678 906 1830 950 dissol-
1851 922 1894 947 10

368 971 493 1013 uitur
513 973 558 1013 et
578 971 752 1014 aridum
772 972 888 1028 perit
908 976 1136 1030 tamquam
1161 973 1310 1030 puluis
1337 989 1466 1030 quem
1492 975 1651 1031 proicit
1670 978 1833 1018 uentus

369 1054 396 1082 a
426 1039 538 1083 facie
568 1043 724 1084 terrae.
785 1041 871 1085 Hic
908 1042 1086 1098 quidem
1115 1057 1205 1086 non
1232 1043 1364 1086 duces
1394 1046 1600 1100 exceptos
1630 1044 1834 1095 arbitror,

368 1123 458 1152 non
497 1112 712 1166 potentes,
745 1111 849 1167 quia
882 1126 1037 1169 regum
1075 1111 1218 1169 gloria
1256 1111 1564 1163 transferetur,
1600 1114 1638 1156 si
1677 1113 1834 1157 iniusti

327 1188 352 1217 c
369 1179 569 1221 iniuriosi
590 1180 894 1223 contumeliosi
915 1181 1087 1224 inuenti
1110 1180 1279 1224 fuerint
1299 1185 1379 1225 aut
1398 1181 1548 1225 dolosi.
1613 1182 1675 1226 Os
1694 1183 1833 1240 siqui-

368 1248 467 1291 dem
503 1247 684 1290 Domini
719 1249 916 1292 locutum
951 1252 1031 1294 est.
1089 1250 1419 1302 Verumtamen,
1449 1251 1573 1295 saluo
1603 1252 1832 1296 intellectu
1853 1265 1892 1299 ¹5

366 1317 696 1374 sapientiorum,
736 1316 826 1362 non
872 1319 929 1362 ab
971 1334 1019 1362 re
1059 1322 1127 1363 est
1166 1321 1236 1376 (ut
1278 1320 1452 1378 opinor)
1491 1321 1610 1378 quod
1652 1322 1833 1366 nomina

366 1386 579 1429 uitiorum
610 1386 829 1430 locutione
859 1388 1021 1445 plurali
1051 1390 1268 1446 exposuit,
1299 1392 1344 1433 et
1373 1390 1420 1432 in
1449 1390 1547 1447 ipsa
1575 1390 1833 1447 pluralitate

367 1455 673 1498 diuersitatem
713 1456 936 1513 quandam
975 1458 1218 1515 prudenter
1250 1459 1450 1503 inseruit.
1508 1459 1589 1502 Ait
1620 1460 1750 1511 enim,
1781 1463 1835 1504 ut

367 1525 642 1581 praedictum
678 1529 756 1579 est,
787 1526 892 1583 quia
923 1542 1110 1585 regnum
1144 1528 1199 1571 de
1230 1530 1363 1586 gente
1397 1528 1446 1571 in
1479 1530 1657 1587 gentem
1688 1531 1832 1574 trans-

368 1599 539 1642 feretur
574 1603 757 1658 propter
796 1601 1040 1646 iniustitias
1080 1606 1126 1646 et
1165 1603 1351 1646 iniurias
1385 1605 1431 1646 et
1463 1603 1753 1647 contumelias
1787 1606 1833 1648 et
1852 1620 1895 1644 πο

367 1668 564 1711 diuersos
585 1668 718 1713 dolos.
779 1670 907 1723 Quod
929 1674 1079 1715 autem
1106 1672 1304 1716 diuersos
1327 1673 1375 1715 in
1398 1673 1486 1715 fine
1506 1672 1704 1724 subiecit,
1723 1676 1834 1731 puto

367 1739 660 1782 communiter
680 1739 737 1782 ad
761 1740 910 1783 omnia
935 1741 1216 1785 referendum
1241 1746 1287 1786 et
1313 1744 1406 1785 tam
1431 1741 1562 1799 pleno
1589 1743 1833 1800 concipien-

368 1808 475 1850 dum
503 1808 743 1860 intellectu,
767 1815 820 1853 ut
843 1824 933 1853 non
956 1811 1086 1855 modo
1113 1811 1336 1855 referatur
1361 1811 1419 1855 ad
1446 1811 1644 1855 diuersas
1670 1813 1836 1870 species

369 1877 582 1920 uitiorum
617 1878 693 1920 sed
728 1881 773 1921 et
807 1879 955 1922 uarias
995 1880 1162 1938 figuras
1196 1895 1484 1938 personarum
1518 1881 1836 1938 complectatur

369 1949 414 1989 et
444 1945 595 1989 modos
625 1961 775 1990 omnes
805 1948 966 2004 quibus
996 1964 1023 1992 a
1052 1963 1327 2006 quocumque
1357 1950 1464 1994 haec
1493 1949 1607 1993 uitia
1633 1950 1832 1994 commit·
1853 1965 1894 2001 ²5

369 2019 541 2059 tuntur.
602 2015 808 2074 Princeps
848 2018 966 2061 enim
1006 2021 1185 2062 tenetur
1222 2019 1276 2063 de
1311 2019 1515 2063 omnibus
1559 2022 1605 2062 et
1636 2020 1833 2063 omnium

369 2088 524 2128 auctor
543 2099 635 2128 esse
657 2085 835 2129 uidetur
854 2087 971 2143 quia,
994 2102 1094 2131 cum
1114 2089 1264 2131 omnia
1282 2089 1422 2146 possit
1441 2088 1669 2146 corrigere,
1684 2103 1836 2133 eorum

322 2159 352 2200 d
371 2154 529 2197 merito
568 2154 788 2212 particeps
827 2159 896 2199 est
935 2170 1048 2213 quae
1087 2157 1232 2200 noluit
1266 2157 1511 2203 emendare.
1572 2157 1686 2202 Cum
1718 2158 1836 2201 enim

371 2226 567 2280 potestas
586 2223 763 2281 publica
782 2225 853 2275 sit,
875 2227 927 2268 ut
946 2225 1258 2282 praediximus,
1274 2226 1470 2270 omnium
1492 2227 1609 2270 uires
1629 2227 1837 2272 exhaurit

370 2296 428 2344 et,
447 2307 503 2335 ne
524 2293 569 2335 in
590 2307 636 2335 se
657 2292 844 2344 deficiat,
865 2294 1213 2338 incolumitatem
1233 2295 1430 2339 omnium
1451 2295 1581 2340 debet
1601 2310 1835 2354 procurare
1854 2307 1899 2343 30

371 2361 679 2405 membrorum.
739 2362 859 2416 Quot
889 2366 1038 2407 autem
1069 2364 1116 2406 in
1146 2364 1530 2409 administratione
1561 2366 1837 2423 principatus

376 2485 418 2512 12
446 2475 543 2512 ilinc
561 2475 592 2511 A

372 2579 497 2610 contra
514 2575 674 2611 Manich.
694 2573 732 2610 ii.
756 2573 834 2617 108
857 2585 898 2620 14
917 2575 1064 2622 (Migne
1083 2578 1121 2612 P.
1142 2578 1184 2614 L.
1207 2576 1329 2613 xxxiv.
1355 2577 1465 2624 203);
1490 2577 1601 2625 Greg.
1628 2578 1677 2615 M.
1704 2579 1836 2617 Moral.

374 2620 518 2703 &⁶37⁶
535 2620 572 2657 in
593 2621 658 2657 lob
679 2620 703 2659 i.
724 2632 766 2669 ¹9
783 2614 930 2669 <migne
949 2624 988 2659 Ρ.
1015 2625 1055 2660 L.
1079 2623 1176 2661 lxxv.
1197 2625 1292 2671 59²)·
1481 2627 1515 2668 6.
1535 2635 1555 2671 7
1580 2629 1716 2663 securis
1738 2628 1835 2664 ete.:

466 2670 534 2704 att.
555 2668 608 2705 iii.
631 2679 682 2706 ιο.
849 2680 873 2715 9
900 2672 1146 2719 andcumque
1162 2674 1255 2709 ete:
1282 2684 1313 2708 v.
1334 2671 1389 2709 1³⁸.
1407 2672 1430 2708 i.
1451 2683 1485 2719 3,
1502 2684 1536 2718 4.
1714 2684 1770 2719 14,
1789 2682 1834 2721 15

377 2717 425 2751 Oe
449 2717 602 2752 Domini
626 2719 716 2754 em:
748 2716 817 2753 Ina.
844 2716 867 2754 i.
894 2728 951 2754 20.
1098 2722 1148 2762 18,
1180 2730 1222 2765 19
1246 2725 1287 2756 ut
1309 2722 1534 2766 praedictum
1558 2726 1630 2757 est:
1665 2732 1697 2757 v.
1722 2732 1837 2768 supra

376 2765 460 2848 {333
473 2767 637 2858 tgpgb).
724 2774 769 2811 29
792 2766 861 2801 eie:
895 2764 1052 2802 subaudi
1075 2769 1258 2814 princeps.
1306 2773 1347 2804 ut
1368 2770 1641 2814 pmediximus:
1677 2780 1708 2806 v.
1725 2780 1837 2816 supra

487 2884 551 2926 278
