1994 3190
255 174 331 213 501
349 173 381 203 a
725 161 927 228 IOANN
928 161 986 206 IS
1025 159 1539 206 SARESBERIENSIS
1674 157 1782 220 [ΗΒ.
1798 169 1860 202 111
1935 127 1940 135 ¹

396 282 504 325 haec
534 281 698 324 etenim
723 281 808 324 sibi
839 281 1030 326 inuicem
1058 281 1251 325 maxime
1280 281 1586 325 aduersantur.
1646 280 1782 324 Porro
1810 281 1864 322 ut

350 353 379 392 b
399 351 464 394 ait
493 351 697 407 quidam:
730 350 886 394 Omnis
912 351 1038 394 diues
1067 350 1247 408 iniquus
1277 353 1345 393 est
1371 354 1451 394 aut
1478 350 1622 407 iniqui
1646 350 1791 401 heres;
1817 351 1864 391 et

397 420 671 462 rarissimum
711 422 779 462 est
818 422 871 462 ut
906 420 1092 463 diuitiae
1126 435 1215 463 non
1250 420 1459 470 defluant,
1496 420 1583 462 nisi
1623 419 1785 462 amoris
1819 420 1865 460 et

395 489 655 546 cupiditatis
693 489 867 547 glutino
916 489 1172 533 solidentur.
1250 489 1337 532 Eas
1386 489 1677 532 desiderantis
1726 487 1864 531 animi

397 559 635 617 uigilantia
663 562 709 602 et
742 559 867 602 labor
895 559 1094 616 adquirit
1127 559 1203 602 sed
1237 560 1383 617 egrior
1416 559 1667 603 sollicitudo
1702 558 1866 601 retinet
1883 572 1903 606 5

398 633 444 672 et
463 631 708 672 conseruat.
766 628 921 685 Inquit
941 628 1134 671 ethicus:

486 709 590 752 Non
619 709 765 752 minor
793 711 861 751 est
890 709 1036 751 uirtus
1066 723 1199 765 quam
1229 723 1439 765 quaerere
1468 711 1599 766 parta
1627 708 1767 760 tueri3

543 793 670 822 casus
699 778 815 820 inest
845 777 946 828 illic,
976 778 1048 821 hic
1078 778 1165 821 erit
1194 778 1305 821 artis
1334 792 1458 835 opuS.

400 859 515 904 Cum
535 873 640 916 ergo
667 857 787 901 istud
811 872 895 909 ars,
915 857 1026 900 illud
1056 872 1182 901 casus
1211 858 1388 901 nomine
1412 860 1654 908 censeatur,
1674 857 1774 914 quis
1793 870 1868 900 eas

398 930 494 973 sine
532 927 825 985 applicatione
864 927 1026 970 mentis
1065 927 1242 970 intensa
1280 927 1450 970 diutius
1488 929 1671 970 seruat?
1735 925 1868 970 Certe
1886 945 1928 970 10

398 1001 530 1041 uetus
563 996 846 1054 prouerbium
881 999 948 1038 est
982 996 1087 1052 quia
1118 996 1195 1038 ubi
1230 1011 1364 1047 amor,
1399 997 1462 1039 ibi
1493 996 1671 1049 oculus;
1711 999 1757 1039 et
1789 995 1867 1039 ubi

400 1067 511 1124 uigil
532 1066 693 1109 mentis
714 1065 915 1115 intentio,
940 1065 1002 1107 ibi
1022 1065 1114 1107 fixa
1133 1065 1277 1108 cordis
1296 1065 1458 1122 positio
1477 1068 1556 1109 est.
1615 1065 1743 1108 Vnde
1766 1065 1871 1109 licet

359 1152 384 1182 c
402 1137 546 1180 inuito
573 1138 618 1178 et
645 1135 911 1192 repugnanti
937 1135 1086 1177 animo
1115 1134 1375 1192 plerumque
1401 1135 1598 1188 affluant,
1619 1149 1694 1178 cor
1719 1137 1870 1178 tamen

402 1220 621 1263 apponere
656 1204 799 1247 fidelis
833 1204 1121 1261 philosophus
1135 1260 1140 1266 '
1155 1204 1372 1261 prohibet,
1403 1208 1448 1248 et
1482 1205 1636 1248 doctor
1667 1204 1870 1262 gentium

401 1290 486 1325 808,
526 1275 602 1331 qui
643 1273 806 1316 diuites
845 1273 941 1316 fieri
981 1273 1179 1330 cupiunt,
1218 1273 1265 1315 in
1304 1273 1511 1331 laqueum
1550 1274 1715 1317 diaboli
1761 1273 1871 1317 dicit
1889 1294 1930 1328 15

402 1344 605 1387 incidere.
667 1343 725 1385 Et
745 1342 821 1399 qui
849 1345 1037 1399 utroque
1063 1342 1205 1386 maior
1229 1346 1308 1394 est,
1334 1343 1656 1401 primogenitus
1675 1346 1870 1386 mortuo-

403 1428 503 1456 rum
538 1416 584 1455 et
613 1412 816 1469 princeps
845 1426 1000 1468 regum
1031 1414 1187 1462 terrae,
1206 1412 1365 1455 asserit
1393 1412 1489 1456 Deo
1518 1415 1565 1456 et
1594 1412 1872 1455 Mammonae

403 1482 534 1525 simul
560 1481 717 1525 seruiri
738 1495 827 1524 non
847 1494 987 1537 posse.
1048 1480 1268 1533 Quoniam

577 1556 767 1613 imperat
795 1559 876 1598 aut
904 1555 1044 1598 seruit
1072 1555 1255 1599 collecta
1283 1556 1471 1613 pecunia
1498 1556 1679 1614 cuique;

403 1637 480 1681 sed
500 1637 633 1680 diuiti
659 1652 902 1694 numquam
929 1636 1069 1680 seruit
1098 1640 1179 1680 aut
1205 1652 1315 1681 raro.
1389 1637 1516 1680 Vnde
1544 1637 1685 1695 liquet
1710 1637 1873 1681 diuites
1893 1658 1934 1683 ιο

404 1706 682 1762 frequentius
711 1706 886 1763 iniquos
916 1720 1008 1748 8888
1038 1720 1171 1762 quam
1206 1706 1388 1750 heredes
1421 1706 1686 1763 iniquorum.
1756 1706 1873 1760 Quo·
1912 1761 1918 1769 .

405 1776 535 1818 modo
556 1790 660 1832 ergo
681 1778 838 1832 regnat
857 1775 1031 1825 caritas,
1051 1775 1128 1817 ubi
1150 1775 1366 1853 iniquitas
1386 1775 1672 1820 dominaturi
1710 1776 1875 1833 Vtique

405 1845 531 1887 diues
568 1844 802 1887 familiaris
841 1859 935 1886 esse
975 1844 1115 1895 nouit,
1149 1845 1317 1888 amicus
1356 1860 1601 1902 numquam
1645 1847 1725 1888 aut
1763 1859 1875 1889 raro.

407 1914 494 1957 Hic
515 1917 664 1957 tamen
684 1928 774 1956 non
798 1913 851 1956 de
883 1927 933 1956 eo
960 1913 1036 1969 qui
1061 1913 1196 1956 habet
1220 1914 1404 1957 diuitias
1431 1929 1573 1958 sermo
1603 1917 1680 1966 est,
1701 1914 1778 1958 sed
1798 1915 1876 1972 qui

406 1986 539 2027 amat.
602 1982 670 2025 Ex
705 1982 865 2039 quibus
896 1982 1037 2039 liquet
1068 1983 1174 2039 quia
1208 1987 1563 2040 quantacumque
1597 1999 1653 2027 ex
1683 1983 1875 2028 familia-
1895 2005 1936 2039 ²⁵

327 2053 336 2062 ⁹
408 2052 542 2095 ritate
591 2052 853 2109 potentioris
896 2051 1042 2109 gratia
1091 2052 1308 2103 uideatur,
1350 2052 1609 2110 diligentem
1658 2054 1876 2097 cautelam

364 2128 393 2168 d
409 2121 552 2178 exigit
570 2120 862 2165 subditorum.
921 2121 1105 2177 Aliquin
1129 2122 1272 2164 omnis
1297 2122 1391 2165 eius
1417 2122 1621 2165 illecebra
1640 2122 1740 2179 plus
1760 2123 1878 2167 aloes

409 2204 542 2247 quam
564 2190 706 2233 mellis
737 2190 783 2232 in
814 2190 940 2233 exitu
967 2190 1176 2233 habitura
1202 2194 1281 2235 est.
1340 2191 1404 2233 At
1429 2191 1610 2248 expedit
1635 2191 1878 2248 plurimum

409 2299 430 2335 3
456 2288 613 2324 affluant
631 2287 669 2323 M
809 2297 832 2333 9
857 2286 974 2332 istud]
993 2287 1087 2323 illud
1104 2286 1200 2323 CBA
1345 2298 1388 2325 ιο
1411 2288 1642 2343 aplicatione
1663 2287 1688 2325 S
1835 2299 1874 2337 15

406 2341 488 2382 poet
505 2335 647 2372 diaboli
666 2337 750 2372 add.
769 2338 807 2371 ct
826 2334 1098 2381 temptationes
1115 2334 1210 2372 A'S.
1238 2338 1278 2373 et
1293 2335 1556 2382 temptationis
1573 2337 1611 2372 M

458 2433 478 2459 2
508 2425 634 2458 Omnis
658 2424 760 2457 dmee
789 2425 886 2458 cte.:
918 2420 1027 2458 huius
1053 2421 1264 2476 sentcntiae
1291 2421 1433 2460 fontem
1462 2422 1628 2461 invenire
1656 2434 1730 2460 non
1756 2423 1878 2470 potui.

411 2479 432 2515 7
459 2471 540 2506 Non
559 2469 1319 2515 minor-etc:Ov.ArvAmae.ii.13.14.
1513 2481 1549 2507 11
1580 2473 1643 2506 ub·
1658 2483 1762 2507 amor
1777 2474 1876 2509 etc.:

412 2516 650 2554 notiuimum
678 2520 735 2553 ent
763 2517 1012 2570 proverbium,
1038 2517 1101 2553 sed
1135 2517 1233 2554 unde
1268 2516 1484 2564 provenerit
1508 2518 1657 2563 nescim
1688 2518 1736 2555 cf.
1766 2518 1878 2556 versi-

411 2563 538 2602 culum
565 2576 624 2611 ap
652 2563 844 2609 Margalitn
871 2565 1106 2610 Florileqium
1128 2565 1404 2610 prouerbo'omm
1428 2567 1620 2602 uniuersae
1638 2567 1878 2605 Latinitatiae:

412 2614 495 2648 mic
513 2618 561 2647 eat
578 2613 700 2647 oculus
715 2624 786 2658 qua
803 2624 857 2647 mo
873 2618 921 2646 ese
933 2623 1039 2658 quam
1057 2614 1880 2668 adamannus.14stdeliephilaeophuc.

412 2671 460 2696 nc.
478 2658 614 2700 Dnvil;
633 2671 663 2695 v.
685 2659 738 2694 Pa
758 2658 822 2695 lxi.
845 2669 895 2695 ιι.
992 2661 1306 2714 ἀραονσεηέίνηι.
1334 2659 1556 2702 uc.1‘aulus;
1583 2672 1615 2696 v.
1631 2671 1644 2698 1
1666 2660 1761 2697 'rim
1779 2660 1825 2697 vi.
1844 2670 1876 2707 9.

417 2709 459 2744 16
479 2709 743 2760 primoyenitue
767 2709 862 2742 cte..
891 2706 1004 2752 Apoc.
1024 2705 1048 2743 i.
1070 2715 1101 2753 5.
1249 2716 1288 2751 17
1316 2708 1391 2743 Deo
1417 2713 1448 2742 ιε
1473 2709 1702 2745 Mammonae
1727 2711 1819 2745 etc.:

413 2754 523 2791 Man„
542 2753 586 2789 vi.
606 2764 660 2798 ²⁴·
786 2764 796 2791 1
853 2755 1004 2799 imperat
1018 2756 1115 2808 cta:
1144 2753 1233 2792 Hor.
1252 2755 1320 2800 Ep.
1341 2753 1363 2790 i.
1388 2765 1438 2791 10.
1458 2764 1515 2800 47.
1652 2764 1708 2801 27,
1727 2756 1771 2793 28
1791 2756 1880 2802 plue

410 2803 507 2838 aloen
522 2814 628 2848 quam
648 2802 781 2837 mellfzn
805 2763 883 2856 Ῠυγ.
900 2803 975 2838 Sat.
993 2799 1039 2838 vi.
1062 2804 1137 2838 181.

525 2882 584 2904 222
