1994 3190
207 172 285 212 452
305 172 330 202 c
677 157 939 202 IoANNIs
978 142 1493 201 SARESBERIENSI'S
1652 151 1761 213 [mn.
1777 163 1818 197 11

347 280 433 324 sibi
463 278 752 322 manifestata
781 293 874 322 esse
903 278 1251 336 congratulatur,
1271 292 1405 335 opera
1433 276 1527 320 eius
1557 289 1693 333 supra
1721 289 1819 318 sent¹

348 365 447 394 sum
471 349 664 392 hominis
692 349 976 406 magnificata
1005 349 1163 392 asserit
1190 351 1247 401 et,
1267 348 1375 391 dum
1403 350 1630 391 scrutatur
1659 346 1820 396 omnia,
1885 378 1887 381 -

350 419 642 477 cogitationes
684 419 904 462 Altissimi
949 419 1084 461 nimis
1129 418 1374 475 profundas
1415 417 1625 475 agnoscit.
1701 417 1821 460 Huic

349 488 533 532 ueritati
571 491 783 532 consonat
829 489 946 546 quod
986 489 1034 530 in
1081 488 1342 531 Ecclesiaste
1388 492 1567 531 sanctus
1611 487 1821 530 Salomon

301 559 398 602 din
429 559 589 601 auditu
619 558 817 601 fidelium
851 558 1159 602 concionatur:
1209 558 1291 601 Est
1322 558 1453 601 homo
1483 557 1561 614 qui
1591 557 1747 600 diebus
1777 558 1822 599 et
1840 569 1861 604 5

349 628 553 671 noctibus
582 642 672 670 non
701 627 822 684 capit
850 627 988 670 oculis
1015 641 1260 684 sompnum,
1285 630 1331 670 et
1354 627 1556 670 intellexi
1580 626 1698 683 quod
1711 640 1820 669 ·0m-

350 697 476 739 nium
510 711 693 753 operum
723 696 807 739 Dei
837 696 1007 739 nullam
1036 696 1238 739 inuenire
1271 696 1412 752 possit
1442 696 1573 738 homo
1604 695 1847 738 rationem·

351 780 503 809 eorum
524 779 637 822 quae
664 768 770 808 sunt
789 765 872 808 sub
901 765 1002 807 sole.
1063 765 1122 808 Et
1146 767 1315 821 quanto
1341 764 1442 821 plus
1466 763 1737 807 laborauerit
1765 763 1824 806 ad

352 835 665 892 quaerendum,
685 837 813 877 tanto
832 835 980 877 minus
1003 834 1227 886 inueniet3
1258 833 1432 877 etiamsi
1460 833 1626 876 dixerit
1650 834 1825 891 sapiens

352 920 399 948 se
418 919 556 955 nosse,
578 919 668 947 11011
688 905 852 961 poterit
882 905 1084 961 reperire.
1145 904 1194 947 Si
1223 918 1327 960 ergo
1346 903 1540 946 inueniri
1565 918 1654 946 11011
1678 905 1826 960 potest
1845 914 1888 939 10

352 975 468 1018 ratio
498 974 804 1024 subsolarium,
825 974 923 1030 quis
950 974 1078 1031 plene
1108 973 1455 1031 suprasolarium
1482 973 1738 1016 redditurus
1758 975 1827 1016 est

354 1044 603 1087 rationem‘l
663 1043 774 1096 Quis
801 1044 919 1086 enim
949 1043 1160 1100 cognouit
1189 1058 1367 1086 sensum
1397 1043 1589 1094 Domini,
1617 1045 1697 1086 aut
1727 1042 1828 1099 quis

354 1113 631 1158 consiliarius
663 1113 758 1155 eius
789 1113 909 1156 fuit?
968 1112 1157 1156 Constat
1191 1113 1342 1170 itaque
1376 1113 1451 1162 sic¹
1477 1113 1695 1157 rationem
1735 1127 1826 1156 om-

355 1183 480 1225 nium
512 1182 717 1225 ueritatis
752 1182 908 1224 ardore
941 1181 1253 1238 quaerendum,
1283 1186 1335 1226 ut
1365 1181 1441 1239 pia
1475 1182 1666 1225 intentio
1700 1196 1827 1225 suam
1896 1180 1900 1184 ’

354 1251 661 1294 infirmitatem
692 1254 903 1308 agnoscat
933 1254 979 1294 01,
1006 1266 1063 1294 ex
1091 1252 1297 1295 omnibus
1324 1252 1456 1295 rebus
1483 1252 1695 1309 proficiat,
1720 1251 1827 1294 dum
1848 1261 1889 1295 Ῑ5

355 1322 440 1365 sibi
471 1321 740 1378 persuaserit
765 1321 966 1363 diuinam
995 1321 1274 1364 maiestatem
1303 1322 1496 1365 fideliter
1524 1321 1828 1365 honorandam

357 1394 404 1433 01
434 1389 757 1432 misericordiae
791 1389 1085 1433 indeficientis
1119 1391 1330 1447 abyssum
1364 1391 1530 1448 iugiter
1563 1390 1828 1448 amplecten-

214 1473 292 1513 453
311 1473 341 1502 a
358 1460 473 1502 dam.
534 1459 736 1515 Denique
762 1459 881 1516 apud
911 1459 1194 1517 philosophos
1218 1463 1398 1503 cautum
1426 1463 1492 1504 est
1519 1460 1629 1504 10110
1652 1473 1830 1503 manere

358 1528 612 1586 praedicata
644 1528 794 1584 qualia
828 1528 1026 1571 subiecta
1059 1529 1350 1586 permiserint,
1386 1529 1670 1586 omniumque
1703 1542 1830 1586 prae-

358 1597 718 1641 dicamentalium
767 1597 860 1640 uim
910 1601 956 1640 et
998 1599 1316 1655 proprietatem
1354 1599 1626 1642 naturalium
1665 1599 1830 1642 finibus
1850 1606 1894 1630 ²0

358 1668 544 1710 limitari
562 1681 571 1719 ;
601 1667 884 1724 eandemque,
905 1682 1005 1710 cum
1025 1668 1079 1710 ad
1103 1668 1276 1712 culmen
1296 1668 1543 1726 theologiae
1563 1669 1830 1720 ascenditur,

361 1736 487 1793 quasi
519 1736 675 1779 natiuo
706 1736 849 1779 colore
883 1736 1146 1780 destitutam
1178 1740 1224 1780 et
1258 1738 1412 1781 robore
1444 1737 1636 1780 alterari.
1696 1737 1832 1781 Plane

361 1806 511 1849 deficit
534 1805 603 1848 uis
623 1806 860 1848 uerborum
886 1808 931 1849 et
957 1806 1208 1850 intellectus
1231 1807 1325 1864 ipse
1348 1807 1548 1851 mortalis
1574 1807 1833 1859 succumbit,

361 1874 438 1917 ubi
459 1874 638 1917 diuinae
665 1874 904 1917 discutitur
933 1875 1207 1919 immensitas
1230 1876 1486 1927 maiestatis,
1506 1879 1552 1919 et
1577 1876 1625 1918 in
1649 1880 1831 1918 natura-

362 1944 479 1987 libus
519 1944 704 2000 optinet,
748 1944 817 1986 his
857 1945 1023 1988 scilicet
1061 1960 1174 2002 quae
1210 1961 1357 1989 rerum
1391 1959 1625 1989 numerum
1665 1947 1833 2003 augent
1853 1955 1894 1990 ²5

364 2014 436 2057 uel
466 2013 686 2064 minuunt,
718 2016 770 2056 ut
800 2014 917 2070 quod
948 2014 1038 2057 fuit
1066 2030 1155 2058 non
1185 2016 1324 2072 possit
1347 2030 1435 2059 non
1463 2015 1611 2068 fuisse,
1638 2018 1718 2058 aut
1745 2029 1834 2057 non

364 2082 643 2140 praeteriisse
674 2082 790 2139 quod
821 2083 1063 2139 praeteriit,
1083 2084 1190 2126 dum
1221 2087 1371 2127 tamen
1401 2084 1518 2141 quod
1549 2098 1704 2126 uerum
1734 2083 1835 2134 fuit,

365 2151 516 2195 Seium
536 2150 650 2194 forte
666 2151 896 2201 lecturum,
912 2152 1224 2195 nichilominus
1244 2167 1399 2195 uerum
1416 2167 1505 2196 non
1526 2153 1663 2196 fuisse
1684 2153 1834 2210 possit.

366 2220 494 2274 Quod
516 2220 666 2277 itaque
691 2221 980 2277 praeteritum
1001 2225 1080 2272 est,
1103 2222 1300 2265 reuocari
1328 2236 1415 2265 non
1437 2225 1584 2279 potest
1611 2236 1666 2264 ne
1688 2221 1836 2273 fuerit,

366 2294 412 2333 ct
453 2303 591 2346 aeque
630 2288 747 2346 quod
787 2303 843 2332 cx
883 2289 1056 2332 insidiis
1097 2289 1302 2333 fortunae
1336 2290 1511 2347 pendet,
1546 2290 1651 2333 dum
1687 2294 1836 2334 tamen
1854 2303 1898 2337 30

319 2363 348 2401 b
368 2373 424 2401 ex
461 2357 677 2401 facilitate
712 2361 898 2401 naturae
930 2358 1187 2401 utriuslibet
1217 2358 1349 2402 sortis
1380 2362 1586 2415 expectat
1616 2363 1837 2410 euentum,

368 2427 492 2470 nulla
538 2425 770 2470 eueniendi
810 2425 893 2469 sibi
935 2426 1170 2470 necessitas
1210 2427 1380 2471 subicit.
1461 2427 1534 2470 Sic
1576 2427 1691 2470 forte
1731 2427 1838 2470 dum

370 2541 394 2578 6
417 2551 590 2576 somnum
610 2538 634 2576 S
828 2549 872 2578 10
897 2539 1086 2587 repperire
1103 2539 1136 2575 A
1329 2549 1371 2586 17
1397 2539 1558 2577 abissum
1578 2538 1602 2577 S
1797 2549 1844 2588 19

369 2599 443 2634 quc
461 2600 528 2624 om.
549 2587 587 2623 M

421 2709 439 2747 5
468 2701 532 2735 Εει
550 2700 652 2736 homo
669 2701 767 2736 etc.:
795 2697 934 2736 Ecclen.
955 2697 1031 2735 viii.
1056 2699 1107 2742 16,
1131 2707 1183 2743 17.
1308 2708 1350 2736 12
1378 2700 1466 2744 Quis
1482 2701 1579 2736 enim
1597 2701 1692 2738 0101
1722 2710 1736 2737 1
1758 2700 1839 2738 Cor.
1905 2691 1907 2693 ’

373 2746 411 2783 ii.
436 2748 487 2783 16.
647 2758 699 2792 12,
723 2756 762 2793 13
811 2749 869 2782 uis
885 2748 1118 2782 consiliarius
1134 2749 1228 2783 etc.:
1255 2745 1370 2783 Exod.
1391 2746 1440 2783 xl.
1465 2757 1515 2792 13.
1676 2750 1716 2785 18
1743 2749 1843 2794 apud

367 2795 601 2842 philooophou
617 2797 709 2832 etc:
737 2806 767 2831 v.
819 2792 919 2832 ceth.
937 2796 980 2831 dc
1001 2794 1105 2831 Trsn.
1120 2806 1151 2831 e.
1167 2804 1200 2840 ⁴»
1215 2795 1295 2831 init.
1316 2793 1464 2843 (Migne
1481 2795 1521 2831 P.
1536 2795 1579 2832 L.
1593 2794 1679 2832 lxiv.
1699 2798 1815 2843 125²)-

485 2866 550 2900 128
