1994 3190
183 225 284 259 oar.
301 213 413 274 1111]
705 214 1108 261 POLICRATICV
1109 216 1142 260 S
1669 229 1743 270 414
1762 228 1792 258 a

183 335 324 378 crucis
348 338 496 386 seruet
514 325 566 376 'in
590 337 777 392 pectore,
803 335 1022 378 iustitiam
1047 336 1150 378 fidei
1179 339 1325 393 gestet
1354 336 1402 379 in
1431 336 1587 394 capite,
1607 339 1654 379 et

184 403 466 446 salutiferum
501 403 677 461 signum
715 404 816 447 fidei
847 419 1005 447 manus
1036 405 1244 448 innocens
1273 406 1385 463 figat
1414 406 1461 448 in
1492 406 1652 457 fronte,

185 472 311 515 illum
359 487 532 529 semper
580 487 686 529 prae
724 475 872 515 mente
918 473 1097 523 habens,
1143 474 1220 529 qui
1268 474 1512 518 cultoribus
1561 475 1654 518 suis

185 555 359 585 omnem
410 541 565 584 mundi
617 542 822 585 timorem
870 542 1099 585 excutiens
1142 543 1237 585 ait:
1302 543 1343 585 A
1388 544 1526 600 signis
1572 544 1653 587 celi

147 627 166 662 ⁵
185 625 241 654 ne
280 610 533 663 timueritis,
572 625 685 667 quae
724 611 887 654 timent
934 615 1102 668 gentes,
1143 611 1249 668 quia
1296 626 1378 668 ego
1426 613 1653 656 uobiscum
1673 620 1702 658 b

185 679 405 723 Dominus
425 679 546 723 Deus
566 683 727 724 uester.
775 680 898 724 Haec
919 695 1093 738 quoque
1113 680 1251 723 uerba
1271 680 1390 723 inter
1410 682 1656 723 tonandum

185 748 258 792 uel
301 749 456 792 audita
485 749 557 792 uel
587 749 708 793 dicta
737 750 993 793 scribuntur
1022 765 1049 792 a
1079 749 1343 807 quibusdam
1374 764 1537 792 noxam
1569 750 1654 792 ful-

186 818 320 861 minis
359 819 588 862 amouisse.
667 819 819 862 Nichil
854 822 1004 862 autem
1045 823 1125 871 est,
1165 819 1282 876 quod
1323 819 1658 862 imminentibus

187 886 327 944 signis
349 887 415 930 ita
434 890 579 931 totum
600 888 825 932 concutiat
844 889 1080 939 hominem,
1101 889 1217 933 sicut
1236 903 1360 931 mens
1380 889 1464 931 sibi
1486 889 1659 931 conscia

131 969 174 994 10
189 956 453 1014 iniquitatis,
485 960 530 1000 et
560 972 672 1014 quae
708 958 921 1001 scelerum
961 973 1142 1002 suorum
1183 972 1343 1015 penam
1385 958 1442 1001 ad
1482 957 1659 1015 singula

190 1026 321 1070 timet
340 1027 527 1084 exposci.
587 1027 715 1070 Vnde
736 1028 908 1071 ethicus
928 1028 983 1072 de
1003 1027 1277 1071 criminosis:

260 1112 322 1156 Hi
353 1116 458 1156 sunt
487 1113 564 1170 qui
594 1114 822 1171 trepidant
852 1117 898 1157 et
927 1114 984 1156 ad
1014 1113 1163 1156 omnia
1193 1113 1374 1170 fulgura
1404 1113 1586 1170 pallent.

193 1198 230 1241 E
250 1202 428 1243 contra:
459 1200 611 1243 Iustus
626 1200 810 1243 confidit
830 1203 882 1243 ut
902 1200 970 1243 leo
983 1214 993 1252 ;
1029 1204 1074 1242 et
1094 1199 1226 1242 illud:
1258 1199 1361 1242 Non
1377 1199 1661 1243 contristabit

193 1268 362 1312 iustum
392 1269 602 1327 quicquid
632 1270 672 1313 ei
703 1270 924 1314 acciderit.
993 1270 1159 1326 Fulgor
1188 1269 1393 1326 equidem
1423 1269 1591 1326 igneus,
1623 1269 1661 1311 si

135 1346 177 1383 1⁵
195 1338 363 1382 urendo
402 1354 491 1382 non
530 1342 698 1390 noceat,
737 1339 1008 1383 celebritatis
1056 1339 1245 1396 gloriam
1285 1338 1426 1382 affert.
1506 1338 1663 1395 Neque

151 1421 156 1427 ·
194 1407 300 1465 quia
338 1423 427 1451 non
467 1409 571 1459 urit,
609 1409 766 1466 igneus
804 1424 894 1452 non
935 1412 1026 1461 est;
1075 1408 1112 1451 si
1152 1411 1302 1451 tamen
1337 1408 1384 1450 in
1419 1408 1501 1451 hoc
1538 1408 1664 1451 Plato

194 1477 419 1535 recipitur.
478 1477 604 1521 Duae
625 1481 742 1530 sunt,
763 1478 911 1535 inquit
930 1478 1016 1528 ille,
1037 1481 1090 1521 ut
1113 1478 1281 1535 opinor,
1302 1477 1496 1520 uirtutes
1524 1477 1663 1534 ignis;
1682 1493 1707 1523 c

195 1546 336 1590 altera
368 1547 482 1598 edax
513 1550 559 1591 et
593 1548 900 1605 peremptoria,
942 1548 1084 1591 altera
1125 1546 1360 1590 mulcebris
1398 1550 1444 1589 et
1482 1546 1666 1589 innoxio

196 1616 376 1660 lumine.
459 1616 751 1660 Posteriorem
801 1617 960 1660 asserit
1009 1616 1298 1674 operatricem
1349 1616 1484 1666 uisus,
1525 1619 1571 1659 et
1620 1616 1667 1658 in

137 1699 182 1725 20
198 1685 497 1744 superioribus
517 1686 610 1729 uim
630 1701 755 1730 suam
777 1687 970 1730 maxime
991 1700 1204 1730 exercere.
1251 1686 1494 1728 Ascanium
1516 1685 1668 1728 fatalis

200 1755 323 1799 exilii
376 1770 476 1799 cum
523 1758 650 1813 patre
702 1756 961 1799 discrimina
1009 1756 1272 1799 subeuntem
1319 1755 1437 1811 ignis
1482 1755 1537 1798 de
1576 1754 1668 1797 celo

201 1825 328 1883 quasi
363 1839 569 1868 succenso
608 1825 753 1882 capite
793 1826 1051 1876 illustrauit,
1083 1825 1404 1882 praenuntians
1444 1824 1484 1867 ei
1519 1824 1669 1867 deberi

201 1893 459 1938 felicitatem
490 1894 624 1945 exilii,
654 1894 886 1952 ipsumque
917 1894 1122 1938 futurum
1150 1895 1198 1937 in
1232 1897 1411 1952 gentem
1446 1908 1667 1951 magnam.

203 1951 447 2006 Alexandri
473 1963 723 2007 Macedonis
744 1967 789 2008 et
819 1964 1055 2008 Octauiani
1077 1963 1271 2022 Augusti
1292 1963 1376 2006 sub
1403 1963 1498 2020 ipso
1519 1978 1670 2006 eorum

146 2042 187 2078 ²⁵
204 2035 306 2076 ortu
335 2033 512 2076 claritas
539 2033 655 2090 ignis
682 2034 894 2077 miraculo
920 2034 1143 2077 declarata
1167 2037 1246 2076 est.
1307 2033 1670 2084 Proficiscentem‚

123 2123 131 2128 ·
204 2102 527 2160 expeditionem
548 2103 654 2146 dum
675 2104 911 2161 egreditur,
927 2118 1194 2161 prosequens
1214 2106 1376 2146 uentus
1392 2117 1670 2145 successuum

205 2186 281 2229 spe
307 2171 533 2225 fortunat;
563 2173 669 2215 dum
699 2174 746 2215 in
777 2174 926 2216 hostes
955 2173 1122 2216 uexilla
1153 2173 1372 2222 feruntur,
1403 2172 1517 2215 aeris
1547 2172 1670 2215 testi-

204 2240 351 2284 monio
380 2242 546 2284 uexilla
580 2242 933 2300 triumphabunt.
1005 2243 1054 2286 Si
1087 2257 1193 2285 uero
1225 2242 1396 2299 patriae
1427 2241 1672 2291 imminent,

205 2309 494 2353 iustissimum
515 2311 740 2355 incutiunt
760 2315 941 2355 metum.

210 2429 252 2456 12
277 2419 342 2456 Hii
359 2419 384 2455 S
526 2431 572 2465 24
597 2420 800 2458 Octouiani
817 2421 856 2456 M

255 2527 278 2553 2
301 2519 443 2562 m'ynum
458 2519 546 2558 fidei
561 2531 568 2552 :
595 2517 649 2555 De
675 2518 797 2555 crucis
819 2518 928 2565 signo
946 2521 984 2556 et
1001 2518 1182 2555 Tonantis
1204 2516 1517 2564 septentrionalis
1533 2516 1672 2554 malleo

209 2575 240 2600 v.
259 2562 414 2607 Grimm‚
435 2566 608 2600 Deutsche
625 2567 773 2611 Mythol.
790 2578 821 2602 c.
840 2567 872 2602 8.
992 2577 1015 2610 4
1042 2568 1076 2602 Α
1094 2568 1208 2611 31'9m'3
1225 2569 1318 2601 etc.:
1344 2565 1366 2600 J
1370 2577 1484 2601 erem.
1502 2577 1535 2600 x.
1556 2575 1598 2608 23
1626 2565 1673 2600 cf.

214 2620 229 2646 1
250 2610 410 2656 Paralip.
428 2611 519 2646 xxii.
541 2613 592 2647 18.
753 2624 794 2649 12
819 2615 873 2649 Hi
888 2619 975 2649 sunt
992 2616 1063 2650 etc.
1080 2627 1087 2649 :
1116 2614 1192 2648 Iuv.
1211 2615 1286 2650 Sat.
1304 2612 1384 2648 xiii.
1403 2623 1483 2657 223.
1631 2622 1672 2656 13

211 2658 336 2692 Iustus
359 2661 452 2694 etc.:
477 2658 580 2694 Prov.
600 2659 724 2696 xxviii.
747 2671 776 2696 1.
919 2662 1002 2695 Non
1025 2662 1249 2696 contristabit
1275 2662 1368 2696 etc.:
1395 2660 1499 2696 Prov.
1525 2658 1590 2693 xii.
1618 2670 1673 2694 21.

216 2705 259 2739 16
283 2705 408 2739 Plato:
443 2705 538 2741 Tim.
564 2706 652 2751 4513
678 2718 769 2742 vers.
795 2706 991 2743 chalcidii.
1195 2718 1240 2742 20
1266 2709 1466 2742 Ascanium
1496 2708 1592 2742 etc.:
1630 2717 1675 2740 ex

213 2749 347 2786 Catulo
381 2751 575 2788 Parmensi
607 2753 766 2789 testibus
799 2755 905 2790 codd.
940 2754 1017 2796 SP;
1050 2754 1134 2789 vide
1154 2754 1268 2799 Vei-g.
1295 2756 1386 2789 Aen.
1414 2753 1454 2790 ii.
1480 2755 1550 2798 679
1575 2765 1675 2798 seqq.

215 2796 277 2840 (cf.
297 2797 397 2833 Suet.
413 2799 486 2834 Tib.
501 2809 564 2842 14;
589 2799 720 2837 Ioann.
739 2800 885 2837 Saresb.
910 2803 991 2836 Vita
1009 2803 1174 2836 Anselmi
1190 2813 1221 2837 c.
1241 2801 1292 2846 4.)
1401 2811 1446 2844 ²4
1470 2802 1677 2835 Alexandri

215 2846 286 2880 etc.
301 2857 310 2879 :
336 2857 366 2880 v,
386 2843 487 2882 Suet.
503 2847 574 2882 Oct.
590 2856 646 2891 94.
771 2849 816 2884 26
827 2860 1046 2895 prosequens
1055 2854 1185 2884 uentus
1200 2861 1208 2883 :
1235 2847 1406 2894 cf.Verg.
1424 2850 1515 2883 Aen.
1527 2847 1580 2882 iii.
1599 2857 1676 2892 130.

1525 2916 1570 2960 63
