1994 3190
219 231 297 280 561
315 241 346 271 a
691 228 954 273 IOANNIS
995 228 1511 274 SARESBERIENSIS
1670 226 1783 289 [ΜΒ.
1797 239 1837 283 Y*

362 350 494 394 rebus
524 350 729 394 omnibus
759 350 1068 408 potentissima
1102 364 1206 407 pars
1241 365 1334 394 esse
1369 353 1583 394 censetur.
1641 349 1827 393 Verum·

316 421 346 459 b
362 422 512 463 tamen
544 420 621 476 qui
648 420 782 463 finem
810 419 949 471 nouit,
978 419 1158 462 initium
1187 419 1393 477 ignorare
1421 434 1511 463 non
1540 422 1698 477 potest,
1726 434 1827 463 eum

361 489 492 532 radix
534 489 653 532 initii
692 503 771 546 per
808 489 1075 546 multiplices
1108 489 1292 532 uirtutis
1330 489 1533 532 tramites
1581 503 1720 546 usque
1770 488 1827 532 ad

359 573 566 602 coronam
613 558 717 601 finis
764 558 1025 616 fructusque
1083 558 1359 602 dulcedinem
1407 558 1664 602 uiuacitatis
1721 572 1828 601 suae

359 628 584 671 soliditate
633 630 920 685 pertranseat.
1000 628 1121 679 Ecce,
1159 627 1308 684 inquit
1354 627 1512 670 beatus
1560 628 1654 678 Iob,
1693 627 1828 671 timor
1845 645 1864 679 ⁵

359 697 540 740 Domini
559 697 658 754 ipsa
683 700 751 741 est
776 698 995 755 sapientia
1021 700 1067 740 et
1093 697 1293 740 recedere
1319 711 1347 739 a
1372 697 1489 740 malo
1518 696 1827 754 intelligentia.

358 767 508 810 Aliam
546 781 653 810 uero
692 767 883 810 radicem
932 767 1176 824 sapientiae
1224 781 1444 823 nusquam
1494 766 1686 817 inuenio,
1724 780 1826 810 cum

358 836 407 878 in
441 851 493 879 eo
527 836 806 880 consentiant
843 851 994 879 omnes
1034 836 1150 892 quod
1190 835 1371 878 initium
1410 835 1653 892 sapientiae
1691 835 1827 879 timor

358 905 551 949 Domini.
624 905 775 948 Timor
804 920 909 963 ergo
939 905 1119 948 initium
1150 907 1195 948 et
1234 905 1281 947 in
1310 904 1470 947 timore
1499 918 1727 961 processus
1757 908 1826 948 est

357 977 404 1018 et
442 975 640 1018 omnium
679 974 901 1017 uirtutum
941 975 1125 1025 culmen,
1164 974 1258 1017 siue
1297 973 1410 1016 illud
1449 973 1681 1017 caritatem
1729 973 1825 1017 siue
1844 989 1887 1024 ιο

357 1044 621 1101 sapientiam
651 1044 782 1096 dicas,
812 1059 902 1087 non
931 1058 1246 1101 usquequaque
1277 1042 1471 1086 alienum
1500 1045 1569 1086 est
1596 1057 1624 1085 a
1653 1043 1824 1087 timore.

356 1114 399 1155 A
418 1113 544 1156 filiali
571 1113 776 1156 seruilem
803 1113 980 1166 diuide3
1009 1113 1056 1155 in
1083 1113 1165 1157 hoc
1191 1112 1382 1163 initium,
1402 1113 1451 1155 in
1476 1111 1554 1155 illo
1581 1112 1825 1169 sapientiae

355 1182 574 1226 constitue
604 1181 930 1239 perfectionem.
1010 1182 1296 1238 Quocumque
1325 1181 1456 1224 modo
1485 1195 1532 1224 se
1560 1181 1694 1224 luxus
1722 1195 1824 1231 uer-⁸

357 1252 514 1295 borum
554 1251 752 1302 extollat,
791 1266 948 1294 uerum
992 1254 1060 1295 est
1108 1251 1214 1308 quia
1258 1251 1477 1308 sapientia
1519 1250 1727 1294 initiatur
1774 1251 1822 1294 in

314 1333 340 1363 c
358 1322 515 1365 timore
542 1324 588 1364 et
614 1321 731 1377 quod
751 1324 930 1364 sanctus
949 1322 1082 1365 timor
1102 1320 1282 1364 Domini
1302 1322 1533 1377 permanet
1552 1320 1599 1362 in
1626 1319 1821 1363 seculum
1841 1332 1887 1368 ις

356 1390 501 1433 seculi.
574 1391 728 1433 Manet
766 1391 918 1447 itaque
957 1390 1087 1433 radix
1132 1392 1178 1433 et
1223 1389 1506 1433 incrementis
1543 1388 1715 1446 gratiae
1753 1389 1822 1432 in-

354 1459 579 1502 ualescens
598 1459 646 1501 in
666 1473 811 1501 ramos
830 1459 1052 1502 uirtutum
1072 1459 1258 1516 proficit,
1278 1461 1324 1501 et
1343 1458 1413 1501 uis
1433 1458 1527 1501 eius
1547 1457 1604 1500 ad
1624 1457 1821 1501 fructum

355 1528 576 1586 perfectae
611 1528 811 1571 caritatis
845 1542 984 1585 usque
1015 1528 1243 1585 pertingit,
1275 1542 1388 1584 quae
1427 1541 1642 1584 penarum
1681 1528 1822 1572 nescit

353 1599 538 1648 aculeos,
567 1612 667 1641 cum
697 1612 786 1641 non
815 1597 875 1640 sit
903 1601 1049 1641 metus
1077 1598 1124 1640 in
1153 1598 1350 1648 caritate,
1380 1597 1455 1654 qui
1485 1611 1645 1654 penam
1674 1597 1820 1649 habet,

353 1672 400 1712 et
429 1669 488 1711 sit
519 1667 692 1711 timoris
720 1667 933 1711 indicium
969 1667 1086 1724 quod
1115 1667 1232 1711 bona
1260 1681 1392 1724 opera
1425 1666 1590 1724 iugiter
1629 1666 1739 1710 facit
1773 1670 1820 1711 et
1839 1683 1885 1715 m

353 1737 552 1780 iustitiae
571 1736 802 1780 continens
822 1736 1005 1779 eandem
1031 1736 1336 1794 apprehendit.
1396 1735 1543 1779 Metus
1563 1750 1668 1793 ergo
1694 1736 1818 1780 uide-

351 1808 429 1848 tur
447 1805 610 1855 cedere,
631 1805 737 1847 dum
761 1805 908 1862 gratia
934 1805 1108 1862 proficit
1128 1805 1183 1848 ad
1211 1805 1452 1857 uirtutem3
1483 1804 1588 1861 quia
1611 1805 1701 1848 iam
1727 1820 1817 1850 non

351 1875 482 1918 timet
510 1874 732 1918 semiliter
761 1875 837 1931 qui
867 1874 992 1917 filiali
1022 1875 1184 1918 affectu
1213 1874 1271 1916 ad
1302 1874 1598 1917 reuerentiam
1627 1878 1674 1918 et
1702 1874 1819 1919 bona

350 1959 484 2002 opera
503 1944 726 1987 incitatur.
787 1943 980 2001 Semper,
1001 1944 1148 2001 inquit
1168 1944 1324 1987 beatus
1344 1943 1436 1995 Iob,
1449 1944 1574 2000 quasi
1595 1947 1818 1989 tumentes

348 2014 511 2057 fluctus
542 2023 675 2070 super
708 2027 777 2055 me
812 2013 942 2056 timui
975 2013 1131 2064 Deum,
1163 2016 1209 2057 et
1242 2013 1415 2071 pondus
1450 2013 1544 2056 eius
1578 2013 1695 2057 ferre
1726 2029 1816 2058 non
1837 2030 1879 2066 ²⁵

348 2083 486 2141 potui.
545 2082 709 2139 Vtique
730 2096 775 2125 se
795 2096 883 2125 non
905 2082 1167 2140 quandoque
1187 2083 1297 2126 dicit
1315 2082 1516 2126 timuisse
1536 2082 1613 2125 sed
1632 2097 1817 2141 semper,

301 2161 331 2202 <1
348 2156 395 2196 et
434 2167 534 2196 eum
574 2151 819 2209 perfectum
860 2166 952 2195 esse
991 2167 1080 2195 non
1120 2152 1310 2202 dubitas,
1343 2151 1414 2194 cui
1457 2151 1596 2208 ipsius
1636 2152 1815 2197 Domini

348 2221 602 2266 testimonio
631 2221 703 2263 uir
733 2220 889 2263 similis
919 2236 1008 2265 non
1039 2224 1136 2264 erat
1165 2221 1213 2263 in
1243 2224 1375 2264 terra.
1438 2220 1531 2264 Nec
1562 2235 1662 2263 eum
1692 2226 1815 2266 metu

348 2305 562 2349 penarum
582 2290 768 2334 caritate
794 2290 984 2333 deducta
1010 2290 1219 2333 credibile
1246 2292 1313 2333 est
1340 2304 1367 2332 a
1394 2289 1522 2332 malis
1549 2292 1816 2347 temperasse

347 2375 478 2418 quem
509 2360 555 2403 in
585 2359 854 2417 perfectione
883 2359 1080 2402 iustitiae
1112 2359 1247 2403 fuisse
1277 2373 1366 2402 non
1397 2359 1585 2416 ambigis
1614 2374 1814 2404 consum·
1832 2357 1886 2416 aq}

347 2433 529 2474 matum.
589 2429 684 2472 Iam
721 2429 767 2471 in
807 2428 1183 2471 commendatione
1214 2428 1387 2471 timoris
1422 2442 1564 2471 sermo
1603 2430 1816 2486 processit

347 2554 392 2628 ff
414 2549 493 2591 post
511 2542 700 2579 constitue
717 2543 800 2578 aad.
817 2542 1030 2589 profectum
1048 2543 1087 2579 et
1102 2541 1239 2579 exinde
1259 2541 1297 2578 M
1398 2551 1440 2588 19
1464 2540 1629 2578 karitate
1647 2541 1671 2579 S
1767 2552 1811 2582 21

388 2590 487 2637 etun]
508 2590 642 2627 Modus
658 2589 792 2626 (ΣΒΔΒι

398 2710 414 2748 5
442 2702 530 2737 Eece.
547 2703 657 2737 timor
671 2702 743 2737 etc.
761 2712 768 2735 ε
796 2698 862 2735 Iob
880 2698 1006 2734 xxviii.
1027 2699 1082 2735 28.
1226 2699 1260 2743 8,
1276 2707 1299 2743 9
1324 2698 1473 2733 initium
1489 2699 1688 2744 sapientiae
1704 2700 1815 2738 timor

347 2750 518 2786 Domini:
548 2749 606 2785 Po.
624 2760 680 2784 cx.
705 2758 756 2789 ιο,
775 2746 876 2783 Eccli
896 2745 920 2782 i.
943 2747 994 2783 16.
1214 2755 1254 2782 12
1282 2746 1313 2781 A
1332 2746 1451 2791 filiali
1469 2748 1563 2782 etc.:
1589 2746 1639 2783 cf.
1660 2746 1751 2784 Bed.
1770 2749 1810 2784 in

345 2798 447 2833 va.
463 2798 488 2832 ι’.
510 2805 529 2841 7
551 2795 696 2843 (Migne
715 2797 755 2831 Ρ.
773 2796 813 2830 Ιι.
835 2793 905 2830 xci.
927 2796 1023 2839 939).
1218 2801 1257 2839 15
1284 2798 1428 2828 nanctus
1453 2794 1562 2829 timor
1583 2795 1675 2830 eta:
1701 2806 1732 2830 v.
1752 2794 1810 2833 Pa.

346 2843 446 2880 xviii.
477 2854 529 2881 10.
675 2853 716 2887 ιι)
742 2854 813 2878 non
841 2843 887 2877 Μ
914 2847 1026 2877 metuo
1050 2842 1146 2877 ete:
1182 2852 1213 2877 v.
1246 2850 1257 2877 1
1291 2839 1421 2876 Ioann.
1448 2839 1495 2876 iv.
1527 2842 1567 2876 18
1595 2840 1675 2884 (ubi
1703 2843 1815 2879 timor

345 2890 380 2928 le
413 2890 515 2935 zur),
643 2900 689 2926 20
714 2891 805 2926 bona
822 2901 929 2935 opem
946 2890 1039 2926 eta:
1066 2900 1097 2924 v.
1116 2886 1220 2924 Eccli
1237 2898 1293 2923 xv.
1316 2898 1344 2924 ι.
1480 2898 1525 2933 24
1550 2889 1697 2934 Semper
1711 2891 1808 2928 etc.:

345 2903 421 2975 1οἷι
431 2937 530 2975 xxxi.
548 2947 604 2984 23.
749 2946 804 2983 27,
822 2939 864 2974 28
890 2938 1007 2984 &peius
1025 2937 1174 2972 nom-'m‘
1190 2937 1388 2973 tettinwnio
1403 2947 1412 2971 ε
1436 2947 1468 2972 v.
1486 2934 1551 2974 Iob
1569 2934 1594 2973 i.
1611 2936 1645 2975 8.

452 3018 520 3052 3³0
