1994 3190
152 205 395 268 cmxvn]
683 205 1122 251 PomonArmvs
1630 172 1759 259 ssa'd

153 344 265 387 quae
284 331 405 373 certa
423 327 651 385 postponit
669 327 861 378 incertia,
881 329 927 370 et
946 326 1156 383 quicquid
1182 326 1373 370 habetur
1397 327 1616 384 optimum

153 414 210 442 ex
238 413 370 442 causa
398 396 520 439 inani
550 395 686 439 abicit
717 401 763 438 et
791 395 987 453 expellit.
1047 395 1141 439 Nec
1173 395 1220 438 in
1255 410 1306 438 eo
1338 395 1617 439 fortitudinis

152 482 312 511 nomen
338 465 599 522 assequitur,
623 465 740 522 quod
767 479 813 508 se
839 479 946 522 prae
972 465 1129 508 ceteris
1156 464 1442 508 fraudulenta
1468 466 1618 523 opinio

152 536 358 593 consequi
396 534 625 593 gloriatur.
702 534 867 591 Vtique
907 533 1215 576 fraudulenter
1253 537 1299 577 et
1347 549 1461 577 uane
1501 535 1617 592 quia,
1632 540 1713 590 584
1733 550 1764 579 a

117 623 135 656 5
153 608 206 649 ut
233 605 300 648 ait
328 604 413 655 ille,

268 691 399 734 rebus
428 690 476 732 in
505 689 703 733 aduersis
734 688 863 732 facile
894 691 962 732 est
990 691 1300 746 contempnere
1330 690 1496 742 uitam;

327 748 489 792 fortius
518 748 593 792 ille
624 747 734 791 facit
763 747 839 805 qui
870 747 1004 790 miser
1033 762 1126 790 esse
1155 750 1311 804 potest.

155 835 298 879 Nemo
329 848 481 878 eorum
520 834 597 892 qui
629 836 818 877 mortem
850 836 1063 891 prouocat
1101 834 1367 877 excusabilis
1407 836 1504 884 est;
1545 847 1620 875 ex-

155 904 436 949 cusabiliores
475 906 582 946 sunt
611 903 688 960 qui
727 903 1031 946 imminentem
1061 903 1333 955 abhorrent;
1374 903 1474 960 quis
1504 903 1621 945 enim

98 992 138 1017 10
155 973 386 1018 consilium
406 972 585 1015 Domini
606 973 816 1030 cognouit
839 975 884 1016 et
908 987 967 1015 an
994 973 1134 1030 possit
1158 975 1345 1016 mortem
1366 972 1621 1029 impenden-

155 1045 247 1086 tem
279 1055 552 1099 quacumque
591 1042 762 1084 ratione
794 1042 1020 1099 effugere?
1092 1041 1415 1085 Sandrococtus
1454 1056 1482 1084 a
1521 1055 1623 1098 rege

156 1111 412 1155 Alexandro
441 1111 629 1154 interfici
656 1111 802 1154 iussus
829 1111 1017 1154 salutem
1045 1111 1269 1155 celeritate
1298 1111 1459 1168 pedum
1491 1125 1622 1167 quae-

156 1181 291 1233 siuit3
340 1195 397 1223 ex
442 1194 531 1237 qua
579 1178 844 1238 fatigatione
884 1195 984 1224 cum
1031 1195 1215 1238 sompno
1254 1184 1411 1238 captus
1450 1180 1624 1230 iaceret,

156 1250 225 1293 leo
259 1249 453 1307 ingentis
492 1247 660 1292 formae
699 1249 757 1291 ad
788 1249 1079 1292 dormientem
1112 1250 1294 1293 accessit
1332 1249 1625 1305 sudoremque

101 1337 140 1371 15
157 1321 368 1363 fluentem
416 1318 570 1375 lingua
626 1318 666 1361 ei
722 1318 906 1362 detersit
955 1323 1001 1362 et
1050 1319 1210 1362 blande
1263 1318 1625 1376 expergefactum

158 1388 350 1446 reliquit.
408 1387 504 1431 Hoc
539 1387 740 1445 prodigio
774 1388 966 1445 primum
997 1389 1054 1431 ad
1084 1403 1206 1445 spem
1239 1388 1364 1444 regni
1395 1388 1626 1430 maiestate

158 1458 318 1501 ominis
355 1456 571 1514 impulsus
610 1459 689 1501 est.
767 1457 969 1500 Molienti
1009 1457 1167 1500 deinde
1207 1457 1371 1500 bellum
1412 1457 1625 1500 aduersus

158 1526 403 1584 praefectos
423 1525 666 1569 Alexandri
686 1525 907 1570 elefantus
928 1527 1129 1570 infinitae
1156 1526 1478 1584 magnitudinis
1506 1526 1624 1569 ultro
1642 1529 1671 1568 b

160 1610 207 1639 se
236 1595 399 1639 obtulit
430 1597 476 1638 et
505 1594 646 1638 ueluti
676 1594 845 1638 domita
874 1596 1213 1639 mansuetudine
1243 1610 1343 1638 eum
1374 1599 1500 1653 tergo
1530 1610 1625 1638 sus-

102 1681 145 1706 20
161 1665 289 1723 cepit,
308 1665 487 1722 duxque
506 1663 611 1707 belli
631 1666 677 1707 et
696 1664 936 1721 praeliator
955 1666 1235 1723 postmodum
1257 1665 1444 1722 insignis
1463 1665 1628 1708 extitit.

161 1734 440 1778 Andronicus
469 1748 643 1791 quoque
677 1733 944 1791 dampnatus
973 1735 1030 1777 ad
1071 1735 1246 1785 bestias,
1275 1749 1375 1778 cum
1406 1734 1521 1777 leoni
1552 1734 1626 1778 ob-

159 1804 300 1848 iectus
326 1806 451 1854 esset,
471 1803 547 1860 qui
574 1805 620 1846 et
645 1804 920 1847 uastitudine
947 1805 1141 1861 corporis
1168 1808 1214 1847 et
1240 1804 1410 1862 impetu
1437 1804 1627 1847 feruoris

161 1873 430 1930 fremituque
445 1873 647 1924 terrifico,
660 1888 817 1916 sonoro
830 1889 1003 1931 quoque
1019 1874 1149 1917 thoro
1168 1874 1389 1931 comisque
1405 1874 1626 1917 cei-uicum

162 1942 480 1986 fluctuantibus
509 1942 678 1986 animos
704 1943 902 1986 omnium
931 1943 1164 2000 oculosque
1191 1944 1238 1986 in
1265 1958 1311 1986 se
1338 1946 1627 1992 conuerteret,

103 2026 146 2060 ²5
163 2012 313 2055 illesus
337 2011 480 2055 euasit
503 2026 554 2055 eo
581 2011 711 2068 quod,
731 2012 808 2055 ubi
835 2027 936 2055 eum
963 2013 1031 2055 leo
1061 2013 1212 2070 procul
1240 2013 1426 2070 aspexit,
1446 2016 1627 2069 repente

163 2081 289 2139 quasi
308 2081 532 2124 admirans
557 2081 684 2124 stetit
710 2096 761 2125 ac
781 2082 938 2124 deinde
959 2082 1121 2125 sensim
1143 2085 1188 2125 et
1208 2083 1334 2139 quasi
1355 2081 1627 2125 iocabundus

162 2150 332 2208 placide
364 2149 545 2193 accessit
578 2150 636 2193 ad
676 2150 909 2194 hominem.
970 2151 1083 2194 Tum
1115 2151 1302 2194 caudam
1338 2166 1458 2194 more
1493 2154 1628 2207 atque

162 2220 255 2263 ritu
284 2219 562 2263 adulantium
591 2234 750 2263 canum
781 2220 1019 2263 clementer
1048 2223 1094 2263 et
1123 2221 1285 2264 blande
1315 2221 1458 2264 mouit
1489 2220 1631 2263 homi-

163 2289 318 2346 nisque
346 2303 392 2332 se
421 2289 592 2346 corpori
627 2289 873 2347 adiungens
912 2305 1042 2333 crura
1078 2290 1172 2334 eius
1212 2294 1258 2333 et
1297 2304 1455 2334 manus
1494 2304 1630 2347 prope

168 2420 213 2446 10
235 2407 414 2456 cognouit
431 2407 631 2445 consilium
648 2409 794 2446 domini
812 2409 852 2446 M
999 2420 1042 2456 19
1067 2409 1209 2457 optulit
1226 2409 1292 2446 BA

212 2519 236 2556 6
258 2520 363 2554 rebus
387 2519 481 2555 etc.=
508 2517 675 2554 Martial.
693 2517 746 2554 xi.
766 2519 820 2565 56.
841 2526 893 2565 15,
917 2519 971 2555 16.
1064 2521 1251 2556 aduersis:
1278 2521 1443 2565 angustis
1459 2518 1626 2556 Martial.

165 2575 186 2612 7
204 2568 361 2612 for-lius:
377 2567 528 2611 fortiter
540 2565 706 2602 Martial.
865 2576 898 2611 9,
920 2576 964 2602 ιο
989 2568 1077 2610 Quis
1093 2570 1256 2612 coqnouit
1271 2569 1368 2603 etc.:
1395 2580 1427 2603 v.
1469 2566 1555 2613 Sap.
1574 2566 1627 2604 ix.

169 2623 225 2659 13,
254 2624 267 2649 1
297 2612 378 2649 Cor.
402 2611 441 2648 ii.
470 2613 526 2650 16.
698 2623 736 2649 11
765 2614 1026 2650 sandrococtus
1049 2626 1165 2660 usque
1192 2615 1240 2650 ad
1264 2617 1405 2650 extitit:
1431 2626 1462 2650 v„
1490 2614 1626 2650 lustin.

165 2673 223 2697 xv.
240 2670 264 2704 4
278 2659 320 2707 ἓξ
344 2660 466 2704 16—19.
669 2670 715 2696 20
738 2662 879 2696 extitit:
895 2662 977 2705 suit
1002 2661 1135 2698 lustin.
1326 2672 1367 2697 21
1396 2663 1629 2698 Andronicus

164 2719 282 2753 usque
307 2707 355 2743 ad
378 2708 535 2742 medicus
559 2707 671 2742 leonis
696 2707 777 2753 (585
792 2708 855 2749 Β);
881 2720 914 2743 v.
937 2707 1036 2744 Gen.
1053 2721 1085 2744 v.
1108 2719 1150 2754 14
1175 2708 1217 2755 ἐξ
1245 2719 1267 2754 9
1292 2720 1417 2754 seqq.;
1443 2708 1627 2746 lectiones

166 2753 319 2791 Ioannis
345 2753 504 2790 contulit
532 2753 706 2790 Hertzius
735 2754 775 2790 in
798 2755 857 2791 ed.
882 2755 1035 2791 maioris
1059 2758 1246 2802 apparatu
1270 2755 1415 2792 critico.
1489 2758 1629 2792 Andro-

166 2803 290 2838 nicus:
321 2802 524 2837 Androclus
547 2800 642 2837 Gen.
666 2802 888 2848 (Ἀνδροκλῆς
909 2814 969 2848 ap.
987 2802 1135 2839 Aelian.
1160 2805 1203 2838 de
1227 2805 1311 2840 Nat.
1331 2805 1455 2840 Anim.
1471 2803 1534 2839 vii.
1553 2804 1627 2849 48).

170 2851 216 2886 26
239 2851 344 2896 quasi
359 2849 602 2886 iocabundus:
627 2853 810 2896 tamquam
827 2851 1110 2887 noscitabundus
1126 2850 1222 2888 Gen.

235 2922 316 2941 WBBB
854 2927 880 2968 3
907 2928 938 2956 Δ
1452 2920 1494 2962 36
1501 2931 1521 2956 1
