1994 3190
149 200 249 232 οη.
263 184 344 246 xv]
653 183 1092 230 POLICRATICVS
1629 193 1716 234 430
1735 185 1764 225 b

147 306 370 350 interdum
389 303 682 355 manifestius,
701 302 926 346 interdum
946 301 1174 344 obscurius
1200 302 1411 359 aperitur,
1430 304 1477 346 et
1496 316 1615 347 nunc

147 390 194 420 se
212 375 353 432 ipsam
374 373 521 417 animo
541 372 717 429 ingerit,
736 385 854 414 nunc
874 370 1111 413 intimante
1131 371 1220 414 alio
1239 371 1502 415 declaratur,

205 443 318 487 Cum
333 457 439 486 uero
458 442 554 485 luce
568 440 824 484 immediata
839 439 1028 496 seipsam
1041 439 1252 490 infundit,
1265 441 1378 483 uisio
1400 444 1478 491 est,
1491 456 1547 484 ex
1564 455 1615 485 eo

147 512 263 570 quod
283 512 414 570 plena
433 514 479 554 et
502 525 610 554 uera
632 509 775 567 specie
795 508 864 552 sui
885 508 1023 552 oculis
1042 508 1250 551 uideatur
1276 524 1370 552 esse
1394 510 1614 563 subiecta3
1633 519 1658 548 c

109 603 128 637 5
147 582 275 640 quale
314 584 392 632 est,
426 580 543 637 quod
584 579 882 624 Cassandrum
922 578 1102 621 omnino
1142 592 1231 621 non
1271 580 1429 629 uisum,
1459 595 1486 623 a
1527 595 1615 637 quo

144 651 398 696 Alexander
431 650 591 693 hausto
624 662 795 692 ueneno
829 647 1111 704 perimendus
1146 650 1253 698 erat,
1282 649 1479 704 agnouit,
1510 650 1614 706 quia

145 735 246 764 eum
267 720 390 777 quies
410 719 450 762 ei
470 720 892 776 repraesentauerat.
963 716 1099 758 Porro
1119 716 1341 759 uisionum
1363 718 1451 760 alia
1473 719 1613 760 mani-

146 789 301 833 festior
329 792 407 839 est,
437 790 489 831 ut
519 801 631 844 quae
660 787 779 830 clara
809 786 872 828 rei
903 786 1095 830 occurrit
1125 786 1347 843 imagine3
1396 787 1484 829 alia
1513 802 1612 843 pro-

146 858 395 902 fundiorem
435 857 656 900 desiderat
694 855 980 905 intellectum,
1024 858 1077 898 ut
1123 869 1223 898 cum
1274 870 1366 899 rem
1413 856 1614 898 admixta

89 949 131 973 10
145 929 310 987 species
343 929 586 985 figurarum
618 925 876 977 obnubilat;
916 925 1031 968 sicut
1061 928 1139 975 est,
1166 924 1283 981 quod
1314 924 1426 967 Gaio
1454 923 1613 968 Cesare

145 998 334 1043 transito
364 997 588 1040 Rubicone
623 995 787 1038 bellum
819 995 991 1052 patriae
1022 994 1253 1044 inferente,
1287 994 1345 1036 ad
1381 994 1612 1052 designan—

145 1067 252 1111 dum
294 1069 506 1110 terrorem
546 1065 723 1115 ciuium,
767 1064 843 1120 qui
884 1067 1012 1106 erant
1051 1078 1131 1120 per
1169 1063 1363 1107 concinis
1403 1064 1613 1107 iniuriam

145 1136 431 1195 opprimendi,

330 1239 486 1296 ingens
515 1238 614 1282 uisa
642 1237 744 1280 duci
774 1236 946 1295 patriae
976 1236 1244 1294 trepidantis
1274 1237 1433 1294 imago,

89 1359 130 1394 15
148 1342 248 1387 duci
267 1357 347 1386 suo
367 1341 635 1385 denuntians
655 1355 710 1383 ne
725 1340 926 1384 concines
946 1339 1082 1382 armis
1097 1339 1304 1382 ciuilibus
1320 1340 1615 1397 impugnaret.

147 1411 316 1456 Publici
345 1425 535 1468 namque
565 1410 713 1467 imago
745 1409 918 1466 imperii
955 1408 1120 1466 publici
1158 1412 1304 1452 metus
1343 1413 1390 1452 et
1426 1409 1613 1453 Cesareo

146 1481 335 1526 nomine·
360 1482 608 1538 prostratae
646 1479 771 1523 urbis
811 1482 907 1521 erat
947 1478 1121 1522 indicio.
1191 1478 1320 1531 Quod
1360 1478 1398 1521 si
1439 1478 1612 1535 imperii
1629 1479 1658 1519 d

146 1549 314 1594 nullam
334 1550 381 1593 in
407 1550 609 1600 ueritate,
630 1563 743 1606 quae
769 1548 831 1592 sic
861 1551 1106 1605 appareret,
1127 1548 1316 1591 credidit
1346 1548 1444 1604 quis
1476 1547 1613 1592 fuisse

148 1619 396 1678 imaginem,
415 1619 701 1662 historiarum
721 1618 808 1661 fide
827 1617 1149 1661 certiorabitur.
1207 1616 1321 1662 Cum
1342 1618 1460 1661 enim
1480 1618 1614 1661 maie-

91 1709 134 1734 πο
149 1692 309 1734 statem
333 1689 456 1732 urbis
479 1689 700 1746 principes
730 1687 896 1730 uisibili
927 1687 1069 1744 specie
1098 1690 1366 1730 censuerunt
1395 1687 1614 1730 honoran—

149 1758 262 1812 dam,
293 1759 514 1816 exquisito
548 1758 736 1802 artificio
775 1757 1035 1803 muliebrem
1076 1756 1279 1807 formam,
1312 1771 1424 1813 quae
1463 1758 1614 1800 orbem

147 1828 306 1872 dextra
342 1828 599 1878 contineret,
633 1827 681 1870 in
720 1826 807 1869 eris
847 1826 1034 1869 materia
1073 1826 1169 1869 fieri
1209 1825 1490 1869 studuerunt.
1551 1826 1616 1870 Ea

147 1911 252 1941 uero
286 1897 483 1955 perfecta
516 1897 564 1940 in
598 1896 743 1940 forma
773 1896 962 1953 egregia,
992 1898 1184 1938 uenusta
1214 1896 1480 1952 quantitate,
1510 1899 1617 1953 apta

147 1966 342 2024 partium
385 1966 683 2024 dispositione,
721 1965 930 2008 membris
974 1979 1148 2022 quoque
1189 1965 1530 2009 condecentibus
1571 1969 1617 2010 et

197 2090 362 2128 subiecta
395 2090 606 2127 substantia
624 2090 673 2126 M.
687 2089 771 2137 Cyr.
785 2089 809 2126 S
978 2091 999 2126 8
1022 2088 1201 2136 ymagine
1219 2089 1259 2124 M
1424 2100 1468 2126 10
1493 2089 1614 2127 Gneio

143 2142 145 2146 '
178 2137 265 2175 BA:
293 2137 335 2175 G.
383 2138 422 2173 M
547 2149 588 2183 ¹4
611 2149 750 2185 ymago
768 2138 807 2173 M
923 2138 965 2174 16
991 2147 1128 2184 ymago
1145 2136 1218 2172 AM
1335 2147 1377 2183 19
1392 2137 1615 2184 ymaginem

149 2184 189 2220 M
283 2185 535 2232 hystoriarum
553 2185 592 2221 M

196 2304 217 2340 3
241 2296 357 2348 ufsio:
388 2307 421 2331 v.
446 2294 630 2331 Macrobii
657 2294 727 2331 loc.
753 2305 866 2344 saepe
891 2293 956 2331 cit.
1091 2302 1109 2340 5
1139 2295 1385 2348 Cassandrum
1411 2296 1506 2331 etc.:
1531 2294 1613 2330 Val.

150 2341 249 2398 Max.
265 2354 290 2378 1.
311 2340 396 2378 Ext.
416 2352 448 2396 ᾳ.
513 2389 520 2397 ι
595 2353 638 2387 14
662 2344 788 2396 inyevqs
805 2344 900 2396 etc3:
923 2342 1010 2378 Luc.
1030 2343 1160 2378 Phars.
1180 2354 1204 2378 1.
1228 2343 1304 2378 186.
1453 2352 1495 2387 19
1524 2343 1614 2377 Cum

150 2400 246 2424 emm
260 2390 329 2426 etc.
345 2402 353 2426 ι
381 2389 587 2426 Historiam
610 2389 711 2426 haud
735 2389 958 2426 diseimilem
978 2389 1025 2426 de
1045 2391 1174 2426 statua
1199 2389 1362 2435 quadam
1379 2400 1454 2425 non
1471 2388 1614 2425 Romae

151 2436 214 2473 sed
231 2435 390 2479 Romuli,
406 2447 730 2491 quam-quousque
748 2436 856 2483 virgo
872 2439 1021 2482 pareret
1037 2437 1259 2491 duraturam
1276 2448 1353 2474 esse
1371 2436 1616 2483 prophetavit

151 2482 1451 2576 33⁰1?&pzffiaesassssazffzvssaffssfflssdsf.v2‘31¹3‡{{‚¹330¹¹¹125„5{2120²3
1478 2486 1538 2577 3¹1⁴
1541 2496 1613 2568 2⁶3:

153 2575 314 2622 Parthey
333 2578 433 2633 18o9,
449 2589 486 2624 p.
506 2587 536 2623 5,
550 2580 732 2624 palatium
747 2580 894 2614 Romuli
911 2580 1009 2614 inter
1021 2580 1056 2614 S.
1074 2580 1236 2614 Mariam
1259 2591 1392 2614 nouam
1415 2584 1447 2614 et
1470 2580 1506 2614 S.
1538 2580 1617 2614 Cos-

153 2628 294 2668 matem,
320 2625 383 2659 ubt
409 2630 495 2660 sunt
522 2627 590 2661 due
622 2628 700 2682 edes
726 2627 878 2662 Pietatis
906 2631 938 2661 et
969 2627 1172 2682 Concor-die,
1203 2626 1265 2660 ubi
1295 2628 1417 2687 ρρετξὶι
1440 2627 1615 2681 Romulus

148 2675 432 2763 ῗῗὲἴὲῗέῧῖἕζ
444 2684 602 2755 m?
617 2674 744 2756 ‘²132ssss
756 2675 825 2756 ‘513’
826 2675 982 2773 '1033'ae
996 2675 1264 2766 (ἒοέἰῖζέἵὲἴ
1265 2678 1399 2756 ἴὲἷὲὶῃ
1424 2675 1615 2766 3331&ss

155 2775 179 2800 a
207 2763 258 2799 ud
289 2763 447 2801 Romam
479 2768 693 2822 constructo
723 2766 952 2820 praedixisse
984 2767 1195 2813 Vergilium
1234 2770 1363 2803 narrat
1398 2767 1615 2804 Alexander

193 2810 325 2847 eckam
341 2813 383 2847 de
398 2813 552 2849 Naturae
566 2815 712 2859 Rerum,
727 2825 760 2850 c.
776 2813 879 2850 lxxiv
897 2815 1014 2859 (Rolls
1029 2815 1146 2850 Series
1162 2824 1221 2860 34,
1238 2826 1274 2861 p.
1293 2814 1389 2862 310).

1460 2894 1504 2930 91
