1994 3190
206 203 306 237 OAP.
319 192 389 248 vi]
722 185 1159 232 POLICRATICVS
1687 195 1772 236 4⁰²
1791 196 1822 225 a

206 309 392 354 arbitrio
421 322 501 352 suo
530 321 648 350 nunc
678 306 824 358 deicit,
849 320 966 348 nune
994 305 1182 348 extollit.
1258 303 1403 358 Certe,
1430 304 1514 348 etsi
1546 303 1672 347 nulla

206 379 376 423 ratione
405 377 466 420 sit
493 376 688 434 spiritus,
713 389 810 418 eam
836 373 1058 430 quoddam
1087 373 1342 416 uehiculum
1372 374 1556 430 spiritus
1579 388 1672 417 esse

205 447 498 492 certissimum
519 448 609 496 est3
639 447 684 487 et
703 457 820 486 nunc
841 442 1019 500 quidem
1041 442 1298 494 humanum,
1319 458 1436 486 nunc
1456 443 1672 495 diuinum,

207 530 324 560 nunc
344 518 390 558 et
409 513 685 572 phitonicum
705 512 833 570 gerit.
893 511 1006 555 Cum
1027 526 1133 554 uero
1154 511 1295 554 modis
1315 512 1407 554 suis
1427 513 1673 570 elegantius

169 606 189 640 5
209 585 346 628 fuerit
364 584 570 635 colorata,
590 585 826 625 uenustate
845 581 915 624 sui
936 584 1106 624 mentes
1127 580 1261 623 etiam
1282 581 1522 623 seueriores
1542 582 1673 638 capit,

207 657 254 698 et
273 653 463 711 quadam
484 652 690 695 inductae
711 651 952 694 hilaritatis
971 650 1120 707 gratia
1139 650 1266 707 pellit
1286 650 1540 703 tristitiam;
1572 656 1617 694 et
1637 652 1673 694 si

209 723 315 781 quid
349 722 546 780 pulueris
580 725 660 764 aut
694 721 888 764 turbinis
922 724 1002 763 aut
1037 719 1299 762 nebularum
1331 720 1675 776 cogitationibus

209 793 316 850 ipsis
365 792 600 843 inheserat,
647 793 852 847 potenter
902 789 1132 846 abstergit.
1210 789 1282 831 Ad
1332 803 1475 831 mores
1524 789 1675 845 itaque

209 861 490 906 instruendos
524 864 570 903 et
600 860 770 903 animos
799 859 1075 902 exultatione
1109 858 1293 902 uirtutis
1328 858 1594 901 traiciendos
1630 858 1677 900 in

151 950 194 975 10
209 932 379 976 cultum
418 930 611 982 Domini,
646 944 735 972 non
775 929 906 972 modo
945 932 1205 972 concentum
1246 928 1476 971 hominum
1516 928 1592 970 sed
1633 932 1679 971 et

211 1001 606 1044 instrumentorum
647 999 799 1042 modos
830 1001 1097 1042 censuerunt
1131 998 1274 1040 sancti
1307 1000 1455 1054 patres
1486 997 1679 1040 Domino

210 1069 506 1128 applicandos,
540 1083 639 1112 eum
681 1060 835 1124 templi
881 1067 1175 1110 reuerentiam
1215 1067 1468 1109 dilatarent.
1543 1066 1602 1109 Et
1640 1067 1675 1109 si

212 1138 448 1182 militantis
495 1137 700 1181 ecclesiae
754 1137 838 1180 tibi
890 1151 1031 1194 parua
1082 1136 1263 1178 uidetur
1313 1136 1567 1185 auctoritas,
1607 1136 1678 1179 uel
1697 1134 1725 1171 b

212 1207 532 1264 triumphatrix
573 1206 651 1249 illa
690 1206 924 1263 praeconia
963 1206 1155 1249 musicae
1204 1220 1292 1248 non
1325 1193 1520 1256 ⁰tacebit,
1555 1205 1681 1248 cuius

155 1295 196 1330 15
213 1277 405 1321 seniores
439 1276 555 1319 uidit
587 1280 632 1319 et
667 1276 750 1319 tibi
791 1276 1058 1318 monstrauit
1089 1275 1278 1318 tonitrui
1312 1274 1443 1324 filius,
1474 1277 1519 1317 et
1554 1289 1682 1317 uoces

214 1361 365 1390 eorum
395 1346 510 1389 sicut
539 1345 866 1389 citharedorum
896 1345 1256 1388 citharizantium
1288 1344 1334 1386 in
1364 1344 1547 1387 citharis
1577 1344 1681 1386 suis.

214 1415 343 1470 Quod
377 1415 414 1458 si
447 1415 546 1459 illos
578 1415 774 1458 nondum
808 1415 987 1466 audisti,
1023 1429 1170 1471 regem
1202 1414 1358 1456 audias
1393 1413 1682 1462 exultantem,

214 1484 291 1543 qui
310 1487 355 1528 te
375 1485 500 1542 regni
521 1488 566 1528 et
586 1484 875 1528 exultationis
895 1499 1000 1527 suae
1021 1484 1121 1527 uult
1148 1499 1241 1527 esse
1270 1483 1544 1541 participem.
1603 1483 1682 1526 Ait

216 1554 356 1598 enim:
387 1554 559 1597 Sumite
580 1554 811 1612 psalmum,
831 1554 934 1596 date
955 1557 1232 1611 tympanum,
1254 1553 1512 1610 psalterium
1533 1553 1682 1595 iocun-

142 1643 203 1668 ,πο
219 1624 324 1668 dum
353 1639 452 1668 cum
480 1625 663 1668 cithara.
733 1625 805 1667 Ad
829 1624 949 1681 quid,
974 1624 1152 1680 inquis?
1224 1624 1286 1666 Vt
1312 1623 1503 1666 laudetis
1532 1622 1682 1666 Domi-

218 1708 325 1737 num
359 1694 406 1736 in
440 1697 656 1751 tympano
684 1699 728 1737 et
759 1694 903 1743 choro,
928 1694 974 1736 in
1007 1693 1151 1736 cordis
1184 1696 1229 1736 et
1259 1708 1436 1750 organo.
1497 1692 1584 1735 Hic
1616 1695 1706 1734 est

218 1762 335 1807 enim
355 1778 461 1806 usus
481 1763 673 1807 musicae
697 1766 777 1806 aut
804 1763 922 1820 solus
942 1766 1022 1806 aut
1045 1763 1318 1820 praecipuus.
1379 1762 1557 1819 Frigius
1578 1775 1683 1804 uem

218 1832 373 1875 modus
403 1835 448 1876 et
477 1836 622 1876 cetera
651 1833 948 1890 corruptionis
978 1832 1195 1875 lenocinia
1223 1846 1357 1875 sanae
1388 1830 1684 1874 institutionis

222 1915 311 1944 non
329 1901 495 1945 habent
523 1917 666 1954 usum,
686 1903 762 1946 sed
786 1902 982 1960 produnt
1009 1902 1226 1944 malitiam
1255 1901 1492 1944 abutentis.
1552 1900 1685 1943 Dolet

165 1986 206 2022 ²5
224 1969 363 2028 igitur
402 1974 446 2014 et
484 1972 734 2029 ingemiscit
767 1972 933 2029 species
971 1971 1207 2014 laudabilis
1246 1970 1515 2028 disciplinae,
1547 1985 1593 2012 se
1630 1970 1687 2012 ab
1704 1981 1727 2009 c

223 2039 365 2083 alieno
385 2041 497 2084 uitio
516 2041 768 2093 deformari,
783 2044 829 2085 et
848 2042 965 2098 quod
987 2041 1122 2085 facies
1142 2041 1385 2084 meretricis
1406 2040 1525 2083 facta
1546 2043 1613 2082 est
1633 2039 1686 2090 ei,

223 2123 334 2166 quae
363 2110 514 2153 uiriles
541 2126 713 2167 quoque
740 2112 911 2154 animos
939 2111 1173 2154 accendere
1200 2113 1490 2153 consueuerat
1515 2109 1572 2152 ad
1597 2109 1686 2151 uir-

223 2180 376 2222 tutem.
446 2179 677 2223 Amatoria
716 2181 1011 2224 bucolicorum
1051 2181 1170 2237 apud
1217 2180 1337 2223 uiros
1383 2188 1542 2236 graues
1582 2193 1687 2230 esse,

225 2246 372 2290 fuerat
391 2247 609 2301 criminis;
638 2264 755 2293 nunc
776 2265 881 2293 uero
897 2250 1017 2292 laudi
1034 2250 1224 2301 ducitur,
1239 2250 1277 2292 si
1294 2249 1446 2292 uideas
1461 2248 1688 2306 grauiores

166 2332 210 2366 30
225 2317 451 2369 amatoria,
473 2332 584 2374 quae
604 2318 661 2360 ab
681 2319 789 2375 ipsis
808 2319 1018 2362 dicuntur
1044 2319 1291 2376 elegantius
1311 2318 1568 2369 stulticinia,
1590 2332 1686 2374 per-

199 2398 390 2428 .sonare.
461 2386 613 2443 Ipsum
654 2402 827 2444 quoque
866 2388 1035 2431 cultum
1075 2388 1300 2445 religionis
1339 2388 1537 2437 incestat,
1570 2387 1686 2443 quod

227 2456 329 2496 ante
359 2458 638 2511 conspectum
672 2456 853 2499 Domini
886 2458 933 2499 in
969 2458 1076 2514 ipsis
1108 2457 1410 2514 penetralibus
1446 2456 1686 2499 sanctuarii

229 2577 250 2603 2
275 2568 461 2605 ueiculum
480 2570 504 2606 S
634 2582 657 2616 4
682 2571 933 2618 phytonicum
951 2571 990 2606 M
1122 2573 1145 2608 6
1168 2570 1387 2617 hylaritatis
1404 2569 1505 2606 CBM
1647 2570 1688 2605 16

229 2625 338 2650 uoces
349 2622 431 2661 post
449 2617 545 2654 sicut
563 2620 646 2654 add.
664 2619 695 2654 A
791 2619 960 2665 cytharis
977 2619 1017 2654 M
1163 2629 1206 2664 19
1231 2618 1450 2664 timpanum
1467 2618 1499 2651 A
1643 2627 1690 2652 20

230 2661 388 2707 cythara
403 2662 442 2698 M
584 2675 626 2701 21
653 2665 829 2712 timpano
846 2666 905 2702 AS

282 2779 321 2817 15
348 2774 616 2818 tonitmifilius
632 2777 704 2811 etc.
726 2788 733 2811 :
760 2788 790 2811 v.
811 2775 926 2822 Apoc.
944 2774 1017 2810 xiv.
1037 2785 1079 2817 23
1105 2775 1151 2811 cf.
1170 2774 1287 2810 Marc.
1306 2773 1361 2809 iii.
1383 2783 1437 2816 17.
1648 2782 1690 2817 19

230 2818 368 2854 Sumite
383 2822 454 2856 ete.
470 2833 479 2856 ι
507 2821 564 2857 Ps.
582 2821 684 2858 lxxx.
704 2832 736 2858 2.
879 2833 926 2858 20
950 2824 1106 2858 laudetis
1122 2823 1193 2858 etc.
1208 2834 1216 2858 :
1246 2821 1304 2858 Ps.
1320 2821 1365 2857 cl.
1383 2831 1417 2865 4.

288 2897 368 2916 wana
956 2891 983 2918 G
1537 2891 1558 2923 4
1565 2891 1577 2913 1
