<?xml version="1.0" encoding="UTF-8"?>
<!DOCTYPE html PUBLIC "-//W3C//DTD XHTML 1.0 Transitional//EN"
    "http://www.w3.org/TR/xhtml1/DTD/xhtml1-transitional.dtd">
<html xmlns="http://www.w3.org/1999/xhtml" xml:lang="en" lang="en">
 <head>
  <title>
</title>
<meta http-equiv="Content-Type" content="text/html;charset=utf-8" />
  <meta name='ocr-system' content='tesseract 3.04.00' />
  <meta name='ocr-capabilities' content='ocr_page ocr_carea ocr_par ocr_line ocrx_word'/>
</head>
<body>
  <div class='ocr_page' id='page_1' title='image "./policraticisived01john_0370.png"; bbox 0 0 1994 3190; ppageno 0'>
   <div class='ocr_carea' id='block_1_1' title="bbox 262 210 1875 275">
    <p class='ocr_par' dir='ltr' id='par_1_1' title="bbox 262 210 1875 275">
     <span class='ocr_line' id='line_1_1' title="bbox 262 210 1875 275; baseline 0.001 -18"><span class='ocrx_word' id='word_1_1' title='bbox 262 226 342 267; x_wconf 83' lang='lat'><strong>559</strong></span> <span class='ocrx_word' id='word_1_2' title='bbox 360 219 390 257; x_wconf 85' lang='lat' dir='ltr'><strong>b</strong></span> <span class='ocrx_word' id='word_1_3' title='bbox 733 215 936 260; x_wconf 88' lang='lat' dir='ltr'>IOANN</span> <span class='ocrx_word' id='word_1_4' title='bbox 937 215 996 260; x_wconf 88' lang='lat' dir='ltr'><strong>IS</strong></span> <span class='ocrx_word' id='word_1_5' title='bbox 1036 213 1551 259; x_wconf 86' lang='lat' dir='ltr'>SARESBERIENSIS</span> <span class='ocrx_word' id='word_1_6' title='bbox 1718 210 1829 275; x_wconf 76' lang='lat' dir='ltr'><strong>[mn.</strong></span> <span class='ocrx_word' id='word_1_7' title='bbox 1843 213 1875 258; x_wconf 79' lang='lat' dir='ltr'><strong>v&#39;</strong></span> 
     </span>
    </p>
   </div>
   <div class='ocr_carea' id='block_1_2' title="bbox 367 333 1947 1845">
    <p class='ocr_par' dir='ltr' id='par_1_2' title="bbox 367 333 1944 1292">
     <span class='ocr_line' id='line_1_2' title="bbox 367 333 1878 393; baseline -0.001 -14"><span class='ocrx_word' id='word_1_8' title='bbox 367 341 395 380; x_wconf 91' lang='lat' dir='ltr'>b</span> <span class='ocrx_word' id='word_1_9' title='bbox 413 335 562 393; x_wconf 90' lang='lat' dir='ltr'><strong>opinio</strong></span> <span class='ocrx_word' id='word_1_10' title='bbox 611 334 824 378; x_wconf 89' lang='lat' dir='ltr'><strong>bonitatis</strong></span> <span class='ocrx_word' id='word_1_11' title='bbox 868 334 962 378; x_wconf 91' lang='lat' dir='ltr'><strong>eius</strong></span> <span class='ocrx_word' id='word_1_12' title='bbox 1004 334 1052 376; x_wconf 94' lang='lat' dir='ltr'><strong>in</strong></span> <span class='ocrx_word' id='word_1_13' title='bbox 1100 336 1277 377; x_wconf 90' lang='lat' dir='ltr'><strong>tantum</strong></span> <span class='ocrx_word' id='word_1_14' title='bbox 1326 333 1578 391; x_wconf 87' lang='lat' dir='ltr'><strong>praeualuit</strong></span> <span class='ocrx_word' id='word_1_15' title='bbox 1625 336 1678 376; x_wconf 91' lang='lat' dir='ltr'><strong>ut</strong></span> <span class='ocrx_word' id='word_1_16' title='bbox 1725 333 1878 377; x_wconf 77' lang='lat' dir='ltr'><strong>amicis</strong></span> 
     </span>
     <span class='ocr_line' id='line_1_3' title="bbox 413 402 1877 460; baseline -0.001 -13"><span class='ocrx_word' id='word_1_17' title='bbox 413 404 700 448; x_wconf 91' lang='lat' dir='ltr'><strong>laudantibus</strong></span> <span class='ocrx_word' id='word_1_18' title='bbox 738 404 811 447; x_wconf 91' lang='lat' dir='ltr'><strong>uel</strong></span> <span class='ocrx_word' id='word_1_19' title='bbox 850 403 1179 447; x_wconf 72' lang='lat' dir='ltr'><strong>assentantibus</strong></span> <span class='ocrx_word' id='word_1_20' title='bbox 1216 403 1486 447; x_wconf 81' lang='lat' dir='ltr'><strong>occasionem</strong></span> <span class='ocrx_word' id='word_1_21' title='bbox 1535 402 1877 460; x_wconf 85' lang='lat' dir='ltr'><strong>magnificentis-</strong></span> 
     </span>
     <span class='ocr_line' id='line_1_4' title="bbox 412 471 1878 531; baseline -0.001 -15"><span class='ocrx_word' id='word_1_22' title='bbox 412 474 512 517; x_wconf 90' lang='lat' dir='ltr'><strong>simi</strong></span> <span class='ocrx_word' id='word_1_23' title='bbox 551 475 747 531; x_wconf 90' lang='lat' dir='ltr'><strong>praestet</strong></span> <span class='ocrx_word' id='word_1_24' title='bbox 795 473 996 531; x_wconf 82' lang='lat' dir='ltr'><strong>exempli.</strong></span> <span class='ocrx_word' id='word_1_25' title='bbox 1076 473 1210 516; x_wconf 89' lang='lat' dir='ltr'><strong>Recte</strong></span> <span class='ocrx_word' id='word_1_26' title='bbox 1249 472 1459 516; x_wconf 91' lang='lat' dir='ltr'><strong>laudatur</strong></span> <span class='ocrx_word' id='word_1_27' title='bbox 1496 472 1544 514; x_wconf 93' lang='lat' dir='ltr'><strong>in</strong></span> <span class='ocrx_word' id='word_1_28' title='bbox 1583 472 1701 515; x_wconf 78' lang='lat' dir='ltr'><strong>Iulio</strong></span> <span class='ocrx_word' id='word_1_29' title='bbox 1739 471 1878 515; x_wconf 88' lang='lat' dir='ltr'><strong>animi</strong></span> 
     </span>
     <span class='ocr_line' id='line_1_5' title="bbox 411 541 1879 601; baseline -0.001 -16"><span class='ocrx_word' id='word_1_30' title='bbox 411 542 674 601; x_wconf 72' lang='lat' dir='ltr'><strong>magnitudo</strong></span> <span class='ocrx_word' id='word_1_31' title='bbox 703 542 861 586; x_wconf 92' lang='lat' dir='ltr'><strong>inuicti</strong></span> <span class='ocrx_word' id='word_1_32' title='bbox 896 545 942 585; x_wconf 90' lang='lat' dir='ltr'><strong>et</strong></span> <span class='ocrx_word' id='word_1_33' title='bbox 972 542 1162 586; x_wconf 89' lang='lat' dir='ltr'><strong>efficacia</strong></span> <span class='ocrx_word' id='word_1_34' title='bbox 1195 541 1350 599; x_wconf 90' lang='lat' dir='ltr'><strong>operis,</strong></span> <span class='ocrx_word' id='word_1_35' title='bbox 1381 556 1482 585; x_wconf 92' lang='lat' dir='ltr'><strong>cum</strong></span> <span class='ocrx_word' id='word_1_36' title='bbox 1520 542 1641 584; x_wconf 88' lang='lat' dir='ltr'><strong>illius</strong></span> <span class='ocrx_word' id='word_1_37' title='bbox 1673 555 1799 584; x_wconf 89' lang='lat' dir='ltr'><strong>mens</strong></span> <span class='ocrx_word' id='word_1_38' title='bbox 1833 542 1879 583; x_wconf 88' lang='lat' dir='ltr'><strong>et</strong></span> 
     </span>
     <span class='ocr_line' id='line_1_6' title="bbox 412 609 1918 668; baseline -0.001 -14"><span class='ocrx_word' id='word_1_39' title='bbox 412 626 571 654; x_wconf 91' lang='lat' dir='ltr'><strong>manus</strong></span> <span class='ocrx_word' id='word_1_40' title='bbox 599 610 657 654; x_wconf 88' lang='lat' dir='ltr'><strong>ad</strong></span> <span class='ocrx_word' id='word_1_41' title='bbox 696 610 790 654; x_wconf 84' lang='lat' dir='ltr'><strong>fere</strong></span> <span class='ocrx_word' id='word_1_42' title='bbox 819 611 1107 668; x_wconf 90' lang='lat' dir='ltr'><strong>impossibilia</strong></span> <span class='ocrx_word' id='word_1_43' title='bbox 1136 611 1221 654; x_wconf 91' lang='lat' dir='ltr'><strong>sibi</strong></span> <span class='ocrx_word' id='word_1_44' title='bbox 1253 610 1516 654; x_wconf 87' lang='lat' dir='ltr'><strong>suffecerint.</strong></span> <span class='ocrx_word' id='word_1_45' title='bbox 1591 610 1797 663; x_wconf 82' lang='lat' dir='ltr'><strong>Quantus</strong></span> <span class='ocrx_word' id='word_1_46' title='bbox 1830 609 1879 652; x_wconf 91' lang='lat' dir='ltr'><strong>in</strong></span> <span class='ocrx_word' id='word_1_47' title='bbox 1898 625 1918 660; x_wconf 82' lang='lat'>5</span> 
     </span>
     <span class='ocr_line' id='line_1_7' title="bbox 413 679 1879 736; baseline -0.002 -12"><span class='ocrx_word' id='word_1_48' title='bbox 413 683 587 724; x_wconf 87' lang='lat' dir='ltr'><strong>armata</strong></span> <span class='ocrx_word' id='word_1_49' title='bbox 604 680 766 724; x_wconf 90' lang='lat' dir='ltr'><strong>militia</strong></span> <span class='ocrx_word' id='word_1_50' title='bbox 786 679 936 733; x_wconf 83' lang='lat' dir='ltr'><strong>fuerit,</strong></span> <span class='ocrx_word' id='word_1_51' title='bbox 955 695 1045 723; x_wconf 90' lang='lat' dir='ltr'><strong>non</strong></span> <span class='ocrx_word' id='word_1_52' title='bbox 1067 680 1197 723; x_wconf 91' lang='lat' dir='ltr'><strong>modo</strong></span> <span class='ocrx_word' id='word_1_53' title='bbox 1225 679 1343 722; x_wconf 89' lang='lat' dir='ltr'><strong>Galli</strong></span> <span class='ocrx_word' id='word_1_54' title='bbox 1370 679 1661 736; x_wconf 86' lang='lat' dir='ltr'><strong>Britonesque</strong></span> <span class='ocrx_word' id='word_1_55' title='bbox 1684 679 1879 736; x_wconf 90' lang='lat' dir='ltr'><strong>primum</strong></span> 
     </span>
     <span class='ocr_line' id='line_1_8' title="bbox 413 747 1880 794; baseline -0.001 -2"><span class='ocrx_word' id='word_1_56' title='bbox 413 750 471 792; x_wconf 89' lang='lat' dir='ltr'><strong>ab</strong></span> <span class='ocrx_word' id='word_1_57' title='bbox 514 765 566 793; x_wconf 92' lang='lat' dir='ltr'><strong>eo</strong></span> <span class='ocrx_word' id='word_1_58' title='bbox 603 750 774 794; x_wconf 75' lang='lat' dir='ltr'><strong>subacti</strong></span> <span class='ocrx_word' id='word_1_59' title='bbox 809 749 886 793; x_wconf 88' lang='lat' dir='ltr'><strong>sed</strong></span> <span class='ocrx_word' id='word_1_60' title='bbox 920 752 1017 792; x_wconf 90' lang='lat' dir='ltr'><strong>tota</strong></span> <span class='ocrx_word' id='word_1_61' title='bbox 1050 749 1195 793; x_wconf 90' lang='lat' dir='ltr'><strong>ciuilis</strong></span> <span class='ocrx_word' id='word_1_62' title='bbox 1228 748 1334 791; x_wconf 91' lang='lat' dir='ltr'><strong>belli</strong></span> <span class='ocrx_word' id='word_1_63' title='bbox 1369 748 1552 791; x_wconf 81' lang='lat' dir='ltr'><strong>fortuna</strong></span> <span class='ocrx_word' id='word_1_64' title='bbox 1585 751 1631 791; x_wconf 89' lang='lat' dir='ltr'><strong>et</strong></span> <span class='ocrx_word' id='word_1_65' title='bbox 1666 747 1880 792; x_wconf 86' lang='lat' dir='ltr'><strong>Cesareae</strong></span> 
     </span>
     <span class='ocr_line' id='line_1_9' title="bbox 413 817 1882 877; baseline -0.003 -14"><span class='ocrx_word' id='word_1_66' title='bbox 413 819 571 863; x_wconf 88' lang='lat' dir='ltr'><strong>domus</strong></span> <span class='ocrx_word' id='word_1_67' title='bbox 608 819 742 863; x_wconf 88' lang='lat' dir='ltr'><strong>series</strong></span> <span class='ocrx_word' id='word_1_68' title='bbox 780 822 1066 877; x_wconf 84' lang='lat' dir='ltr'><strong>protestatur.</strong></span> <span class='ocrx_word' id='word_1_69' title='bbox 1139 818 1195 861; x_wconf 90' lang='lat' dir='ltr'><strong>In</strong></span> <span class='ocrx_word' id='word_1_70' title='bbox 1233 817 1500 860; x_wconf 88' lang='lat' dir='ltr'><strong>litteratorio</strong></span> <span class='ocrx_word' id='word_1_71' title='bbox 1539 817 1688 860; x_wconf 90' lang='lat' dir='ltr'><strong>studio</strong></span> <span class='ocrx_word' id='word_1_72' title='bbox 1726 819 1882 860; x_wconf 84' lang='lat' dir='ltr'><strong>tantus</strong></span> 
     </span>
     <span class='ocr_line' id='line_1_10' title="bbox 414 885 1882 946; baseline -0.003 -14"><span class='ocrx_word' id='word_1_73' title='bbox 414 892 511 932; x_wconf 87' lang='lat' dir='ltr'><strong>erat</strong></span> <span class='ocrx_word' id='word_1_74' title='bbox 542 891 595 932; x_wconf 91' lang='lat' dir='ltr'><strong>ut</strong></span> <span class='ocrx_word' id='word_1_75' title='bbox 625 892 863 946; x_wconf 87' lang='lat' dir='ltr'><strong>quaternas</strong></span> <span class='ocrx_word' id='word_1_76' title='bbox 893 887 1026 931; x_wconf 87' lang='lat' dir='ltr'><strong>simul</strong></span> <span class='ocrx_word' id='word_1_77' title='bbox 1056 887 1246 930; x_wconf 83' lang='lat' dir='ltr'><strong>dictaret</strong></span> <span class='ocrx_word' id='word_1_78' title='bbox 1275 886 1494 943; x_wconf 84' lang='lat' dir='ltr'><strong>epistolas.</strong></span> <span class='ocrx_word' id='word_1_79' title='bbox 1554 885 1665 939; x_wconf 82' lang='lat' dir='ltr'><strong>Quis</strong></span> <span class='ocrx_word' id='word_1_80' title='bbox 1694 885 1741 928; x_wconf 93' lang='lat' dir='ltr'><strong>in</strong></span> <span class='ocrx_word' id='word_1_81' title='bbox 1770 886 1882 929; x_wconf 88' lang='lat' dir='ltr'><strong>iuris</strong></span> 
     </span>
     <span class='ocr_line' id='line_1_11' title="bbox 413 954 1944 1016; baseline -0.003 -14"><span class='ocrx_word' id='word_1_82' title='bbox 413 958 558 1002; x_wconf 89' lang='lat' dir='ltr'><strong>ciuilis</strong></span> <span class='ocrx_word' id='word_1_83' title='bbox 591 958 752 1016; x_wconf 89' lang='lat' dir='ltr'><strong>peritia</strong></span> <span class='ocrx_word' id='word_1_84' title='bbox 786 957 935 1008; x_wconf 83' lang='lat' dir='ltr'><strong>fuerit,</strong></span> <span class='ocrx_word' id='word_1_85' title='bbox 967 960 1140 1000; x_wconf 91' lang='lat' dir='ltr'><strong>ueteres</strong></span> <span class='ocrx_word' id='word_1_86' title='bbox 1174 956 1472 999; x_wconf 88' lang='lat' dir='ltr'><strong>Romanorum</strong></span> <span class='ocrx_word' id='word_1_87' title='bbox 1511 954 1711 998; x_wconf 88' lang='lat' dir='ltr'><strong>indicant</strong></span> <span class='ocrx_word' id='word_1_88' title='bbox 1749 955 1880 1013; x_wconf 87' lang='lat' dir='ltr'><strong>leges.</strong></span> <span class='ocrx_word' id='word_1_89' title='bbox 1901 973 1944 998; x_wconf 88' lang='lat'><strong>10</strong></span> 
     </span>
     <span class='ocr_line' id='line_1_12' title="bbox 415 1025 1882 1085; baseline -0.001 -15"><span class='ocrx_word' id='word_1_90' title='bbox 415 1027 614 1072; x_wconf 86' lang='lat' dir='ltr'><strong>Potentis</strong></span> <span class='ocrx_word' id='word_1_91' title='bbox 635 1027 803 1085; x_wconf 89' lang='lat' dir='ltr'><strong>ingenii</strong></span> <span class='ocrx_word' id='word_1_92' title='bbox 824 1027 942 1069; x_wconf 91' lang='lat' dir='ltr'><strong>uires</strong></span> <span class='ocrx_word' id='word_1_93' title='bbox 963 1041 1096 1083; x_wconf 91' lang='lat' dir='ltr'><strong>quam</strong></span> <span class='ocrx_word' id='word_1_94' title='bbox 1116 1025 1282 1083; x_wconf 90' lang='lat' dir='ltr'><strong>iugiter</strong></span> <span class='ocrx_word' id='word_1_95' title='bbox 1300 1025 1348 1067; x_wconf 91' lang='lat' dir='ltr'><strong>in</strong></span> <span class='ocrx_word' id='word_1_96' title='bbox 1374 1025 1654 1082; x_wconf 86' lang='lat' dir='ltr'><strong>philosophia</strong></span> <span class='ocrx_word' id='word_1_97' title='bbox 1673 1025 1882 1076; x_wconf 74' lang='lat' dir='ltr'><strong>exercuit,</strong></span> 
     </span>
     <span class='ocr_line' id='line_1_13' title="bbox 414 1094 1883 1154; baseline -0.001 -13"><span class='ocrx_word' id='word_1_98' title='bbox 414 1097 641 1154; x_wconf 88' lang='lat' dir='ltr'><strong>praedicat</strong></span> <span class='ocrx_word' id='word_1_99' title='bbox 686 1100 733 1140; x_wconf 92' lang='lat' dir='ltr'><strong>et</strong></span> <span class='ocrx_word' id='word_1_100' title='bbox 781 1095 957 1139; x_wconf 83' lang='lat' dir='ltr'><strong>extollit</strong></span> <span class='ocrx_word' id='word_1_101' title='bbox 996 1095 1068 1138; x_wconf 93' lang='lat' dir='ltr'><strong>uel</strong></span> <span class='ocrx_word' id='word_1_102' title='bbox 1108 1095 1201 1138; x_wconf 89' lang='lat' dir='ltr'><strong>sola</strong></span> <span class='ocrx_word' id='word_1_103' title='bbox 1239 1094 1440 1138; x_wconf 89' lang='lat' dir='ltr'><strong>inuentio</strong></span> <span class='ocrx_word' id='word_1_104' title='bbox 1478 1095 1674 1138; x_wconf 85' lang='lat' dir='ltr'><strong>bissexti.</strong></span> <span class='ocrx_word' id='word_1_105' title='bbox 1753 1095 1883 1150; x_wconf 81' lang='lat' dir='ltr'><strong>Quod</strong></span> 
     </span>
     <span class='ocr_line' id='line_1_14' title="bbox 415 1163 1883 1222; baseline -0.001 -13"><span class='ocrx_word' id='word_1_106' title='bbox 415 1170 565 1209; x_wconf 87' lang='lat' dir='ltr'><strong>autem</strong></span> <span class='ocrx_word' id='word_1_107' title='bbox 595 1165 801 1209; x_wconf 86' lang='lat' dir='ltr'><strong>omnibus</strong></span> <span class='ocrx_word' id='word_1_108' title='bbox 830 1164 1078 1207; x_wconf 90' lang='lat' dir='ltr'><strong>mirabilius</strong></span> <span class='ocrx_word' id='word_1_109' title='bbox 1107 1166 1186 1216; x_wconf 91' lang='lat' dir='ltr'><strong>est,</strong></span> <span class='ocrx_word' id='word_1_110' title='bbox 1205 1163 1428 1206; x_wconf 86' lang='lat' dir='ltr'><strong>amoribus</strong></span> <span class='ocrx_word' id='word_1_111' title='bbox 1457 1167 1503 1207; x_wconf 92' lang='lat' dir='ltr'><strong>et</strong></span> <span class='ocrx_word' id='word_1_112' title='bbox 1531 1165 1722 1222; x_wconf 89' lang='lat' dir='ltr'><strong>negotiis</strong></span> <span class='ocrx_word' id='word_1_113' title='bbox 1750 1165 1883 1208; x_wconf 90' lang='lat' dir='ltr'><strong>simul</strong></span> 
     </span>
     <span class='ocr_line' id='line_1_15' title="bbox 416 1232 1883 1292; baseline 0 -14"><span class='ocrx_word' id='word_1_114' title='bbox 416 1250 594 1292; x_wconf 83' lang='lat' dir='ltr'><strong>operam</strong></span> <span class='ocrx_word' id='word_1_115' title='bbox 628 1234 777 1285; x_wconf 87' lang='lat' dir='ltr'><strong>dabat,</strong></span> <span class='ocrx_word' id='word_1_116' title='bbox 812 1237 858 1276; x_wconf 88' lang='lat' dir='ltr'><strong>et</strong></span> <span class='ocrx_word' id='word_1_117' title='bbox 889 1233 936 1275; x_wconf 92' lang='lat' dir='ltr'><strong>in</strong></span> <span class='ocrx_word' id='word_1_118' title='bbox 977 1232 1164 1290; x_wconf 87' lang='lat' dir='ltr'><strong>singulis</strong></span> <span class='ocrx_word' id='word_1_119' title='bbox 1199 1247 1311 1290; x_wconf 92' lang='lat' dir='ltr'><strong>quae</strong></span> <span class='ocrx_word' id='word_1_120' title='bbox 1343 1233 1696 1290; x_wconf 87' lang='lat' dir='ltr'><strong>aggrediebatur,</strong></span> <span class='ocrx_word' id='word_1_121' title='bbox 1728 1236 1883 1279; x_wconf 89' lang='lat' dir='ltr'><strong>tantus</strong></span> 
     </span>
    </p>

    <p class='ocr_par' dir='ltr' id='par_1_3' title="bbox 376 1302 1947 1845">
     <span class='ocr_line' id='line_1_16' title="bbox 376 1302 1944 1362; baseline -0.002 -16"><span class='ocrx_word' id='word_1_122' title='bbox 376 1316 400 1345; x_wconf 91' lang='lat' dir='ltr'><strong>c</strong></span> <span class='ocrx_word' id='word_1_123' title='bbox 417 1307 513 1347; x_wconf 90' lang='lat' dir='ltr'><strong>erat</strong></span> <span class='ocrx_word' id='word_1_124' title='bbox 533 1307 586 1347; x_wconf 92' lang='lat' dir='ltr'><strong>ut</strong></span> <span class='ocrx_word' id='word_1_125' title='bbox 605 1304 668 1347; x_wconf 90' lang='lat' dir='ltr'><strong>eis</strong></span> <span class='ocrx_word' id='word_1_126' title='bbox 688 1303 793 1346; x_wconf 90' lang='lat' dir='ltr'><strong>solis</strong></span> <span class='ocrx_word' id='word_1_127' title='bbox 812 1317 970 1346; x_wconf 89' lang='lat' dir='ltr'><strong>uacare</strong></span> <span class='ocrx_word' id='word_1_128' title='bbox 996 1302 1273 1354; x_wconf 81' lang='lat' dir='ltr'><strong>crederetur3</strong></span> <span class='ocrx_word' id='word_1_129' title='bbox 1303 1302 1435 1345; x_wconf 89' lang='lat' dir='ltr'><strong>simul</strong></span> <span class='ocrx_word' id='word_1_130' title='bbox 1462 1306 1584 1346; x_wconf 89' lang='lat' dir='ltr'><strong>totus</strong></span> <span class='ocrx_word' id='word_1_131' title='bbox 1610 1307 1707 1347; x_wconf 90' lang='lat' dir='ltr'><strong>erat</strong></span> <span class='ocrx_word' id='word_1_132' title='bbox 1733 1305 1885 1362; x_wconf 86' lang='lat' dir='ltr'><strong>singu·</strong></span> <span class='ocrx_word' id='word_1_133' title='bbox 1904 1318 1944 1353; x_wconf 86' lang='lat'><strong>15</strong></span> 
     </span>
     <span class='ocr_line' id='line_1_17' title="bbox 416 1371 1884 1429; baseline 0.001 -13"><span class='ocrx_word' id='word_1_134' title='bbox 416 1374 559 1416; x_wconf 87' lang='lat' dir='ltr'><strong>lorum</strong></span> <span class='ocrx_word' id='word_1_135' title='bbox 590 1376 636 1416; x_wconf 93' lang='lat' dir='ltr'><strong>et</strong></span> <span class='ocrx_word' id='word_1_136' title='bbox 664 1372 874 1416; x_wconf 90' lang='lat' dir='ltr'><strong>omnium.</strong></span> <span class='ocrx_word' id='word_1_137' title='bbox 934 1371 1107 1414; x_wconf 89' lang='lat' dir='ltr'><strong>Laudes</strong></span> <span class='ocrx_word' id='word_1_138' title='bbox 1136 1385 1243 1414; x_wconf 91' lang='lat' dir='ltr'><strong>uero</strong></span> <span class='ocrx_word' id='word_1_139' title='bbox 1262 1371 1455 1429; x_wconf 90' lang='lat' dir='ltr'><strong>Augusti</strong></span> <span class='ocrx_word' id='word_1_140' title='bbox 1485 1375 1607 1416; x_wconf 92' lang='lat' dir='ltr'><strong>totus</strong></span> <span class='ocrx_word' id='word_1_141' title='bbox 1636 1373 1755 1417; x_wconf 92' lang='lat' dir='ltr'><strong>orbis</strong></span> <span class='ocrx_word' id='word_1_142' title='bbox 1783 1389 1884 1418; x_wconf 88' lang='lat' dir='ltr'><strong>con·</strong></span> 
     </span>
     <span class='ocr_line' id='line_1_18' title="bbox 415 1441 1886 1499; baseline 0.002 -14"><span class='ocrx_word' id='word_1_143' title='bbox 415 1442 620 1494; x_wconf 88' lang='lat' dir='ltr'><strong>celebrat,</strong></span> <span class='ocrx_word' id='word_1_144' title='bbox 653 1445 699 1484; x_wconf 86' lang='lat' dir='ltr'><strong>et</strong></span> <span class='ocrx_word' id='word_1_145' title='bbox 731 1441 885 1483; x_wconf 85' lang='lat' dir='ltr'><strong>Titum</strong></span> <span class='ocrx_word' id='word_1_146' title='bbox 917 1455 1112 1484; x_wconf 89' lang='lat' dir='ltr'><strong>amorem</strong></span> <span class='ocrx_word' id='word_1_147' title='bbox 1143 1441 1327 1484; x_wconf 90' lang='lat' dir='ltr'><strong>humani</strong></span> <span class='ocrx_word' id='word_1_148' title='bbox 1365 1442 1539 1499; x_wconf 88' lang='lat' dir='ltr'><strong>generis</strong></span> <span class='ocrx_word' id='word_1_149' title='bbox 1578 1457 1680 1487; x_wconf 90' lang='lat' dir='ltr'><strong>suas</strong></span> <span class='ocrx_word' id='word_1_150' title='bbox 1719 1444 1886 1488; x_wconf 89' lang='lat' dir='ltr'><strong>scilicet</strong></span> 
     </span>
     <span class='ocr_line' id='line_1_19' title="bbox 417 1509 1885 1569; baseline 0.003 -16"><span class='ocrx_word' id='word_1_151' title='bbox 417 1511 595 1554; x_wconf 87' lang='lat' dir='ltr'><strong>delicias</strong></span> <span class='ocrx_word' id='word_1_152' title='bbox 633 1510 822 1554; x_wconf 91' lang='lat' dir='ltr'><strong>iocunda</strong></span> <span class='ocrx_word' id='word_1_153' title='bbox 861 1509 1074 1553; x_wconf 83' lang='lat' dir='ltr'><strong>memoria</strong></span> <span class='ocrx_word' id='word_1_154' title='bbox 1113 1513 1364 1555; x_wconf 88' lang='lat' dir='ltr'><strong>ueneratur.</strong></span> <span class='ocrx_word' id='word_1_155' title='bbox 1439 1511 1533 1569; x_wconf 88' lang='lat' dir='ltr'><strong>Ego</strong></span> <span class='ocrx_word' id='word_1_156' title='bbox 1571 1512 1641 1556; x_wconf 91' lang='lat' dir='ltr'><strong>his</strong></span> <span class='ocrx_word' id='word_1_157' title='bbox 1680 1513 1885 1557; x_wconf 85' lang='lat' dir='ltr'><strong>omnibus</strong></span> 
     </span>
     <span class='ocr_line' id='line_1_20' title="bbox 417 1579 1886 1637; baseline 0.003 -15"><span class='ocrx_word' id='word_1_158' title='bbox 417 1580 658 1623; x_wconf 81' lang='lat' dir='ltr'><strong>Traianum</strong></span> <span class='ocrx_word' id='word_1_159' title='bbox 679 1579 904 1637; x_wconf 81' lang='lat' dir='ltr'><strong>praeferre</strong></span> <span class='ocrx_word' id='word_1_160' title='bbox 926 1593 1015 1622; x_wconf 93' lang='lat' dir='ltr'><strong>non</strong></span> <span class='ocrx_word' id='word_1_161' title='bbox 1046 1579 1216 1630; x_wconf 90' lang='lat' dir='ltr'><strong>dubito,</strong></span> <span class='ocrx_word' id='word_1_162' title='bbox 1237 1579 1313 1636; x_wconf 89' lang='lat' dir='ltr'><strong>qui</strong></span> <span class='ocrx_word' id='word_1_163' title='bbox 1333 1579 1381 1622; x_wconf 89' lang='lat' dir='ltr'><strong>in</strong></span> <span class='ocrx_word' id='word_1_164' title='bbox 1402 1580 1537 1624; x_wconf 87' lang='lat' dir='ltr'><strong>solius</strong></span> <span class='ocrx_word' id='word_1_165' title='bbox 1557 1581 1742 1626; x_wconf 89' lang='lat' dir='ltr'><strong>uirtutis</strong></span> <span class='ocrx_word' id='word_1_166' title='bbox 1761 1582 1886 1627; x_wconf 91' lang='lat' dir='ltr'><strong>cultu</strong></span> 
     </span>
     <span class='ocr_line' id='line_1_21' title="bbox 418 1648 1947 1709; baseline 0.003 -17"><span class='ocrx_word' id='word_1_167' title='bbox 418 1650 542 1708; x_wconf 90' lang='lat' dir='ltr'><strong>regni</strong></span> <span class='ocrx_word' id='word_1_168' title='bbox 593 1649 826 1693; x_wconf 90' lang='lat' dir='ltr'><strong>constituit</strong></span> <span class='ocrx_word' id='word_1_169' title='bbox 871 1649 1160 1692; x_wconf 87' lang='lat' dir='ltr'><strong>maiestatem.</strong></span> <span class='ocrx_word' id='word_1_170' title='bbox 1231 1648 1438 1693; x_wconf 88' lang='lat' dir='ltr'><strong>Ethicum</strong></span> <span class='ocrx_word' id='word_1_171' title='bbox 1476 1650 1605 1694; x_wconf 86' lang='lat' dir='ltr'><strong>iuxta</strong></span> <span class='ocrx_word' id='word_1_172' title='bbox 1645 1651 1722 1709; x_wconf 92' lang='lat' dir='ltr'><strong>qui</strong></span> <span class='ocrx_word' id='word_1_173' title='bbox 1767 1654 1885 1696; x_wconf 86' lang='lat' dir='ltr'><strong>recte</strong></span> <span class='ocrx_word' id='word_1_174' title='bbox 1903 1665 1947 1689; x_wconf 82' lang='lat'><strong>²0</strong></span> 
     </span>
     <span class='ocr_line' id='line_1_22' title="bbox 419 1718 1885 1777; baseline 0.003 -17"><span class='ocrx_word' id='word_1_175' title='bbox 419 1719 584 1769; x_wconf 81' lang='lat' dir='ltr'><strong>fecerit,</strong></span> <span class='ocrx_word' id='word_1_176' title='bbox 604 1733 752 1776; x_wconf 90' lang='lat' dir='ltr'><strong>regem</strong></span> <span class='ocrx_word' id='word_1_177' title='bbox 780 1718 1037 1761; x_wconf 88' lang='lat' dir='ltr'><strong>arbitratur.</strong></span> <span class='ocrx_word' id='word_1_178' title='bbox 1097 1718 1202 1762; x_wconf 87' lang='lat' dir='ltr'><strong>Tale</strong></span> <span class='ocrx_word' id='word_1_179' title='bbox 1229 1722 1297 1762; x_wconf 92' lang='lat' dir='ltr'><strong>est</strong></span> <span class='ocrx_word' id='word_1_180' title='bbox 1323 1719 1434 1762; x_wconf 91' lang='lat' dir='ltr'><strong>illud</strong></span> <span class='ocrx_word' id='word_1_181' title='bbox 1454 1720 1572 1777; x_wconf 92' lang='lat' dir='ltr'><strong>quod</strong></span> <span class='ocrx_word' id='word_1_182' title='bbox 1598 1721 1682 1764; x_wconf 91' lang='lat' dir='ltr'><strong>sub</strong></span> <span class='ocrx_word' id='word_1_183' title='bbox 1708 1721 1885 1766; x_wconf 83' lang='lat' dir='ltr'><strong>nomine</strong></span> 
     </span>
     <span class='ocr_line' id='line_1_23' title="bbox 418 1786 1205 1845; baseline 0 -14"><span class='ocrx_word' id='word_1_184' title='bbox 418 1787 652 1831; x_wconf 85' lang='lat' dir='ltr'><strong>Theodosii</strong></span> <span class='ocrx_word' id='word_1_185' title='bbox 673 1787 889 1845; x_wconf 88' lang='lat' dir='ltr'><strong>praecipit</strong></span> <span class='ocrx_word' id='word_1_186' title='bbox 909 1786 1205 1831; x_wconf 87' lang='lat' dir='ltr'><strong>Claudianus:</strong></span> 
     </span>
    </p>
   </div>
   <div class='ocr_carea' id='block_1_3' title="bbox 379 1873 1950 2570">
    <p class='ocr_par' dir='ltr' id='par_1_4' title="bbox 379 1873 1950 2570">
     <span class='ocr_line' id='line_1_24' title="bbox 534 1873 1644 1932; baseline 0.004 -17"><span class='ocrx_word' id='word_1_187' title='bbox 534 1873 603 1915; x_wconf 87' lang='lat' dir='ltr'><strong>Tu</strong></span> <span class='ocrx_word' id='word_1_188' title='bbox 632 1873 736 1916; x_wconf 91' lang='lat' dir='ltr'><strong>licet</strong></span> <span class='ocrx_word' id='word_1_189' title='bbox 765 1876 986 1916; x_wconf 85' lang='lat' dir='ltr'><strong>extremos</strong></span> <span class='ocrx_word' id='word_1_190' title='bbox 1016 1873 1105 1917; x_wconf 89' lang='lat' dir='ltr'><strong>late</strong></span> <span class='ocrx_word' id='word_1_191' title='bbox 1135 1874 1360 1918; x_wconf 88' lang='lat' dir='ltr'><strong>dominere</strong></span> <span class='ocrx_word' id='word_1_192' title='bbox 1390 1889 1469 1932; x_wconf 91' lang='lat' dir='ltr'><strong>per</strong></span> <span class='ocrx_word' id='word_1_193' title='bbox 1498 1875 1644 1927; x_wconf 89' lang='lat' dir='ltr'><strong>Indos,</strong></span> 
     </span>
     <span class='ocr_line' id='line_1_25' title="bbox 535 1931 1674 1987; baseline 0.004 -14"><span class='ocrx_word' id='word_1_194' title='bbox 535 1934 581 1974; x_wconf 90' lang='lat' dir='ltr'><strong>te</strong></span> <span class='ocrx_word' id='word_1_195' title='bbox 611 1931 780 1983; x_wconf 88' lang='lat' dir='ltr'><strong>Medus,</strong></span> <span class='ocrx_word' id='word_1_196' title='bbox 810 1935 855 1974; x_wconf 90' lang='lat' dir='ltr'><strong>te</strong></span> <span class='ocrx_word' id='word_1_197' title='bbox 885 1931 1028 1974; x_wconf 92' lang='lat' dir='ltr'><strong>mollis</strong></span> <span class='ocrx_word' id='word_1_198' title='bbox 1059 1932 1215 1983; x_wconf 88' lang='lat' dir='ltr'><strong>Arabs,</strong></span> <span class='ocrx_word' id='word_1_199' title='bbox 1244 1935 1290 1976; x_wconf 90' lang='lat' dir='ltr'><strong>te</strong></span> <span class='ocrx_word' id='word_1_200' title='bbox 1320 1932 1448 1976; x_wconf 88' lang='lat' dir='ltr'><strong>Seres</strong></span> <span class='ocrx_word' id='word_1_201' title='bbox 1477 1934 1674 1987; x_wconf 88' lang='lat' dir='ltr'><strong>adorent,</strong></span> 
     </span>
     <span class='ocr_line' id='line_1_26' title="bbox 536 1989 1947 2047; baseline 0.004 -16"><span class='ocrx_word' id='word_1_202' title='bbox 536 1989 573 2032; x_wconf 89' lang='lat' dir='ltr'><strong>si</strong></span> <span class='ocrx_word' id='word_1_203' title='bbox 605 1989 778 2039; x_wconf 80' lang='lat' dir='ltr'><strong>metuis,</strong></span> <span class='ocrx_word' id='word_1_204' title='bbox 808 1989 845 2032; x_wconf 87' lang='lat' dir='ltr'><strong>si</strong></span> <span class='ocrx_word' id='word_1_205' title='bbox 875 2004 1016 2046; x_wconf 87' lang='lat' dir='ltr'><strong>praua</strong></span> <span class='ocrx_word' id='word_1_206' title='bbox 1044 1990 1179 2047; x_wconf 88' lang='lat' dir='ltr'><strong>cupis,</strong></span> <span class='ocrx_word' id='word_1_207' title='bbox 1209 1990 1247 2033; x_wconf 85' lang='lat' dir='ltr'><strong>si</strong></span> <span class='ocrx_word' id='word_1_208' title='bbox 1277 1991 1450 2035; x_wconf 88' lang='lat' dir='ltr'><strong>duceris</strong></span> <span class='ocrx_word' id='word_1_209' title='bbox 1480 1992 1559 2043; x_wconf 92' lang='lat' dir='ltr'><strong>ira,</strong></span> <span class='ocrx_word' id='word_1_210' title='bbox 1906 2011 1947 2046; x_wconf 78' lang='lat'><strong>²⁵</strong></span> 
     </span>
     <span class='ocr_line' id='line_1_27' title="bbox 538 2047 1547 2107; baseline 0.003 -17"><span class='ocrx_word' id='word_1_211' title='bbox 538 2047 710 2090; x_wconf 86' lang='lat' dir='ltr'><strong>seruitii</strong></span> <span class='ocrx_word' id='word_1_212' title='bbox 741 2047 909 2104; x_wconf 87' lang='lat' dir='ltr'><strong>patiere</strong></span> <span class='ocrx_word' id='word_1_213' title='bbox 939 2048 1104 2105; x_wconf 86' lang='lat' dir='ltr'><strong>iugum,</strong></span> <span class='ocrx_word' id='word_1_214' title='bbox 1134 2048 1343 2092; x_wconf 89' lang='lat' dir='ltr'><strong>tolerabis</strong></span> <span class='ocrx_word' id='word_1_215' title='bbox 1371 2049 1547 2107; x_wconf 87' lang='lat' dir='ltr'><strong>iniquas</strong></span> 
     </span>
     <span class='ocr_line' id='line_1_28' title="bbox 539 2105 1555 2162; baseline 0.004 -14"><span class='ocrx_word' id='word_1_216' title='bbox 539 2105 726 2148; x_wconf 83' lang='lat' dir='ltr'><strong>interius</strong></span> <span class='ocrx_word' id='word_1_217' title='bbox 756 2105 896 2162; x_wconf 87' lang='lat' dir='ltr'><strong>leges;</strong></span> <span class='ocrx_word' id='word_1_218' title='bbox 939 2108 1045 2149; x_wconf 86' lang='lat' dir='ltr'><strong>tunc</strong></span> <span class='ocrx_word' id='word_1_219' title='bbox 1075 2106 1224 2149; x_wconf 89' lang='lat' dir='ltr'><strong>omnia</strong></span> <span class='ocrx_word' id='word_1_220' title='bbox 1247 2106 1343 2150; x_wconf 89' lang='lat' dir='ltr'><strong>iure</strong></span> <span class='ocrx_word' id='word_1_221' title='bbox 1373 2108 1555 2159; x_wconf 88' lang='lat' dir='ltr'><strong>tenebis,</strong></span> 
     </span>
     <span class='ocr_line' id='line_1_29' title="bbox 538 2164 1600 2230; baseline 0.005 -25"><span class='ocrx_word' id='word_1_222' title='bbox 538 2178 638 2206; x_wconf 90' lang='lat' dir='ltr'><strong>cum</strong></span> <span class='ocrx_word' id='word_1_223' title='bbox 669 2164 834 2230; x_wconf 82' lang='lat' dir='ltr'><strong>poteris</strong></span> <span class='ocrx_word' id='word_1_224' title='bbox 864 2178 943 2206; x_wconf 82' lang='lat' dir='ltr'><strong>rex</strong></span> <span class='ocrx_word' id='word_1_225' title='bbox 973 2178 1066 2207; x_wconf 87' lang='lat' dir='ltr'><strong>esse</strong></span> <span class='ocrx_word' id='word_1_226' title='bbox 1095 2165 1190 2217; x_wconf 88' lang='lat' dir='ltr'><strong>tui;</strong></span> <span class='ocrx_word' id='word_1_227' title='bbox 1260 2165 1466 2209; x_wconf 88' lang='lat' dir='ltr'><strong>rocliuior</strong></span> <span class='ocrx_word' id='word_1_228' title='bbox 1494 2180 1600 2210; x_wconf 91' lang='lat' dir='ltr'><strong>usus</strong></span> 
     </span>
     <span class='ocr_line' id='line_1_30' title="bbox 379 2221 1601 2279; baseline 0.003 -17"><span class='ocrx_word' id='word_1_229' title='bbox 379 2226 406 2266; x_wconf 87' lang='lat' dir='ltr'><strong>d</strong></span> <span class='ocrx_word' id='word_1_230' title='bbox 540 2221 587 2263; x_wconf 92' lang='lat' dir='ltr'><strong>in</strong></span> <span class='ocrx_word' id='word_1_231' title='bbox 618 2235 767 2278; x_wconf 79' lang='lat' dir='ltr'><strong>peiora</strong></span> <span class='ocrx_word' id='word_1_232' title='bbox 795 2221 940 2271; x_wconf 89' lang='lat' dir='ltr'><strong>datur,</strong></span> <span class='ocrx_word' id='word_1_233' title='bbox 966 2222 1210 2279; x_wconf 87' lang='lat' dir='ltr'><strong>suadetque</strong></span> <span class='ocrx_word' id='word_1_234' title='bbox 1256 2223 1417 2266; x_wconf 87' lang='lat' dir='ltr'><strong>icentia</strong></span> <span class='ocrx_word' id='word_1_235' title='bbox 1446 2223 1601 2267; x_wconf 85' lang='lat' dir='ltr'><strong>luxum</strong></span> 
     </span>
     <span class='ocr_line' id='line_1_31' title="bbox 541 2278 1950 2336; baseline 0.004 -15"><span class='ocrx_word' id='word_1_236' title='bbox 541 2278 842 2336; x_wconf 85' lang='lat' dir='ltr'><strong>illecebrisque</strong></span> <span class='ocrx_word' id='word_1_237' title='bbox 872 2279 1035 2323; x_wconf 85' lang='lat' dir='ltr'><strong>effrena</strong></span> <span class='ocrx_word' id='word_1_238' title='bbox 1065 2279 1215 2333; x_wconf 85' lang='lat' dir='ltr'><strong>fauet;</strong></span> <span class='ocrx_word' id='word_1_239' title='bbox 1260 2284 1367 2325; x_wconf 89' lang='lat' dir='ltr'><strong>tunc</strong></span> <span class='ocrx_word' id='word_1_240' title='bbox 1396 2281 1548 2325; x_wconf 82' lang='lat' dir='ltr'><strong>uiuere</strong></span> <span class='ocrx_word' id='word_1_241' title='bbox 1577 2286 1695 2326; x_wconf 87' lang='lat' dir='ltr'><strong>caste</strong></span> <span class='ocrx_word' id='word_1_242' title='bbox 1906 2301 1950 2336; x_wconf 79' lang='lat'><strong>30</strong></span> 
     </span>
     <span class='ocr_line' id='line_1_32' title="bbox 540 2337 1727 2394; baseline 0.005 -15"><span class='ocrx_word' id='word_1_243' title='bbox 540 2337 750 2394; x_wconf 82' lang='lat' dir='ltr'><strong>asperius,</strong></span> <span class='ocrx_word' id='word_1_244' title='bbox 779 2351 878 2380; x_wconf 88' lang='lat' dir='ltr'><strong>cum</strong></span> <span class='ocrx_word' id='word_1_245' title='bbox 909 2341 1083 2394; x_wconf 88' lang='lat' dir='ltr'><strong>promta</strong></span> <span class='ocrx_word' id='word_1_246' title='bbox 1114 2338 1285 2391; x_wconf 83' lang='lat' dir='ltr'><strong>Venus;</strong></span> <span class='ocrx_word' id='word_1_247' title='bbox 1325 2342 1421 2382; x_wconf 89' lang='lat' dir='ltr'><strong>tum</strong></span> <span class='ocrx_word' id='word_1_248' title='bbox 1452 2340 1606 2384; x_wconf 82' lang='lat' dir='ltr'><strong>durius</strong></span> <span class='ocrx_word' id='word_1_249' title='bbox 1635 2341 1727 2385; x_wconf 89' lang='lat' dir='ltr'><strong>irae</strong></span> 
     </span>
     <span class='ocr_line' id='line_1_33' title="bbox 540 2395 1812 2455; baseline 0.004 -16"><span class='ocrx_word' id='word_1_250' title='bbox 540 2395 797 2447; x_wconf 87' lang='lat' dir='ltr'><strong>consulitur,</strong></span> <span class='ocrx_word' id='word_1_251' title='bbox 817 2409 916 2438; x_wconf 87' lang='lat' dir='ltr'><strong>cum</strong></span> <span class='ocrx_word' id='word_1_252' title='bbox 947 2410 1061 2452; x_wconf 85' lang='lat' dir='ltr'><strong>pena</strong></span> <span class='ocrx_word' id='word_1_253' title='bbox 1090 2399 1239 2453; x_wconf 87' lang='lat' dir='ltr'><strong>patet;</strong></span> <span class='ocrx_word' id='word_1_254' title='bbox 1274 2397 1351 2440; x_wconf 84' lang='lat' dir='ltr'><strong>sed</strong></span> <span class='ocrx_word' id='word_1_255' title='bbox 1376 2398 1613 2455; x_wconf 85' lang='lat' dir='ltr'><strong>comprime</strong></span> <span class='ocrx_word' id='word_1_256' title='bbox 1643 2404 1812 2454; x_wconf 78' lang='lat' dir='ltr'><strong>motus3</strong></span> 
     </span>
     <span class='ocr_line' id='line_1_34' title="bbox 542 2453 1659 2511; baseline 0.004 -15"><span class='ocrx_word' id='word_1_257' title='bbox 542 2468 621 2497; x_wconf 91' lang='lat' dir='ltr'><strong>nec</strong></span> <span class='ocrx_word' id='word_1_258' title='bbox 651 2453 734 2496; x_wconf 92' lang='lat' dir='ltr'><strong>tibi</strong></span> <span class='ocrx_word' id='word_1_259' title='bbox 765 2453 872 2510; x_wconf 87' lang='lat' dir='ltr'><strong>quid</strong></span> <span class='ocrx_word' id='word_1_260' title='bbox 902 2453 1032 2497; x_wconf 83' lang='lat' dir='ltr'><strong>liceat</strong></span> <span class='ocrx_word' id='word_1_261' title='bbox 1061 2454 1136 2496; x_wconf 86' lang='lat' dir='ltr'><strong>sed</strong></span> <span class='ocrx_word' id='word_1_262' title='bbox 1167 2454 1273 2511; x_wconf 89' lang='lat' dir='ltr'><strong>quid</strong></span> <span class='ocrx_word' id='word_1_263' title='bbox 1305 2454 1457 2499; x_wconf 88' lang='lat' dir='ltr'><strong>fecisse</strong></span> <span class='ocrx_word' id='word_1_264' title='bbox 1488 2456 1659 2501; x_wconf 87' lang='lat' dir='ltr'><strong>decebit</strong></span> 
     </span>
     <span class='ocr_line' id='line_1_35' title="bbox 541 2512 1704 2570; baseline 0.003 -15"><span class='ocrx_word' id='word_1_265' title='bbox 541 2514 753 2562; x_wconf 88' lang='lat' dir='ltr'><strong>occurrat,</strong></span> <span class='ocrx_word' id='word_1_266' title='bbox 782 2514 1061 2568; x_wconf 89' lang='lat' dir='ltr'><strong>mentemque</strong></span> <span class='ocrx_word' id='word_1_267' title='bbox 1090 2512 1240 2555; x_wconf 88' lang='lat' dir='ltr'><strong>domet</strong></span> <span class='ocrx_word' id='word_1_268' title='bbox 1269 2516 1491 2570; x_wconf 84' lang='lat' dir='ltr'><strong>respectus</strong></span> <span class='ocrx_word' id='word_1_269' title='bbox 1519 2515 1704 2559; x_wconf 85' lang='lat' dir='ltr'><strong>honesti.</strong></span> 
     </span>
    </p>
   </div>
   <div class='ocr_carea' id='block_1_4' title="bbox 429 2588 758 2595">
    <p class='ocr_par' dir='ltr' id='par_1_5' title="bbox 429 2588 758 2595">
     <span class='ocr_line' id='line_1_36' title="bbox 429 2588 758 2595; baseline 0 595"><span class='ocrx_word' id='word_1_270' title='bbox 429 2588 758 2595; x_wconf 95' lang='lat' dir='ltr'><strong> </strong></span> 
     </span>
    </p>
   </div>
   <div class='ocr_carea' id='block_1_5' title="bbox 424 2620 1887 2716">
    <p class='ocr_par' dir='ltr' id='par_1_6' title="bbox 424 2620 1887 2716">
     <span class='ocr_line' id='line_1_37' title="bbox 428 2620 1887 2704; baseline 0.004 -45"><span class='ocrx_word' id='word_1_271' title='bbox 428 2632 464 2659; x_wconf 84' lang='lat'><strong>11</strong></span> <span class='ocrx_word' id='word_1_272' title='bbox 495 2621 653 2668; x_wconf 74' lang='lat' dir='ltr'><strong>phyloso</strong></span> <span class='ocrx_word' id='word_1_273' title='bbox 683 2620 748 2658; x_wconf 78' lang='lat' dir='ltr'><strong>hia</strong></span> <span class='ocrx_word' id='word_1_274' title='bbox 764 2620 803 2656; x_wconf 80' lang='lat' dir='ltr'>M</span> <span class='ocrx_word' id='word_1_275' title='bbox 950 2630 990 2665; x_wconf 77' lang='lat'><strong>¹⁴</strong></span> <span class='ocrx_word' id='word_1_276' title='bbox 1006 2620 1284 2704; x_wconf 52' lang='lat' dir='ltr'><strong>§.Igu-odiebatur</strong></span> <span class='ocrx_word' id='word_1_277' title='bbox 1301 2620 1325 2658; x_wconf 88' lang='lat' dir='ltr'>S</span> <span class='ocrx_word' id='word_1_278' title='bbox 1453 2634 1499 2660; x_wconf 90' lang='lat'><strong>20</strong></span> <span class='ocrx_word' id='word_1_279' title='bbox 1524 2623 1674 2662; x_wconf 82' lang='lat' dir='ltr'><strong>Eticum</strong></span> <span class='ocrx_word' id='word_1_280' title='bbox 1692 2625 1725 2662; x_wconf 80' lang='lat' dir='ltr'>A</span> <span class='ocrx_word' id='word_1_281' title='bbox 1844 2634 1887 2674; x_wconf 84' lang='lat'><strong>31</strong></span> 
     </span>
     <span class='ocr_line' id='line_1_38' title="bbox 424 2667 987 2716; baseline 0 -12"><span class='ocrx_word' id='word_1_282' title='bbox 424 2671 600 2716; x_wconf 76' lang='lat' dir='ltr'><strong>prompta</strong></span> <span class='ocrx_word' id='word_1_283' title='bbox 616 2668 646 2704; x_wconf 89' lang='lat' dir='ltr'>B</span> <span class='ocrx_word' id='word_1_284' title='bbox 784 2667 883 2715; x_wconf 83' lang='lat' dir='ltr'><strong>tum]</strong></span> <span class='ocrx_word' id='word_1_285' title='bbox 901 2678 987 2704; x_wconf 86' lang='lat' dir='ltr'><strong>cum</strong></span> 
     </span>
    </p>
   </div>
   <div class='ocr_carea' id='block_1_6' title="bbox 473 2771 1892 2824">
    <p class='ocr_par' dir='ltr' id='par_1_7' title="bbox 473 2771 1892 2824">
     <span class='ocr_line' id='line_1_39' title="bbox 473 2771 1892 2824; baseline 0.006 -17"><span class='ocrx_word' id='word_1_286' title='bbox 473 2782 492 2817; x_wconf 87' lang='lat'>3</span> <span class='ocrx_word' id='word_1_287' title='bbox 515 2773 616 2807; x_wconf 69' lang='lat' dir='ltr'><strong>Reda</strong></span> <span class='ocrx_word' id='word_1_288' title='bbox 640 2773 834 2809; x_wconf 76' lang='lat' dir='ltr'><strong>laudatur:</strong></span> <span class='ocrx_word' id='word_1_289' title='bbox 865 2771 991 2808; x_wconf 75' lang='lat' dir='ltr'><strong>sor-an</strong></span> <span class='ocrx_word' id='word_1_290' title='bbox 1017 2771 1057 2808; x_wconf 86' lang='lat' dir='ltr'><strong>in</strong></span> <span class='ocrx_word' id='word_1_291' title='bbox 1082 2773 1312 2810; x_wconf 70' lang='lat' dir='ltr'><strong>Imitatione</strong></span> <span class='ocrx_word' id='word_1_292' title='bbox 1339 2775 1504 2812; x_wconf 72' lang='lat' dir='ltr'><strong>Tmiam‘.</strong></span> <span class='ocrx_word' id='word_1_293' title='bbox 1645 2786 1668 2823; x_wconf 89' lang='lat'>9</span> <span class='ocrx_word' id='word_1_294' title='bbox 1695 2782 1892 2824; x_wconf 71' lang='lat' dir='ltr'><strong>quatemus</strong></span> 
     </span>
    </p>
   </div>
   <div class='ocr_carea' id='block_1_7' title="bbox 424 2818 1888 2963">
    <p class='ocr_par' dir='ltr' id='par_1_8' title="bbox 424 2818 1888 2963">
     <span class='ocr_line' id='line_1_40' title="bbox 424 2818 1887 2872; baseline 0.005 -17"><span class='ocrx_word' id='word_1_295' title='bbox 424 2822 494 2855; x_wconf 74' lang='lat' dir='ltr'><strong>etc.</strong></span> <span class='ocrx_word' id='word_1_296' title='bbox 512 2832 519 2855; x_wconf 91' lang='lat'>:</span> <span class='ocrx_word' id='word_1_297' title='bbox 548 2831 578 2856; x_wconf 85' lang='lat' dir='ltr'><strong>v.</strong></span> <span class='ocrx_word' id='word_1_298' title='bbox 598 2819 715 2857; x_wconf 85' lang='lat' dir='ltr'><strong>Solin.</strong></span> <span class='ocrx_word' id='word_1_299' title='bbox 734 2819 757 2855; x_wconf 84' lang='lat' dir='ltr'><strong>i.</strong></span> <span class='ocrx_word' id='word_1_300' title='bbox 779 2818 797 2865; x_wconf 66' lang='grc' dir='ltr'><strong>ξ</strong></span> <span class='ocrx_word' id='word_1_301' title='bbox 821 2828 896 2864; x_wconf 79' lang='lat'><strong>¹07.</strong></span> <span class='ocrx_word' id='word_1_302' title='bbox 988 2864 998 2872; x_wconf 50' lang='lat'><strong>·</strong></span> <span class='ocrx_word' id='word_1_303' title='bbox 1058 2829 1098 2864; x_wconf 83' lang='lat'><strong>17</strong></span> <span class='ocrx_word' id='word_1_304' title='bbox 1122 2831 1278 2856; x_wconf 71' lang='lat' dir='ltr'><strong>amomm</strong></span> <span class='ocrx_word' id='word_1_305' title='bbox 1294 2823 1447 2859; x_wconf 76' lang='lat' dir='ltr'><strong>humum·</strong></span> <span class='ocrx_word' id='word_1_306' title='bbox 1459 2826 1600 2870; x_wconf 69' lang='lat' dir='ltr'><strong>ymerio</strong></span> <span class='ocrx_word' id='word_1_307' title='bbox 1615 2826 1710 2861; x_wconf 64' lang='lat' dir='ltr'><strong>etc:</strong></span> <span class='ocrx_word' id='word_1_308' title='bbox 1734 2836 1767 2861; x_wconf 84' lang='lat' dir='ltr'><strong>v.</strong></span> <span class='ocrx_word' id='word_1_309' title='bbox 1786 2823 1887 2863; x_wconf 83' lang='lat' dir='ltr'><strong>Suet.</strong></span> 
     </span>
     <span class='ocr_line' id='line_1_41' title="bbox 428 2866 1888 2919; baseline 0.006 -18"><span class='ocrx_word' id='word_1_310' title='bbox 428 2867 496 2902; x_wconf 66' lang='lat' dir='ltr'><strong>Tse.</strong></span> <span class='ocrx_word' id='word_1_311' title='bbox 521 2876 549 2903; x_wconf 86' lang='grc' dir='ltr'><strong>ι.</strong></span> <span class='ocrx_word' id='word_1_312' title='bbox 664 2877 711 2904; x_wconf 82' lang='lat'><strong>20</strong></span> <span class='ocrx_word' id='word_1_313' title='bbox 734 2868 926 2903; x_wconf 65' lang='lat' dir='ltr'><strong>firmicum:</strong></span> <span class='ocrx_word' id='word_1_314' title='bbox 951 2878 981 2904; x_wconf 84' lang='lat' dir='ltr'><strong>v.</strong></span> <span class='ocrx_word' id='word_1_315' title='bbox 1003 2866 1091 2904; x_wconf 84' lang='lat' dir='ltr'><strong>Hor.</strong></span> <span class='ocrx_word' id='word_1_316' title='bbox 1109 2868 1182 2914; x_wconf 79' lang='lat' dir='ltr'><strong>Ep.</strong></span> <span class='ocrx_word' id='word_1_317' title='bbox 1198 2867 1224 2906; x_wconf 85' lang='lat' dir='ltr'><strong>i.</strong></span> <span class='ocrx_word' id='word_1_318' title='bbox 1248 2878 1276 2904; x_wconf 80' lang='grc' dir='ltr'><strong>ι.</strong></span> <span class='ocrx_word' id='word_1_319' title='bbox 1299 2871 1423 2916; x_wconf 83' lang='grc' dir='ltr'><strong>59,6ο.</strong></span> <span class='ocrx_word' id='word_1_320' title='bbox 1551 2881 1596 2919; x_wconf 84' lang='lat'><strong>23</strong></span> <span class='ocrx_word' id='word_1_321' title='bbox 1626 2873 1680 2908; x_wconf 77' lang='lat' dir='ltr'><strong>Tu</strong></span> <span class='ocrx_word' id='word_1_322' title='bbox 1696 2873 1775 2908; x_wconf 71' lang='lat' dir='ltr'><strong>licet</strong></span> <span class='ocrx_word' id='word_1_323' title='bbox 1791 2874 1888 2910; x_wconf 84' lang='lat' dir='ltr'><strong>etc.:</strong></span> 
     </span>
     <span class='ocr_line' id='line_1_42' title="bbox 424 2913 1444 2963; baseline 0.006 -13"><span class='ocrx_word' id='word_1_324' title='bbox 424 2913 619 2950; x_wconf 74' lang='lat' dir='ltr'><strong>claudian.</strong></span> <span class='ocrx_word' id='word_1_325' title='bbox 639 2916 816 2961; x_wconf 66' lang='lat' dir='ltr'><strong>Pam-pyr.</strong></span> <span class='ocrx_word' id='word_1_326' title='bbox 832 2915 875 2951; x_wconf 80' lang='lat' dir='ltr'><strong>de</strong></span> <span class='ocrx_word' id='word_1_327' title='bbox 892 2915 913 2951; x_wconf 93' lang='lat'><em>1</em></span> <span class='ocrx_word' id='word_1_328' title='bbox 921 2915 952 2950; x_wconf 78' lang='lat' dir='ltr'><em>V</em></span> <span class='ocrx_word' id='word_1_329' title='bbox 971 2915 1074 2952; x_wconf 77' lang='lat' dir='ltr'><strong>Com.</strong></span> <span class='ocrx_word' id='word_1_330' title='bbox 1094 2915 1251 2953; x_wconf 69' lang='lat' dir='ltr'><strong>Honor-ii</strong></span> <span class='ocrx_word' id='word_1_331' title='bbox 1270 2918 1444 2963; x_wconf 82' lang='lat'><strong>257-268.</strong></span> 
     </span>
    </p>
   </div>
   <div class='ocr_carea' id='block_1_8' title="bbox 535 2983 600 3027">
    <p class='ocr_par' dir='ltr' id='par_1_9' title="bbox 535 2983 600 3027">
     <span class='ocr_line' id='line_1_43' title="bbox 535 2983 600 3027; baseline 0 -9"><span class='ocrx_word' id='word_1_332' title='bbox 535 2983 600 3027; x_wconf 80' lang='lat'><strong>31⁶</strong></span> 
     </span>
    </p>
   </div>
  </div>
 </body>
</html>
