1994 3190
244 223 330 273 566
348 233 380 263 a
725 221 986 266 IOANNIS
1026 188 1541 267 SARESBERIENSIS
1707 220 1817 282 [ΗΒ.
1830 226 1864 267 V

347 350 379 380 a
395 342 523 386 Inter
548 342 659 386 alios
684 345 836 387 tamen
860 342 1139 401 benigniores
1169 345 1274 387 sunt
1301 343 1378 401 qui
1406 343 1640 386 minimum
1665 345 1863 400 possunt,

394 412 498 455 licet
519 412 612 455 fere
632 427 783 456 omnes
802 413 931 470 proni
950 413 1042 455 sint
1061 413 1118 456 ad
1146 413 1391 456 nocendum
1418 412 1536 470 quod
1562 413 1706 456 cuiuis
1732 413 1863 470 longe

396 480 572 525 facilius
592 484 660 525 est
679 496 814 539 quam
833 481 1050 539 prodesse.
1109 482 1358 525 Exerceant
1378 496 1482 540 ergo
1505 482 1727 526 nundinas
1747 496 1862 532 suas,

395 550 560 594 loculos
589 550 756 594 alienos
786 550 1064 601 exhauriant,
1085 549 1278 594 farciant
1306 564 1419 601 suos,
1439 550 1695 607 possideant
1725 565 1862 608 quan-

395 623 494 662 tum
534 619 788 670 Paccuuius,
826 620 1052 663 montibus
1091 634 1251 662 aurum
1290 623 1549 677 exaequent,
1587 635 1668 664 nec
1713 623 1865 663 ament
1883 636 1902 671 5

395 688 588 745 aliquem
607 703 687 732 nec
713 691 919 731 amentur
938 689 996 731 ab
1020 689 1124 739 ullo,
1144 689 1236 731 sint
1261 688 1545 732 admirationi
1571 689 1738 746 ignotis
1757 689 1865 732 dum

395 758 646 801 domesticis
658 758 749 801 sint
763 758 864 801 odio
879 757 952 800 uel
968 758 1253 815 contemptui.
1293 758 1399 801 Tale
1414 758 1583 814 aliquid
1598 759 1646 800 in
1661 761 1865 801 ueterum

395 826 696 869 Romanorum
727 827 903 884 scriptis
933 826 1146 870 inuenies.
1207 826 1322 870 Cum
1350 826 1533 870 Publius
1563 825 1727 870 Cineus
1757 826 1864 870 Gre-

394 897 520 940 cinus
551 895 650 954 (aut
684 896 721 939 si
761 896 849 939 alio
889 896 1038 953 potius
1075 896 1240 939 dicitur
1273 896 1480 950 nomine)
1507 898 1770 953 argueretur
1807 896 1866 939 ab

394 966 547 1009 amicis
559 965 677 1022 quod
691 980 875 1008 uxorem
892 965 1130 1008 formosam
1142 968 1310 1008 castam
1329 968 1375 1007 et
1391 965 1584 1008 nobilem
1599 965 1865 1022 repudiaret,
1885 980 1927 1005 ιο

395 1036 645 1092 respondit:
677 1035 736 1078 Et
765 1035 836 1078 hic
866 1050 1027 1086 soccus,
1057 1049 1188 1091 quem
1218 1035 1409 1085 cernitis,
1439 1049 1582 1078 nouus
1612 1035 1789 1092 elegans
1818 1038 1865 1079 et

395 1105 717 1162 inspectoribus
746 1105 950 1148 omnibus
979 1104 1156 1161 placens
1190 1107 1269 1156 est,
1301 1104 1378 1147 sed
1413 1119 1541 1148 nemo
1573 1105 1656 1148 scit
1689 1107 1867 1162 praeter

350 1183 380 1223 b
398 1189 468 1217 me
497 1174 639 1218 solum
675 1174 752 1217 ubi
782 1189 852 1217 me
881 1177 1065 1232 premat.
1130 1173 1316 1232 Legitur
1344 1174 1392 1216 in
1423 1174 1537 1217 libro
1566 1174 1866 1218 Numerorum

398 1244 516 1301 quod
535 1258 635 1287 cum
649 1243 906 1287 Madianitis
923 1243 1145 1287 fornicans
1160 1243 1299 1286 Israel
1319 1243 1669 1302 indignationem
1685 1244 1865 1288 Domini

397 1313 716 1370 prouocauerit‚
732 1312 868 1356 donec
890 1313 1046 1356 Finees
1066 1312 1242 1355 Zambri
1262 1312 1404 1355 filium
1427 1312 1535 1355 Salu
1555 1327 1655 1356 cum
1675 1313 1865 1358 succuba
1886 1331 1926 1366 15

398 1382 690 1425 Madianitide
734 1382 891 1425 educto
940 1397 1042 1434 ense
1091 1381 1472 1425 transuerberauit
1520 1385 1566 1425 et
1613 1382 1662 1425 in
1709 1397 1865 1427 occasu

398 1455 633 1494 nocentum
662 1451 834 1508 quieuit
859 1451 928 1494 ira
954 1451 1050 1496 Dei.
1112 1451 1273 1494 Factus
1298 1454 1365 1494 est
1385 1466 1489 1509 ergo
1515 1466 1658 1495 sermo
1685 1452 1865 1496 Domini

399 1520 456 1563 ad
502 1520 686 1577 Moysen
735 1520 884 1564 dicens
906 1537 915 1563 :
974 1520 1095 1563 Tolle
1140 1523 1320 1564 cunctos
1365 1521 1584 1578 principes
1624 1521 1776 1578 populi
1819 1523 1866 1565 et

397 1588 615 1646 suspende
635 1603 708 1632 eos
728 1592 882 1632 contra
902 1589 1037 1632 solem
1057 1589 1105 1631 in
1125 1589 1348 1647 patibulis.
1403 1589 1665 1633 Peccauerat
1685 1590 1863 1647 quidem

396 1658 586 1715 populus
626 1661 672 1700 et
717 1657 953 1701 fornicatio
1001 1658 1250 1715 principum
1298 1673 1388 1701 non
1440 1658 1718 1715 exprimitur,
1764 1659 1862 1717 rapi
1885 1677 1928 1703 πο
1961 1668 1969 1676 ·

397 1731 548 1771 tamen
581 1726 915 1784 praecipiuntur
948 1727 1170 1784 principes
1203 1726 1260 1770 ad
1299 1727 1549 1784 patibulum
1589 1730 1636 1770 et
1669 1728 1717 1770 in
1750 1742 1866 1786 pena

398 1811 550 1839 eorum
590 1796 714 1853 quies
753 1796 1028 1853 delinquenti
1070 1795 1232 1854 populo
1271 1800 1515 1853 reparatur,
1555 1811 1606 1840 eo
1649 1797 1767 1854 quod
1809 1812 1866 1842 ex

397 1866 670 1923 negligentia
714 1865 1059 1923 praesidentium
1109 1866 1361 1923 saepissime
1409 1867 1616 1923 prouenit
1664 1881 1867 1912 excessus

396 1934 689 1979 subditorum.
768 1934 924 1978 Refert
956 1935 1122 1992 ,itaque
1165 1936 1399 1992 potestatis
1438 1935 1625 1979 istorum
1664 1937 1866 1981 cohibere

397 2004 614 2047 malitiam
636 2007 681 2047 et
700 2004 863 2048 eisdem
884 2005 938 2048 de
958 2005 1134 2062 publico
1154 2004 1385 2061 prouidere
1402 2008 1454 2048 ut
1473 2005 1616 2048 omnis
1636 2006 1866 2064 grassandi
1886 2020 1927 2057 ²5

357 2084 382 2115 c
399 2074 566 2117 occasio
596 2074 898 2117 subtrahatur.
964 2074 1092 2127 Quod
1120 2077 1165 2117 et
1192 2074 1239 2116 in
1266 2074 1362 2118 iure
1392 2074 1590 2119 Romano
1616 2076 1866 2133 antiquitus

398 2147 579 2187 cautum
600 2146 679 2193 est,
698 2142 895 2199 alioquin
922 2146 1077 2186 auctor
1103 2142 1330 2186 uidebitur
1359 2143 1562 2187 maleficii
1593 2144 1710 2201 quod
1740 2159 1867 2202 prae-

400 2213 602 2256 termisso
632 2211 774 2255 officio
803 2212 1036 2255 emendare
1071 2212 1356 2269 contempnit.
1417 2213 1502 2256 His
1532 2213 1649 2256 enim
1679 2214 1867 2271 flagellis

398 2282 639 2332 hominum,
680 2281 1050 2338 innocentumque
1090 2281 1344 2333 tortoribus,
1384 2297 1471 2340 quo
1516 2283 1780 2340 praeclarior
1821 2286 1868 2329 et

400 2353 843 2421 W
869 2372 908 2408 in
926 2372 1140 2419 pectoribus
1157 2371 1306 2409 0⁸13AM
1427 2382 1467 2420 15
1495 2373 1695 2411 sa10miM
1822 2376 1866 2414 ιε

399 2421 657 2458 madianidide
675 2420 699 2457 S
846 2422 886 2457 18
910 2426 988 2466 post
1006 2420 1140 2467 populi
1159 2422 1244 2458 add.
1265 2419 1376 2458 israel
1393 2420 1425 2456 A

447 2508 468 2541 4
489 2499 697 2543 posmdeant
715 2499 805 2533 αισα
831 2508 862 2532 v.
882 2495 957 2532 Iuv.
978 2497 1051 2532 Sat.
1072 2495 1135 2533 xii.
1160 2497 1331 2542 128—130.
1505 2498 1537 2537 8.
1556 2508 1578 2544 9
1607 2498 1698 2535 Cum
1714 2499 1868 2537 Mlius

402 2545 535 2581 Cuneus
553 2546 728 2580 Graecinus
745 2546 841 2581 etc..
870 2555 900 2579 ν.
921 2542 1075 2579 Hieron.
1093 2545 1171 2580 adv.
1188 2545 1369 2580 Iovimffan
1389 2543 1412 2580 i.
1430 2545 1475 2589 48
1491 2545 1688 2590 (MigneP
1704 2547 1746 2582 L.
1760 2545 1866 2584 xxiii.

400 2591 734 2676 3332..:¹.¹¹.{.53.¹.¹25³¹¹
751 2592 1602 2676 mmmm.5“}{²3‘;3‘3;.²¹.3’3:.².‘33’.‘.{⁵⁰33
1619 2605 1798 2677 1¹›¹1⁰¹¹8¹¹¹⁰1.
1811 2594 1868 2631 ¹⁶²

404 2687 695 2732 Coniu9.1'r·aec.
723 2696 767 2723 22
794 2687 875 2731 (141
905 2695 946 2730 Α,
965 2686 1006 2730 Β)
1033 2685 1186 2732 legitur.
1333 2697 1448 2731 11,12
1475 2652 1593 2724 noiiua
1610 2652 1868 2743 elegam-catii?-

398 2739 547 2780 meatoru-
539 2735 615 2770 ibus
630 2735 795 2770 omnibuo
811 2734 957 2816 {ocem
973 2738 1046 2769 eet.
1071 2735 1220 2770 uidetur
1233 2734 1334 2768 uobis
1351 2746 1468 2770 nouus
1483 2740 1515 2770 et
1531 2737 1675 2781 eleyans
1691 2734 1867 2780 Hieron.-

398 2783 500 2816 καλὸς
518 2781 601 2816 Ιδΐν
554 2797 601 2817 ow
618 2783 801 2818 καὶκηινός
850 2780 908 2816 lut
1090 2791 1130 2826 ¹3
1156 2782 1417 2827 Lequ'sturttc.:
1444 2794 1475 2817 v.
1494 2781 1602 2819 Num.
1621 2795 1704 2820 xxv.
1721 2762 1867 2870 6⁸1³qu

403 2831 443 2865 ¹8
473 2829 569 2863 Tollo
594 2834 736 2864 cunctoe
761 2831 853 2865 etex
879 2827 989 2864 Num.
1015 2838 1098 2865 xxv.
1117 2838 1150 2873 4.
1293 2830 1339 2866 26
1366 2830 1466 2873 Quod
1491 2835 1523 2866 et
1547 2831 1587 2866 in
1613 2832 1692 2867 iure
1717 2831 1808 2869 etna

400 2877 605 2912 Aueheneic.
624 2876 709 2912 coll.
731 2875 770 2913 ii.
788 2875 848 2913 tit.
867 2886 887 2912 2
908 2877 1056 2922 (-Nov.
1076 2874 1170 2923 viii.)
1189 2886 1219 2912 c.
1238 2883 1271 2920 7.

509 2932 573 2973 328
