1994 3190
223 155 311 207 498
330 167 362 198 a
701 153 903 198 IOANN
905 153 963 197 IS
1006 151 1521 197 SARESBERIENSIS
1653 151 1766 212 [ΗΒ.
1781 162 1848 196 111·

377 274 587 332 quicquid
608 289 883 331 quocumque
903 274 1037 318 titulo
1056 273 1284 318 confertur
1303 274 1351 316 in
1371 274 1520 325 alium,
1540 276 1654 317 teste
1674 272 1846 323 Crasso,

377 344 466 401 qui,
486 347 539 386 ut
565 343 742 396 dicitur,
762 344 904 387 milite
928 343 1247 394 dissimulante,
1267 358 1318 386 eo
1345 343 1462 400 quod
1488 343 1607 386 solus
1634 346 1714 386 aut
1739 356 1846 399 prae

376 413 534 456 ceteris
549 413 668 470 apud
689 413 877 456 Parthos
897 428 1055 456 aurum
1071 413 1256 464 sitierat,
1269 427 1428 456 aurum
1449 413 1574 456 bibit.
1623 411 1846 470 Iugurtha

377 497 551 538 quoque
586 497 715 539 saepe
750 482 999 525 Romanum
1039 482 1289 525 exarmauit
1328 484 1374 525 et
1412 481 1550 539 fregit
1589 481 1845 532 exercitum,

376 551 517 608 ipsius
537 566 710 608 quoque
729 552 853 594 urbis
873 551 1093 595 concussit
1117 551 1408 603 maiestatem,
1428 565 1547 594 nunc
1566 551 1677 594 dans
1702 550 1846 608 plura,
1867 567 1885 602 5

377 620 643 677 promittens
673 620 898 664 interdum
938 621 1147 678 pluriora.
1219 620 1308 663 Sed
1337 621 1419 664 hoc
1454 620 1643 663 liberum
1679 623 1747 663 est
1776 619 1847 662 his

378 693 424 732 et
452 705 582 747 saepe
610 690 827 741 conducit,
853 691 929 747 qui
959 690 1110 747 aliqua
1138 690 1303 733 donare
1332 692 1667 733 consueuerunt.
1725 689 1847 732 Alio-

378 759 488 816 quin
511 760 743 816 promissio
768 760 940 817 gratiae
970 759 1268 802 conciliandae
1292 774 1382 802 non
1409 759 1594 815 proficit,
1618 759 1695 802 sed
1721 758 1848 815 quasi

379 829 579 886 deceptio
613 828 900 872 fraudulenta
933 829 1056 871 illam
1091 843 1204 885 quae
1243 843 1337 872 esse
1376 828 1556 871 uidetur
1589 828 1849 885 plerumque

379 898 618 956 extinguit.
679 899 822 942 Tanto
857 898 1034 955 quidem
1066 898 1270 948 ualidius,
1305 912 1392 955 quo
1431 912 1532 941 cum
1570 896 1848 954 prudentiori
1869 909 1911 934 10

380 971 426 1010 et
467 968 663 1025 grauiori
702 968 801 1010 uiro
839 968 1068 1025 negotium
1107 967 1289 1024 geritur.
1349 966 1621 1024 Simplicitas
1659 980 1851 1023 namque

380 1037 821 1081 circumuenientium
851 1037 1025 1080 insidiis
1054 1037 1189 1079 latius
1218 1039 1344 1094 patet
1370 1040 1416 1080 et
1442 1036 1617 1080 facilius
1642 1037 1850 1094 supplan-

333 1107 363 1146 b
381 1110 516 1150 tatur.
566 1106 693 1149 Vnde
714 1106 787 1150 ille
808 1106 883 1163 qui
905 1121 994 1148 non
1014 1106 1169 1148 urbem
1190 1106 1266 1149 sed
1286 1107 1436 1149 orbem
1451 1106 1628 1150 lasciuis
1647 1106 1852 1163 impleuit

380 1175 616 1228 amoribus,
637 1175 967 1219 sollicitatorem
987 1174 1235 1232 puellarum
1263 1177 1308 1218 et
1334 1175 1606 1232 impudicum
1626 1175 1851 1218 instruens

379 1247 622 1288 amatorem
642 1244 730 1287 ait:
1870 1257 1911 1292 15

526 1344 766 1387 Promittas
796 1344 943 1395 facito,
974 1345 1081 1401 quid
1111 1345 1229 1387 enim
1258 1345 1517 1402 promittere
1546 1344 1689 1388 ledit‘l

584 1402 793 1459 pollicitis
822 1403 947 1446 diues
976 1403 1186 1460 quislibet
1215 1418 1308 1446 esse
1337 1406 1495 1461 potest.

381 1505 444 1548 At
473 1505 762 1562 philosophus
796 1520 1039 1562 numquam
1073 1508 1152 1549 aut
1186 1506 1420 1557 rarissime,
1451 1509 1496 1549 et
1530 1506 1612 1550 hoc
1647 1520 1703 1549 ex
1734 1506 1853 1549 iusta

381 1590 524 1625 causa,
545 1575 703 1618 asserit
722 1575 1005 1619 conducibile.
1071 1576 1120 1619 Si
1141 1577 1259 1619 enim
1282 1575 1585 1634 promissionis
1604 1575 1852 1633 implendae

383 1644 574 1687 facultas
618 1659 706 1687 non
750 1645 959 1702 suppetit,
998 1646 1283 1688 temerarium
1323 1647 1390 1688 est
1432 1645 1691 1702 promittere
1734 1643 1852 1702 quod
1873 1659 1916 1684 πο

382 1717 608 1771 praestare
642 1728 732 1756 non
764 1717 900 1771 potes.
960 1714 1009 1757 Si
1045 1715 1162 1757 enim
1194 1717 1389 1772 potestas
1419 1714 1596 1758 affuerit
1624 1714 1854 1772 largiendi,

383 1783 469 1826 nisi
502 1783 711 1825 uoluntas
751 1783 950 1827 beneficii
991 1784 1206 1841 producat
1246 1785 1460 1834 effectum,
1493 1784 1732 1841 promissor
1764 1798 1854 1827 non

383 1852 575 1910 gratiam
606 1852 661 1894 de
691 1852 905 1909 promisso
934 1853 1011 1896 sed
1041 1853 1095 1896 de
1120 1853 1347 1897 mendacio
1371 1853 1596 1897 contrahit
1624 1853 1856 1898 maculam.

386 1921 513 1975 Quod
535 1921 572 1964 si
594 1936 648 1964 ex
670 1921 906 1964 interuallo
919 1923 1121 1979 promissi
1142 1923 1274 1966 fidem
1294 1923 1559 1980 impleuerit,
1572 1922 1855 1966 liberalitatis

342 2003 367 2033 c
386 1991 516 2034 decor
540 1994 585 2033 et
611 1990 809 2034 beneficii
830 1992 994 2047 species
1015 1992 1111 2049 ipsa
1132 1991 1342 2043 fuscatur,
1363 2007 1414 2035 eo
1434 1992 1551 2049 quod
1575 1992 1652 2049 qui
1677 1992 1854 2036 distulit
1873 2009 1916 2045 ²5

384 2059 563 2103 interim
584 2059 708 2102 uisus
728 2063 795 2103 est
815 2060 1017 2104 noluisse.
1077 2061 1204 2105 Vnde
1225 2061 1498 2105 uersificator
1517 2062 1744 2120 egregius:

386 2197 593 2281 &Iugum
610 2197 642 2233 A
694 2244 702 2251 ⁶
747 2198 771 2234 6
796 2197 961 2244 plurima
978 2197 1018 2233 M
1132 2207 1174 2244 17
1200 2197 1364 2245 quilibet
1382 2198 1412 2235 P
1534 2199 1576 2236 18
1600 2198 1857 2247 phylosophus

572 2255 612 2282 21
642 2243 762 2291 emm]
780 2257 871 2282 uero
891 2246 989 2282 BSM

439 2376 451 2402 1
481 2370 565 2401 tem
601 2366 729 2402 Cranno
762 2366 856 2401 etc.:
899 2364 1009 2401 huius
1048 2363 1124 2401 loci
1165 2376 1288 2411 neque
1329 2376 1478 2402 sensum
1512 2364 1699 2413 intellego
1732 2377 1856 2421 neque

386 2415 578 2450 auctorem
597 2412 761 2459 reperire
781 2411 887 2459 potui
903 2425 911 2447 :
938 2414 1065 2449 notam
1084 2412 1279 2449 historiam
1298 2412 1343 2449 de
1362 2424 1453 2448 auro
1471 2412 1510 2449 in
1523 2412 1644 2449 Crassi
1662 2415 1801 2451 mortui
1819 2425 1859 2450 os

387 2460 512 2497 infuso
530 2460 647 2497 refert
666 2459 794 2497 Florus
812 2459 835 2495 i.
854 2468 909 2504 47.
1095 2469 1115 2504 3
1141 2460 1319 2505 Iuyurtha
1337 2462 1429 2497 eta:
1455 2460 1548 2497 haec
1566 2461 1667 2498 unde
1685 2460 1860 2498 citaverit

387 2507 523 2545 Noster
561 2506 688 2544 nescio
707 2520 715 2549 ς
758 2507 805 2543 de
848 2506 1026 2543 Romania
1065 2518 1157 2544 auro
1203 2506 1428 2554 Iugurthino
1471 2507 1658 2555 corruptis
1698 2520 1729 2544 v.
1765 2506 1855 2545 Sall.

387 2556 567 2602 Juqureha
586 2554 721 2601 panim
739 2566 748 2597 ς
775 2553 822 2591 cf.
842 2553 937 2590 Flor.
958 2554 981 2591 i,
1000 2555 1046 2599 36
1065 2553 1132 2596 (iii.
1159 2554 1203 2600 ι).
1304 2564 1344 2601 13
1372 2556 1453 2591 ine:
1479 2567 1527 2591 sc.
1546 2555 1713 2592 Ovidius.
1814 2556 1858 2592 16

388 2604 583 2639 Pmmmm
599 2605 693 2639 etc.:
719 2601 783 2638 Ov.
799 2602 883 2637 Am.
903 2603 1024 2638 Amat.
1043 2601 1066 2638 i.
1084 2612 1164 2648 443.
1183 2611 1263 2646 444.
1443 2605 1484 2639 18
1508 2604 1742 2650 philosophus
1765 2605 1858 2640 eto.:

391 2650 509 2687 nuiu·
526 2649 739 2686 sententiae
756 2652 949 2686 auctorem
970 2649 1112 2685 frustra
1129 2648 1253 2685 adhuc
1270 2648 1461 2695 quaesivi3
1487 2651 1535 2686 cf.
1554 2650 1634 2687 Cic.
1655 2652 1721 2696 Off.
1739 2649 1794 2687 iii.
1813 2658 1858 2697 25

430 2706 487 2744 95.
630 2706 677 2733 20
726 2698 900 2732 mmmm
919 2697 989 2732 otc.
1007 2709 1014 2732 :
1042 2696 1090 2733 cf.
1110 2695 1204 2733 Cato
1224 2698 1315 2732 Diae.
1335 2696 1357 2732 i.
1376 2706 1418 2743 25
1441 2697 1647 2742 (Baehrens
1665 2699 1759 2735 Poet.
1777 2698 1859 2735 Lat.

432 2747 482 2782 in.
501 2743 556 2780 iii.
574 2749 658 2791 219)
735 2746 779 2779 od
795 2745 883 2780 dare
900 2756 972 2779 non
991 2745 1115 2790 poma.
1136 2744 1253 2780 uerbis
1269 2746 1478 2791 promittere
1498 2746 1586 2783 noli.
1729 2754 1771 2793 25
1797 2746 1862 2794 qui

388 2793 529 2830 diaeum
545 2794 636 2828 etc:
661 2792 710 2828 cf.
729 2790 814 2829 Seu.
831 2793 874 2829 de
890 2793 1015 2838 Benes.
1033 2790 1073 2828 ii.
1094 2800 1111 2838 5
1130 2790 1148 2839 §
1166 2802 1200 2837 4.

501 2862 566 2898 206
