1994 3190
203 152 285 202 456
306 161 338 191 a
682 149 837 194 IOAN
839 148 883 192 N
886 149 944 193 Is
985 148 1502 194 SARESBERIENSIS
1655 118 1766 210 [L1i3.
1782 161 1822 194 11

354 269 472 327 quod
501 270 630 327 signa
662 268 905 313 uniformia
936 269 1039 322 sint,
1068 269 1186 313 unde
1221 269 1299 312 illa
1332 284 1423 312 una
1457 269 1723 328 significatio
1756 270 1823 312 in-

353 339 553 390 notescit,
587 342 667 382 aut
706 339 814 396 quid
853 354 950 382 eam
989 339 1196 396 prohibet
1235 354 1328 382 esse
1368 339 1562 384 falsam'l
1635 340 1824 390 Natura,

353 409 531 465 inquis?
590 408 732 451 Illane
752 422 865 465 quae
891 408 939 450 in
958 408 1102 459 rebus,
1122 423 1180 450 an
1201 423 1314 465 quae
1340 409 1387 451 in
1412 409 1566 452 diuina
1591 409 1825 453 uoluntate

353 477 590 522 consistit?
660 477 796 520 Porro
830 477 1009 520 diuinae
1043 492 1133 520 non
1167 478 1381 535 obloquor
1413 478 1649 530 uoluntati,
1683 478 1826 522 sciens

355 547 460 604 quia
489 547 649 598 omnia,
670 561 969 604 quaecumque
995 546 1151 597 uoluit,
1172 546 1289 590 fecit.
1350 546 1400 590 Si
1427 562 1480 590 ea
1506 547 1590 590 tibi
1615 547 1825 598 innotuit,
1845 566 1864 601 5

354 617 466 659 bene
502 619 579 659 est.
640 616 770 659 Potes
800 616 956 672 utique
991 615 1039 658 in
1067 615 1234 659 lumine
1269 615 1346 659 illo
1389 616 1542 660 uidere
1581 616 1743 667 lumen,
1779 618 1826 659 et

354 700 463 729 uera
494 685 749 728 indubitata
783 685 838 728 de
869 685 983 728 libro
1017 684 1227 742 proferre,
1257 685 1334 742 qui
1369 685 1469 729 aliis
1503 685 1706 743 signatus
1740 685 1825 728 tibi

307 760 337 799 b
356 757 537 812 apertus
577 758 656 805 est,
695 755 744 797 in
784 769 872 811 quo
910 757 1017 797 sunt
1056 769 1207 797 omnes
1246 754 1491 811 sapientiae
1530 758 1576 798 et
1615 754 1824 798 scientiae
1866 759 1870 762 ’

354 824 553 868 thesauri
601 824 860 874 absconditi,
899 838 1030 881 quem
1078 823 1245 866 nemini
1294 824 1465 880 aperire
1512 823 1685 867 licitum
1731 838 1825 867 esse

355 894 595 945 audieram,
626 894 713 937 nisi
753 894 884 951 Agno
920 893 996 950 qui
1036 893 1203 936 occisus
1243 895 1311 936 est
1345 896 1391 936 et
1425 895 1613 936 mortem
1653 892 1823 936 uirtute
1844 913 1886 937 10

353 963 533 1021 propria
558 963 796 1007 interemit.
855 962 962 1005 Noli
990 962 1148 1005 amodo
1177 976 1278 1006 cum
1298 962 1512 1019 Apostolo
1540 962 1695 1005 mirari
1723 961 1824 1005 alti-

354 1033 556 1076 tudinem
586 1033 847 1075 diuitiarum
877 1031 1121 1089 sapientiae
1151 1034 1197 1075 et
1226 1031 1434 1075 scientiae
1475 1031 1571 1083 Dei,
1601 1046 1702 1076 cum
1740 1030 1827 1074 tibi

354 1101 768 1159 comprehensibilia
816 1101 908 1144 sint
955 1101 1120 1144 iudicia
1169 1100 1264 1144 eius
1304 1104 1349 1144 et
1392 1104 1614 1144 astrorum
1660 1101 1827 1144 ducatu

288 1192 292 1194 ⁷
354 1171 719 1230 peruestigabiles
748 1171 848 1213 uiae
878 1170 984 1221 eius,
1014 1170 1184 1227 tibique
1214 1170 1434 1214 uadabilis
1463 1170 1523 1213 sit
1561 1170 1826 1214 iudiciorum

355 1241 451 1284 eius
470 1241 658 1298 abyssus
678 1240 830 1283 multa.
891 1239 940 1283 Si
968 1240 1022 1283 de
1043 1255 1095 1283 ea
1114 1243 1278 1283 natura
1301 1240 1458 1283 niteris
1479 1254 1591 1297 quae
1615 1241 1663 1282 in
1683 1240 1826 1293 rebus,
1847 1258 1886 1293 15

355 1311 402 1354 id
442 1314 520 1361 est,
561 1309 784 1366 frequenti
824 1324 972 1352 rerum
1011 1323 1144 1352 cursu
1182 1313 1400 1361 uersatur,
1439 1309 1610 1353 frustra
1648 1309 1732 1352 tibi
1771 1309 1827 1352 de

355 1379 551 1423 siderum
582 1379 888 1422 familiaritate
915 1378 1142 1430 blandiris,
1169 1393 1269 1422 cum
1300 1393 1328 1421 a
1357 1378 1488 1422 solito
1517 1393 1665 1422 rerum
1694 1392 1828 1422 cursu

355 1449 499 1491 multa
528 1448 767 1499 diuertant,
799 1450 846 1491 et
874 1462 925 1491 eo
954 1447 1111 1490 maiori
1141 1447 1434 1491 admiratione
1469 1447 1635 1491 feriant
1674 1461 1828 1491 sensus

355 1515 598 1567 hominum,
619 1529 706 1571 quo
730 1529 819 1558 non
840 1514 970 1557 modo
998 1514 1174 1557 insueta
1193 1514 1270 1557 sed
1294 1514 1379 1571 ipsi
1400 1516 1587 1558 naturae
1614 1514 1828 1557 uidentur

313 1598 338 1628 c
357 1585 568 1637 aduersa;
602 1588 666 1635 ut,
695 1599 795 1628 cum
830 1584 934 1627 solis
969 1583 1169 1627 defectus
1200 1584 1445 1641 plenilunio
1479 1584 1711 1642 contingit,
1745 1585 1826 1627 aut
1846 1604 1890 1629 πο

354 1654 392 1697 si
422 1655 538 1698 circa
568 1654 772 1697 sinodum
805 1657 886 1697 aut
915 1654 1030 1697 circa
1059 1654 1352 1711 plenilunium
1382 1654 1455 1697 uel
1490 1653 1611 1697 ultra
1644 1653 1826 1697 luminis

353 1724 422 1767 sui
463 1724 571 1766 luna
609 1724 810 1780 patiatur
852 1723 1060 1781 eclipsim.
1141 1724 1229 1777 Qui
1270 1724 1388 1766 enim
1427 1723 1646 1767 sideribus
1685 1723 1828 1781 legem

355 1793 490 1843 dedit,
515 1793 591 1850 qui
612 1793 832 1836 curricula
858 1796 1107 1850 temporum
1134 1793 1382 1837 uoluntatis
1405 1808 1511 1836 suae
1532 1792 1659 1836 freno
1679 1792 1829 1836 mode-v

355 1866 493 1912 ratur,
529 1863 606 1919 qui
642 1877 790 1905 rerum
825 1866 1050 1905 momenta
1083 1863 1357 1920 temporibus
1394 1863 1486 1906 suis
1516 1861 1828 1912 accommodat,

355 1932 533 1989 quando
553 1932 654 1975 uult
674 1935 719 1975 et
739 1947 826 1989 quo
851 1932 980 1975 modo
1007 1932 1118 1983 uult,
1139 1947 1305 1975 nouum
1326 1935 1533 1990 stupente
1557 1934 1720 1975 natura
1746 1934 1827 1975 aut
1847 1945 1887 1981 25

354 2015 504 2044 rarum
535 2004 682 2059 potest
710 2001 949 2059 producere
980 2002 1183 2045 effectum
1204 2017 1260 2045 ex
1287 2002 1430 2045 causis
1453 2001 1827 2052 concurrentibus,

354 2086 467 2128 quae
497 2070 628 2114 aliter
662 2084 815 2127 parere
846 2074 1177 2114 consueuerant,
1252 2070 1363 2124 Quis
1398 2070 1515 2114 enim
1550 2069 1827 2114 consiliarius

355 2139 450 2183 eius
471 2139 571 2189 fuit,
593 2142 673 2182 aut
693 2139 810 2182 dicet
830 2139 881 2190 ei,
904 2138 997 2183 Cur
1018 2139 1082 2182 ita
1104 2139 1246 2183 facis?
1306 2139 1469 2196 Vtique
1491 2138 1708 2182 Dominus
1733 2142 1826 2191 est3

355 2208 473 2266 quod
506 2208 828 2266 beneplacitum
860 2211 927 2251 cst
957 2208 1003 2250 in
1034 2208 1171 2252 oculis
1201 2208 1293 2251 suis
1323 2207 1469 2252 faciet.
1534 2207 1827 2265 Dispositioni

356 2372 377 2399 2
403 2361 580 2410 prohibet
596 2372 679 2398 eam
698 2361 737 2398 M
909 2371 952 2398 ιο
975 2359 1133 2407 propria
1151 2359 1294 2397 uirtute
1311 2359 1398 2396 ΝΜ
1562 2369 1601 2407 15
1630 2359 1775 2397 abissus
1793 2359 1828 2396 A

357 2419 399 2455 17
426 2410 600 2457 syderum
618 2409 679 2446 CB
823 2418 870 2445 20
894 2408 1061 2456 contigit
1078 2407 1222 2445 C²BMS

449 2547 571 2582 omm'a
600 2548 697 2582 cto:
738 2544 794 2581 Pa.
826 2544 928 2582 cxiii.
961 2555 992 2591 3.
1186 2544 1209 2580 6
1234 2545 1273 2580 in
1300 2544 1436 2579 lumine
1461 2545 1558 2581 etc.:
1587 2543 1644 2581 Pa.
1663 2555 1770 2582 xxxv.
1791 2554 1823 2581 2.

354 2595 376 2631 8
402 2606 439 2630 m
458 2606 527 2640 quo
543 2596 638 2629 eto:
667 2592 744 2629 Col.
765 2592 802 2628 ii.
825 2603 856 2639 3.
968 2603 991 2639 9
1019 2593 1156 2628 nemim·
1172 2594 1241 2628 cte.
1260 2604 1267 2628 :
1296 2604 1326 2627 v.
1345 2590 1460 2637 Apoc.
1479 2603 1509 2627 v.
1535 2602 1666 2638 1seqq.
1784 2602 1823 2630 ιι

353 2643 584 2678 altitudinem
602 2642 699 2677 etc:
728 2652 757 2676 v.
780 2640 884 2676 Rom.
905 2639 953 2676 xi.
976 2650 1030 2685 33.
1226 2649 1267 2683 ¹4
1293 2640 1509 2675 iudiciorum
1527 2639 1673 2685 abyssus
1690 2640 1826 2676 multa:

354 2701 384 2725 v.
405 2689 461 2724 Ρη.
484 2700 588 2724 xxxv.
610 2697 642 2732 7.
734 2698 775 2725 21
796 2690 984 2725 sinodum:
1012 2699 1042 2722 v.
1060 2686 1170 2723 Mart.
1186 2686 1275 2732 Cap.
1293 2685 1367 2721 viii.
1386 2688 1465 2730 871.
1559 2698 1578 2723 2
1621 2688 1826 2724 curricula:

355 2749 385 2774 v.
409 2736 494 2772 laid.
515 2738 611 2781 Oria.
632 2747 661 2771 v.
679 2744 723 2789 35
746 2734 763 2782 ξ
788 2745 815 2772 1.
923 2744 966 2779 27
996 2736 1084 2779 Quis
1100 2735 1333 2770 consiliat-ius
1349 2735 1418 2770 etc.
1434 2733 1537 2788 ²...I⁸¹²'·
1557 2746 1579 2770 x
1598 2762 1605 2771 .
1628 2745 1680 2782 13.
1779 2735 1826 2772 28

353 2786 444 2821 dicet
463 2787 534 2820 etc.
553 2796 560 2820 :
586 2782 658 2820 Job
676 2795 724 2819 u.
749 2793 802 2821 12.
902 2783 1082 2819 Dominus
1098 2787 1146 2818 eet
1164 2783 1260 2819 eta:
1291 2792 1305 2820 ι
1327 2781 1415 2828 ch.
1437 2792 1488 2818 ni.
1512 2782 1564 2819 18.

468 2865 531 2899 ¹34
