1994 3190
173 183 271 218 cAP.
286 169 439 231 xxvn]
688 166 1128 213 POLICRATICVS
1658 166 1747 217 469
1766 173 1793 205 c

172 292 288 336 sicut
320 291 494 334 locutus
528 291 596 332 est
628 288 677 330 in
710 301 847 330 manu
875 301 986 338 mea,
1018 289 1064 329 et
1093 286 1264 330 scindet
1293 299 1479 343 regnum
1509 286 1639 327 tuum

171 360 227 404 de
255 373 391 402 manu
417 361 497 401 tua
526 360 572 400 et
599 356 726 399 dabit
751 356 863 398 illud
890 355 1093 412 proximo
1120 359 1200 398 tuo
1226 355 1388 405 Dauid,
1416 354 1521 411 quia
1549 367 1639 396 non
1655 353 1686 394 d

171 428 359 473 obedisti
391 427 489 470 uoci
523 426 704 469 Domini
743 439 885 482 neque
920 424 1066 467 fecisti
1102 424 1214 466 iram
1255 424 1420 466 furoris
1459 423 1553 466 eius
1592 422 1640 464 in

170 497 396 542 Amalech.
453 495 616 538 Iccirco
646 494 764 551 quod
794 491 972 551 pateris,
1000 492 1108 536 fecit
1138 492 1221 535 tibi
1252 493 1470 535 Dominus
1499 492 1642 542 hodie,

134 587 153 622 5
171 569 217 610 et
256 566 382 610 dabit
421 565 639 608 Dominus
671 563 806 607 etiam
840 566 987 606 tecum
1019 562 1158 605 Israel
1194 561 1241 604 in
1272 575 1409 603 manu
1445 561 1642 603 Philisti-

169 649 339 679 norum.
401 633 511 678 Cras
539 637 690 677 autem
719 636 771 676 tu
802 635 847 676 et
876 632 956 675 filii
987 631 1055 674 tui
1082 645 1252 674 mecum
1283 630 1419 672 eritis.
1478 630 1566 673 Sed
1597 633 1643 673 et

169 707 316 748 castra
336 703 475 747 Israel
499 703 648 746 tradet
671 702 889 746 Dominus
913 702 961 744 in
987 715 1123 744 manu
1146 699 1395 742 Philistiim.
1456 698 1642 741 Exitum

171 774 350 831 quidem
384 773 489 816 belli
521 772 713 815 fideliter
755 771 946 814 infidelis
985 769 1203 827 exposuit,
1237 768 1314 811 sed
1354 771 1504 811 tamen
1543 782 1642 810 uer-

172 843 330 887 borum
364 842 599 886 tendiculis
633 841 855 885 infidelem
891 844 936 884 et
972 839 1194 883 infelicem
1228 838 1423 880 animam
1458 836 1641 879 fraudu-

114 931 157 956 ιο
173 911 317 956 lenter
345 911 528 969 decepit.
587 910 823 954 Deuiantis
853 909 1070 966 siquidem
1101 908 1334 952 confirmat
1363 921 1568 956 errorem,
1598 909 1644 948 et

172 981 454 1039 impenitenti
483 984 584 1038 post
613 980 784 1024 exitum
814 980 1007 1037 quietem
1038 977 1321 1035 repromittit.
1381 975 1495 1020 Cum
1526 975 1644 1018 enim

172 1051 282 1096 dicit
301 1051 542 1094 Dominum
566 1051 854 1108 impleturum
881 1063 994 1106 quae
1021 1048 1194 1091 locutus
1214 1049 1282 1090 est
1303 1046 1349 1088 in
1370 1059 1506 1087 manu
1534 1059 1644 1096 mea,

171 1135 219 1164 se
257 1121 547 1178 proculdubio
586 1119 768 1164 simulat
798 1118 1061 1169 Samuelem,
1092 1131 1171 1174 per
1205 1130 1336 1173 quem
1367 1114 1507 1165 Sauli,
1531 1128 1644 1170 quae

171 1189 420 1243 denuntiat,
441 1189 614 1233 locutus
649 1192 717 1232 est
748 1188 981 1232 Dominus.
1057 1185 1171 1230 Cum
1204 1188 1354 1228 autem
1386 1183 1643 1241 subiungit:

114 1275 154 1311 ¹5
173 1258 284 1304 Cras
329 1262 382 1302 tu
428 1262 474 1302 et
512 1259 594 1301 filii
633 1258 702 1302 tui
742 1272 913 1301 mecum
953 1256 1078 1299 eritis
1091 1270 1101 1308 ;
1150 1269 1306 1298 uerum
1347 1253 1526 1310 quidem
1568 1253 1645 1295 sed

171 1328 481 1372 fraudulenter
501 1328 718 1372 enuntiat.
774 1327 885 1370 Erat
904 1326 1022 1370 enim
1043 1325 1114 1368 die
1134 1323 1337 1381 sequenti
1357 1323 1442 1366 sibi
1464 1337 1644 1365 manum
1662 1329 1746 1369 470
1767 1329 1798 1358 a

173 1412 231 1442 ex
259 1398 566 1456 desperatione
594 1397 780 1442 iniciens
809 1396 866 1439 ad
901 1395 1068 1438 inferos
1097 1394 1381 1442 transiturus,
1411 1392 1648 1434 habiturus

172 1470 345 1525 partem
378 1482 479 1511 cum
513 1481 576 1519 eo,
606 1481 737 1524 quem
771 1465 965 1509 auaritia
1000 1464 1122 1507 fastu
1156 1462 1455 1506 obstinatione
1486 1462 1648 1504 mentis

173 1536 323 1580 fuerat
371 1537 607 1580 insecutus.
688 1535 776 1579 Sed
827 1535 941 1578 falso
985 1533 1226 1583 blanditur,
1269 1532 1475 1589 ingerens
1524 1546 1647 1588 spem

113 1623 157 1649 ,ο
175 1606 348 1664 quietis,
378 1606 485 1649 dum
521 1621 567 1649 se
601 1608 731 1663 gestu
764 1608 810 1648 et
843 1604 992 1648 uerbis
1026 1603 1244 1646 mentitur
1277 1601 1540 1651 Samuelem,
1574 1601 1646 1644 cui

173 1678 343 1720 certum
373 1678 441 1719 est
469 1675 675 1719 collatam
705 1690 798 1718 esse
828 1674 876 1717 in
903 1674 1051 1731 quiete
1077 1673 1226 1716 sedem
1254 1687 1282 1714 a
1308 1671 1499 1714 Domino
1529 1671 1648 1713 inter

173 1759 246 1789 eos
281 1745 357 1802 qui
388 1745 599 1788 inuocant
627 1759 788 1788 nomen
818 1744 923 1787 eius.
985 1743 1102 1796 Quid
1134 1756 1238 1800 ergo
1269 1741 1395 1784 Sauli
1428 1739 1648 1783 Samuelis

172 1815 242 1858 sui
262 1814 334 1858 uel
360 1815 510 1872 potius
539 1814 738 1872 phitonis
762 1813 968 1871 profuere
996 1812 1239 1870 responsa?
1297 1810 1510 1853 Potuerat
1531 1808 1647 1851 forte

172 1898 262 1927 non
301 1885 604 1942 praemonitus
643 1898 820 1941 sperare
854 1882 1048 1932 meliora,
1079 1884 1125 1924 et
1164 1880 1321 1924 saltem
1356 1879 1463 1922 dum
1503 1878 1648 1921 alieno

115 1970 156 2006 ²5
173 1952 485 1997 confoderetur
532 1953 682 2011 gladio
731 1955 974 2010 expectare.
1055 1950 1235 1994 Oraculi
1289 1964 1396 1992 uero
1445 1948 1648 1990 uanitate

173 2023 436 2066 certioratus
462 2023 612 2080 gladio
637 2036 718 2066 suo
744 2021 959 2070 incubuit,
980 2022 1026 2063 et
1053 2020 1100 2062 in
1125 2019 1337 2062 extremis
1364 2032 1513 2075 agens,
1540 2017 1647 2059 dum

172 2092 376 2150 propriae
405 2092 572 2150 gloriae
602 2091 870 2141 consulebat,
901 2090 977 2147 qui
1013 2089 1176 2132 fortius
1210 2089 1322 2131 mori
1353 2087 1571 2145 potuisset
1601 2087 1647 2128 in

172 2162 351 2218 praelio,
371 2177 526 2205 auram
556 2161 792 2205 uerborum
822 2159 1067 2218 pertimuit,
1092 2162 1138 2202 et
1167 2157 1332 2200 infirmi
1363 2160 1409 2199 et
1435 2156 1647 2214 prostrati

175 2230 313 2273 animi
342 2231 525 2274 consilio
550 2230 745 2288 corporis
775 2232 821 2273 et
849 2230 1023 2272 animae
1053 2231 1241 2271 mortem
1272 2226 1444 2270 asciuit.
1504 2225 1645 2268 Glori-
1665 2224 1694 2262 b

116 2320 160 2353 30
177 2302 309 2342 entur
345 2303 500 2357 gentes
539 2301 587 2343 in
626 2299 892 2347 fortitudine
932 2313 1025 2352 sua,
1057 2300 1258 2341 auctores
1298 2310 1450 2339 earum
1485 2295 1651 2346 dicant,

175 2369 477 2426 unusquisque
528 2369 645 2426 quod
692 2368 841 2418 sentit,
881 2367 988 2410 dum
1037 2367 1221 2410 heroum
1267 2379 1448 2408 suorum
1492 2363 1649 2407 titulos

175 2437 444 2494 praedicant,
482 2438 589 2480 dum
628 2451 891 2495 magnorum
930 2437 1130 2480 uirorum
1170 2434 1483 2478 fortitudinem
1523 2447 1647 2490 prae-

176 2508 418 2557 conantur;
462 2506 589 2550 bibat
621 2507 711 2550 illis
743 2506 998 2549 auctoribus
1028 2504 1142 2549 Cato
1176 2518 1410 2553 uenenum,
1441 2502 1648 2544 Vulteius

177 2574 358 2617 dextras
385 2577 430 2617 et
458 2578 628 2618 mentes
647 2575 863 2618 sociorum
883 2578 1026 2618 armet
1045 2574 1103 2616 ad
1123 2572 1423 2616 uoluntariam
1448 2575 1649 2620 mortem,

120 2665 160 2698 35
177 2657 257 2700 per
275 2643 494 2685 mamillas
513 2643 570 2686 ad
588 2658 662 2687 cor
680 2658 902 2687 uenenum
922 2643 1126 2701 aspidum
1146 2641 1392 2684 insanabile
1413 2639 1650 2696 Cleopatra

226 2772 283 2805 21,
303 2773 347 2798 22
372 2764 470 2797 inter
483 2774 539 2799 eos
555 2764 646 2800 etc.:
673 2762 730 2798 Pe.
747 2762 870 2799 xcviii.
888 2763 922 2798 6.
1032 2772 1079 2806 24
1103 2763 1191 2796 dum
1207 2762 1326 2796 alieno
1343 2762 1438 2796 etc.:
1465 2771 1497 2795 v.
1521 2770 1535 2796 1
1558 2759 1647 2806 Reg.

178 2809 291 2856 xxxi3
318 2821 339 2846 2
356 2809 448 2856 Reg.
465 2809 489 2845 i.
633 2819 677 2856 33
707 2811 890 2846 Vulteius:
915 2821 947 2845 v.
966 2808 1055 2846 Luc.
1071 2810 1202 2845 Phara
1219 2807 1268 2844 iv.
1288 2816 1357 2854 540
1367 2819 1468 2852 seqq.

1474 2886 1538 2921 ¹57
