1994 3190
246 169 325 210 455
342 170 373 199 a
719 157 983 202 IOANNIS
1024 134 1539 202 SARESBER-IENSIS
1689 156 1799 217 [mn.
1815 170 1872 203 11*

389 281 468 330 est,
484 294 615 336 quem
630 278 900 336 impossibile
917 281 984 322 est
999 293 1027 321 a
1047 293 1323 335 quacumque
1343 281 1553 336 corrupta
1572 279 1857 336 apprehendi.

388 347 518 400 Quod
564 350 715 391 autem
757 347 966 405 possibile
1012 347 1188 401 dicitur,
1231 347 1456 391 interdum
1496 348 1555 390 ad
1594 347 1859 391 facilitatem

388 431 502 473 quae
534 416 723 474 singulis
751 417 868 460 inest
901 417 975 459 uel
1007 431 1063 459 ex
1098 416 1305 460 fortunae
1341 416 1508 460 calculo
1543 417 1616 460 uel
1651 431 1708 460 ex
1742 417 1858 474 apti-

387 485 545 528 tudine
574 485 876 542 dispositionis
910 484 1117 538 refertur‚
1147 485 1411 542 quandoque
1445 485 1503 528 ad
1537 485 1679 542 ipsam
1709 501 1860 529 rerum

387 558 596 601 naturam
635 554 827 612 respicit,
858 569 976 597 nunc
1010 554 1067 597 ad
1102 554 1274 597 fontem
1314 554 1512 596 omnium
1552 554 1753 597 diuinam
1793 570 1859 598 re·
1878 575 1897 608 5

387 623 584 667 flectitur
611 624 900 674 maiestatem,
931 638 959 666 a
993 638 1082 680 qua
1112 623 1255 666 omnis
1286 638 1375 666 non
1407 623 1538 666 modo
1571 637 1861 679 personarum

388 696 648 750 potentatus
682 693 759 736 sed
794 707 942 735 rerum
976 691 1185 743 omnium,
1225 706 1339 748 quae
1377 691 1521 734 uideri
1561 691 1634 734 uel
1673 692 1861 749 cogitari

389 765 588 819 possunt,
636 765 834 820 potestas
882 765 961 805 est.
1045 761 1164 805 Hinc
1213 761 1324 803 illud
1374 761 1645 804 Salomonis:
1706 761 1863 805 Omnis

389 835 587 888 potestas
626 847 654 875 a
692 832 884 875 Domino
923 831 1019 874 Deo
1058 833 1137 874 est.
1206 830 1435 873 Aduersus
1475 831 1590 873 hanc
1629 830 1754 874 nulla
1792 845 1864 874 me

341 903 371 941 b
391 915 603 957 umquam
623 900 899 944 contumacia
920 900 1099 957 erigam,
1120 902 1268 942 certus
1288 899 1393 955 quia
1420 899 1518 956 ipsa
1537 899 1631 942 sola
1651 903 1729 951 est,
1750 915 1863 958 quae
1884 919 1925 944 10

390 974 540 1027 potest
558 970 752 1013 animam
774 973 819 1013 et
839 984 998 1027 corpus
1018 969 1196 1012 mittere
1216 968 1264 1011 in
1283 969 1543 1026 gehennam.

759 1119 864 1178 Cap.
889 1134 954 1177 23.
995 1118 1187 1163 obiectio
1215 1118 1322 1162 'novi
1351 1119 1501 1163 Stoici.

451 1222 609 1265 Restat
642 1222 725 1265 tibi
764 1222 884 1264 illius
900 1274 903 1275 ⁷
920 1221 1058 1264 Stoici
1098 1220 1166 1263 tui
1202 1220 1412 1277 quaestio,
1447 1235 1578 1278 quem
1617 1221 1665 1264 in
1699 1221 1866 1279 Apulia

391 1291 561 1334 diutius
610 1294 858 1334 morantem
906 1290 1013 1342 uidi,
1051 1293 1105 1333 ut
1153 1293 1254 1347 post
1301 1289 1466 1333 multas
1504 1290 1693 1348 uigilias,
1732 1291 1866 1350 longa

391 1362 568 1413 ieiunia,
607 1362 780 1405 labores
828 1362 1043 1419 plurimos
1092 1363 1138 1404 et
1186 1360 1379 1413 sudores,
1419 1363 1546 1404 tanto
1584 1360 1776 1405 infelicis
1818 1365 1865 1406 et
1885 1380 1924 1415 15

392 1432 566 1475 inutilis
596 1431 719 1475 exilii
750 1434 922 1488 questu,
951 1430 999 1473 in
1030 1429 1198 1474 Gallias
1219 1428 1397 1487 Virgilii
1425 1444 1524 1473 ossa
1550 1430 1699 1487 potius
1729 1445 1864 1488 quam

393 1516 570 1545 sensum
611 1504 869 1559 reportaret.
945 1499 1198 1554 Quaerebat
1236 1502 1282 1543 et
1321 1499 1439 1543 enim
1475 1499 1739 1545 Ludowicus
1778 1501 1866 1555 ille,

393 1586 451 1614 an
480 1586 629 1628 posses
659 1571 828 1628 aliquid
859 1570 1004 1614 facere
1033 1584 1184 1614 eorum
1219 1583 1331 1627 quae
1365 1569 1547 1613 minime
1577 1569 1779 1615 facturus
1809 1586 1866 1615 es.

394 1641 524 1694 Quod
543 1656 643 1684 eum
665 1641 927 1692 admisisses,
947 1639 1069 1683 mille
1088 1639 1172 1683 tibi
1200 1653 1356 1683 aureos
1379 1639 1592 1683 offerebat
1619 1640 1725 1683 dum
1752 1640 1866 1684 illud

394 1710 596 1754 efficeres.
675 1710 796 1764 Quos
835 1710 872 1754 si
913 1709 1030 1753 forte
1069 1723 1308 1767 respueres,
1349 1723 1423 1752 eos
1461 1709 1545 1752 tibi
1586 1710 1866 1767 quantalibet
1884 1727 1928 1752 πο

394 1794 569 1823 summa
584 1779 870 1837 multiplicari
891 1779 1085 1830 iubebat,
1100 1781 1153 1822 ut
1173 1778 1292 1836 quod
1311 1777 1471 1821 leuiter
1490 1779 1586 1821 fieri
1607 1783 1755 1836 potest
1775 1780 1866 1824 effi-

394 1849 495 1892 cias.
555 1848 752 1892 Tandem
776 1849 1025 1906 impudenti
1050 1851 1096 1892 et
1118 1847 1341 1905 impudico
1365 1847 1622 1891 soluebatur
1640 1849 1868 1904 cachinno,

351 1934 376 1964 c
395 1919 488 1962 uim
528 1918 849 1962 coniunctionis
887 1917 1190 1975 oppositorum
1230 1931 1319 1960 non
1354 1916 1607 1975 intelligens
1647 1922 1727 1962 aut
1765 1934 1867 1963 con-

395 1992 639 2046 tempnenS,
666 1991 713 2031 et
741 1990 786 2031 te
817 1987 1053 2031 ridiculum
1081 1986 1390 2030 assistentibus
1420 1986 1563 2045 digito
1593 1988 1866 2041 ostendebat,

395 2058 471 2115 qui
505 2058 647 2115 gratis
679 2060 852 2101 tantam
888 2057 1119 2115 pecuniam
1149 2056 1494 2113 contempsisses.
1575 2055 1788 2116 Congeris
1818 2059 1866 2102 in
1886 2072 1926 2106 25

395 2127 514 2171 hunc
560 2127 740 2170 modum
790 2126 1127 2184 quamplurima.
1212 2125 1316 2168 Non
1362 2128 1512 2169 tamen
1559 2127 1628 2170 his
1674 2128 1868 2172 stimulis

396 2210 567 2254 urgeor,
607 2199 661 2239 ut
699 2196 848 2239 omnia
887 2195 1133 2255 necessaria
1171 2194 1345 2238 credam
1386 2195 1492 2251 quia
1534 2195 1748 2248 sciuntur,
1788 2200 1869 2242 aut

396 2265 533 2309 nichil
549 2265 902 2323 contingentium
923 2264 1024 2308 sciri
1052 2263 1158 2321 quia
1178 2263 1424 2307 necessaria
1443 2278 1532 2307 non
1552 2268 1671 2308 sunt.
1733 2266 1869 2311 Plane

395 2405 418 2439 4
445 2394 492 2430 ad
509 2406 576 2430 om.
594 2393 655 2430 CB
756 2402 796 2430 12
815 2391 988 2430 Abiectio
1006 2393 1038 2429 A
1082 2394 1130 2428 In
1146 2393 1269 2429 tabula
1287 2394 1528 2439 capitulorum
1544 2395 1616 2430 cod.
1637 2395 1680 2430 Β.
1698 2398 1870 2441 praefixa

396 2443 490 2478 abest
516 2443 636 2477 littera
669 2442 826 2477 initialis
853 2452 989 2476 necnon
1015 2452 1187 2476 numerus
1210 2442 1319 2476 xxiii.
1346 2439 1391 2475 S'
1414 2441 1499 2476 huic
1522 2453 1598 2487 cap
1625 2443 1871 2490 subsequentis

397 2495 422 2524 t
422 2490 544 2524 tulum
557 2490 744 2534 praefixit.
846 2498 886 2534 13
913 2487 1040 2535 Stoyci
1057 2488 1090 2524 A
1186 2498 1230 2534 23
1256 2486 1513 2524 coniuntionis
1530 2488 1555 2524 S

445 2609 466 2643 8
491 2607 713 2643 Salomonis:
741 2604 889 2642 videtur
906 2603 1041 2642 Noster
1057 2605 1103 2641 ad
1124 2604 1210 2652 Sap.
1222 2604 1267 2641 vi.
1283 2616 1305 2651 4
1321 2604 1529 2660 respicer03
1554 2606 1601 2644 cf.
1616 2606 1720 2644 Rom.
1737 2607 1816 2645 xiii.
1836 2618 1866 2646 1.

400 2663 454 2695 ιο.
476 2663 512 2690 11
542 2666 631 2699 quae
643 2655 869 2699 potentem:
899 2664 929 2689 v.
952 2652 1060 2689 Mutt.
1081 2663 1113 2688 x.
1135 2655 1193 2695 28
1213 2653 1298 2689 Luc.
1318 2652 1381 2689 xii.
1406 2663 1435 2699 5.
1565 2665 1606 2701 ¹3
1631 2656 1756 2692 Restat
1773 2658 1868 2693 ete:

398 2712 515 2747 unque
538 2701 584 2737 ml
602 2703 774 2747 sactum
799 2713 834 2737 re
858 2700 954 2736 citat
979 2702 1019 2736 et
1044 2700 1145 2737 notin
1170 2699 1340 2737 illustrat
1366 2700 1474 2737 Pauli
1499 2702 1596 2737 Mon.
1625 2702 1742 2739 Germ.
1770 2704 1869 2741 Hm.

398 2748 510 2784 xxvii.
531 2760 565 2794 p.
586 2758 643 2794 43.
813 2756 851 2792 17
880 2749 1113 2783 Ludowicua:
1140 2760 1171 2783 v.
1200 2747 1518 2803 Schaarschmidt.
1546 2750 1727 2787 lohannes
1750 2751 1870 2788 Sarca-

398 2797 567 2833 berienm'n
586 2807 620 2843 p
640 2798 696 2842 98,
715 2807 751 2832 n.
770 2806 817 2839 ας
842 2794 1076 2842 Comparetti
1101 2796 1200 2842 Ver-9.
1220 2797 1279 2832 nel
1296 2798 1410 2833 medio
1428 2795 1542 2834 evoii.
1561 2807 1594 2843 3.

511 2876 571 2910 ¹3²
