1994 3190
169 182 268 216 οΑΡ.
283 169 365 231 111]
679 168 1119 214 POLICRATICVS
1651 175 1731 216 542
1749 164 1780 205 d

168 289 362 341 futurus,
394 291 447 333 ut
478 289 694 346 scriptum
729 293 807 339 est,
837 289 987 332 omnia
1020 289 1069 331 in
1100 289 1305 332 omnibus
1340 289 1503 333 electis.
1565 288 1636 340 Et,
1653 288 1682 328 d

167 359 283 403 sicut
318 361 482 401 natura
520 357 649 415 ignis,
683 358 917 401 collatione
951 360 1102 400 tamen
1137 357 1314 414 dispari,
1347 358 1557 414 quoniam
1596 358 1638 401 ei

167 428 305 472 nichil
336 430 484 485 potest
513 427 717 484 pariliter
747 427 1006 484 comparari,
1032 441 1060 469 a
1091 426 1181 470 sole
1209 427 1407 470 diuersos
1436 442 1518 485 pro
1543 442 1637 471 cor-

168 511 326 555 porum
366 496 628 539 diuersitate
677 496 884 553 producit
930 496 1122 546 effectus,
1163 496 1225 538 sic
1274 496 1352 539 illa
1391 496 1445 552 (si
1485 500 1637 540 tamen

129 580 149 615 5
169 580 332 623 magna
370 564 578 608 maximis
617 564 818 608 conferre
857 565 1005 618 liceat)
1045 564 1093 607 in
1132 565 1287 607 multis
1332 566 1639 622 multipliciter

167 635 296 678 lucet.
356 634 523 678 Solaris
550 634 769 691 siquidem
791 633 953 684 radius,
973 634 1011 677 si
1039 633 1156 677 forte
1182 633 1350 676 incidat
1378 634 1424 675 in
1452 635 1638 677 carbun-

167 704 327 755 culum,
363 704 593 761 egrediens
632 706 713 746 aut
752 703 1042 747 reuerberans
1081 702 1244 746 rutilus
1291 702 1487 746 uicinum
1528 703 1638 748 facit

126 779 127 782 ’
167 788 314 818 aerem
343 773 541 816 rutilare.
602 772 729 816 Idem
759 773 877 830 ignis
907 773 954 815 in
994 772 1229 829 smaragdo
1268 772 1460 822 uirescit,
1491 773 1637 815 firma-

170 846 320 886 mento
354 842 523 900 puriori
558 842 606 884 in
642 842 821 900 saphiro
855 841 1169 886 conformatur.
1245 841 1431 885 lacincti
1464 856 1638 898 quoque

111 924 154 950 ιο
170 912 396 970 speciebus
436 911 623 955 efficitur
661 911 871 955 concolor.
931 911 988 954 In
1027 911 1214 969 topazio,
1254 911 1330 968 qui
1371 925 1458 968 quo
1498 911 1640 954 rarior

170 997 222 1026 eo
242 981 476 1039 pretiosior
495 984 574 1034 est,
594 981 793 1025 omnium
815 981 907 1024 fere
927 981 1070 1025 colore
1097 981 1308 1038 superbit.
1369 981 1418 1024 Si
1445 982 1485 1024 ei
1510 981 1639 1024 Yrim

169 1051 344 1102 obicias,
379 1051 745 1094 Thaumantiadis
780 1050 1131 1108 repraesentabit
1164 1050 1417 1108 imaginem.
1483 1051 1639 1108 Aquae

169 1121 441 1178 superiectus
475 1119 618 1163 undat
652 1120 698 1162 in
734 1120 932 1164 lacunari
977 1119 1053 1163 sed
1089 1123 1134 1163 et
1166 1120 1316 1177 ignem
1351 1120 1555 1163 celestem
1590 1121 1639 1163 in

169 1189 397 1248 subposita
436 1189 587 1233 traicit
627 1204 706 1246 per
744 1190 962 1233 berillum.
1043 1189 1179 1233 Vides
1217 1190 1358 1247 igitur
1397 1189 1444 1232 in
1484 1190 1639 1233 multis

111 1275 151 1310 1⁵
170 1274 303 1318 quam
324 1258 466 1302 multa
485 1259 545 1302 sit
570 1259 698 1316 ignis.
757 1259 830 1302 Sic
857 1259 904 1302 in
932 1259 1031 1302 aliis
1058 1262 1126 1303 est
1149 1258 1401 1317 prudentia,
1421 1258 1640 1304 fortitudo
1657 1265 1737 1306 543
1757 1267 1786 1295 a

170 1328 217 1371 in
247 1328 358 1379 aliis,
384 1328 679 1386 temperantia
708 1328 755 1371 in
785 1328 1061 1385 quibusdam,
1081 1328 1128 1370 in
1148 1328 1423 1385 'quibusdam
1454 1328 1640 1381 iustitia,

170 1397 218 1440 in
242 1397 467 1440 nonnullis
488 1396 609 1447 fides,
629 1397 944 1454 longanimitas
965 1397 1058 1454 spei
1087 1397 1134 1439 in
1159 1396 1283 1449 aliis3
1313 1397 1360 1439 in
1390 1397 1461 1440 his
1489 1396 1641 1440 feruor

171 1469 238 1511 est
257 1465 467 1515 caritatis,
490 1466 561 1510 hic
581 1466 799 1523 patientia
819 1466 1033 1518 laborum,
1053 1466 1144 1510 illic
1164 1465 1365 1509 dolorum
1385 1465 1639 1517 consolatio,

171 1535 278 1579 alibi
308 1534 637 1592 perseuerantia
666 1534 882 1578 bonorum
912 1548 1119 1592 operum3
1150 1549 1262 1591 quae
1292 1538 1442 1578 tamen
1463 1535 1640 1593 singula

0 1601 7 1646 ,ἰ
113 1619 156 1645 ιο
173 1604 219 1647 in
240 1603 427 1661 singulis
447 1606 514 1646 est
543 1618 659 1647 unus
689 1606 734 1647 et
765 1603 881 1646 idem
912 1604 1044 1647 Deus.
1103 1604 1167 1646 At
1197 1603 1244 1646 in
1275 1603 1441 1655 futuro,
1462 1604 1640 1661 quando

172 1672 429 1716 immediata
462 1671 574 1715 facie
613 1686 692 1729 per
722 1673 914 1730 gratiam
947 1673 1040 1715 eius
1080 1672 1330 1715 uidebimus
1369 1687 1470 1716 eum
1509 1674 1641 1717 sicuti

172 1745 251 1794 est,
270 1742 419 1785 omnia
447 1742 495 1784 in
525 1742 729 1785 omnibus
759 1742 855 1793 erit,
883 1742 1060 1799 quando
1089 1742 1201 1784 nulli
1230 1741 1288 1784 ad
1321 1742 1641 1786 beatitudinem

172 1811 358 1855 alicuius
390 1812 574 1856 uirtutis
609 1812 860 1855 substantia
900 1811 1053 1862 deerit,
1085 1826 1185 1854 cum
1220 1811 1313 1868 ipse
1348 1812 1396 1854 in
1436 1813 1641 1856 omnibus

174 1879 355 1924 futurus
394 1880 454 1924 sit
492 1880 723 1938 plenitudo
762 1880 946 1923 uirtutis
986 1884 1032 1924 et
1080 1880 1284 1924 cumulus
1323 1880 1638 1934 beatitudinis3

115 1964 156 1999 ²5
175 1950 284 1994 adeo
305 1950 481 2008 quidem
501 1953 554 1993 ut
578 1950 707 1993 iuxta
731 1950 1017 1993 traditionem
1043 1952 1223 2008 patrum
1247 1952 1376 1994 tanta
1396 1951 1642 1995 maiestatis

0 1023 20 1140 :ge-,ew
1 996 17 1015 ε
14 947 19 955 .
15 865 18 882 ν

7 1475 13 1506 -0
8 1413 14 1428 -
0 1384 13 1407 ’,ε
0 1365 3 1374 ’
2 1336 9 1357 -r
0 1263 13 1328 sac-⁴
0 1150 19 1256 '‘z-«175,

8 2099 11 2107 ·
8 2043 18 2067 κ
7 2003 23 2014 z
2 1806 26 1990 :tw-fraeaerfss'
2 1764 10 1790 -⁷
6 1734 17 1748 τ
2 1675 3 1678 ⁴
3 1581 6 1597 ”

174 2072 196 2107 9
221 2062 382 2110 saphyro
400 2061 440 2098 Μ
555 2072 598 2098 ιο
622 2060 768 2108 topatio
788 2061 828 2098 M
943 2072 984 2098 12
1008 2060 1286 2115 thaumantiadis
1304 2061 1343 2097 M
1423 2062 1641 2118 ymaginem

173 2109 262 2194 &RS
386 2109 656 2202 liffiliigtgm
645 2121 773 2157 ignem
790 2109 823 2145 A
1004 2119 1047 2154 14
1072 2111 1267 2156 suppomta
1283 2109 1358 2145 AM
1483 2111 1642 2149 trahicit

227 2264 240 2290 1
269 2256 391 2290 omm‘a
407 2255 448 2289 δη
464 2254 650 2290 omnibus:
680 2263 694 2290 1
715 2252 796 2290 Cor.
815 2265 872 2289 xv.
891 2254 948 2289 28.
1092 2262 1113 2289 2
1139 2254 1193 2290 ei:
1218 2264 1267 2290 sc.
1287 2252 1378 2291 Deo.
1506 2266 1528 2300 4
1553 2257 1641 2293 illa·

177 2312 227 2338 se.
254 2303 391 2338 natura
420 2299 501 2337 Dei.
647 2302 678 2343 8,
706 2312 728 2347 9
753 2303 985 2346 firmamento
1014 2301 1112 2337 ete:
1148 2313 1180 2336 v.
1210 2300 1327 2338 Exod.
1358 2301 1456 2338 xxiv.
1489 2313 1552 2345 10:
1590 2304 1639 2340 cf.

177 2347 348 2385 Marbod.
383 2349 425 2384 de
460 2349 618 2385 Gemmis
651 2347 669 2396 §
708 2358 725 2395 5
760 2348 909 2395 (Migne
943 2349 986 2384 Ρ.
1004 2349 1049 2384 L.
1081 2328 1192 2384 clxxi.
1231 2349 1334 2395 1743)
1369 2349 1416 2385 de
1450 2350 1642 2396 sapphiro,

174 2406 334 2442 puroque
350 2397 536 2432 simillima
559 2397 665 2432 caelo.
784 2406 882 2441 9,10
904 2397 1058 2432 lacincti
1073 2396 1271 2442 speciebus:
1297 2396 1346 2432 cf.
1366 2396 1534 2434 Marbod.
1557 2398 1574 2444 ξ
1598 2410 1641 2444 14

177 2443 315 2478 Ιασδηῖδ
329 2445 460 2487 species
475 2445 568 2480 docti
583 2449 654 2479 tres
668 2455 740 2479 esse
764 2445 981 2490 loquuntur;
1004 2445 1102 2479 Nam
1120 2448 1206 2479 sunt
1224 2447 1384 2488 ,qv-anati,
1400 2450 1486 2480 eunt
1505 2447 1643 2491 citrini,

179 2491 373 2536 nanctique.
561 2500 605 2526 10
627 2491 676 2526 In
691 2494 832 2536 topazio
849 2493 942 2527 etc.:
966 2491 1015 2527 cf.
1031 2490 1121 2528 Bed.
1138 2493 1178 2526 in
1193 2492 1305 2537 Apoc.
1326 2494 1404 2526 xxi.
1425 2503 1472 2528 20
1497 2493 1644 2540 (Migne

179 2538 220 2572 Ρ
254 2538 296 2572 L.
330 2535 431 2572 xciii.
464 2536 550 2581 200)
581 2538 761 2584 Topazius
791 2540 886 2584 lapis
917 2544 1092 2584 quantum
1123 2540 1332 2574 {mentiente
1359 2551 1468 2575 rarus
1499 2545 1644 2576 tantum

179 2586 350 2619 mercium
365 2585 562 2630 quantitate
577 2587 758 2632 pretiosus
772 2591 842 2627 est;
868 2585 1035 2622 Marbod.
1055 2585 1072 2632 ξ
1097 2596 1138 2631 13
1157 2587 1228 2630 Qui
1251 2592 1384 2632 quanto
1405 2599 1526 2630 rarus,
1543 2593 1643 2624 tanto

180 2633 297 2675 νῆα-οδε
312 2635 362 2666 est
372 2633 561 2676 pretiosus.
706 2643 743 2668 11
777 2634 879 2669 Yrim
895 2634 968 2670 etc.
985 2646 993 2668 t
1018 2645 1050 2668 v.
1070 2632 1166 2668 Plin.
1179 2634 1277 2669 Ηδεῖ.
1294 2635 1380 2669 Ναῖ.
1399 2634 1540 2671 xxxvii.
1555 2636 1643 2680 1365

182 2677 297 2714 Solin.
352 2676 419 2724 3§
450 2687 516 2720 20,
554 2677 640 2714 Isid.
670 2680 767 2724 Oriy.
792 2680 864 2716 xvi.
896 2691 936 2726 13
964 2679 982 2726 ξ
1010 2681 1033 2717 6
1059 2680 1206 2726 (Migne
1230 2682 1272 2716 P.
1299 2682 1342 2717 L.
1367 2681 1499 2718 lxxxii.
1533 2683 1642 2728 5;78)

183 2687 352 2760 Marb0d3.
352 2688 468 2770 3·§47
636 2735 677 2771 13
702 2729 763 2762 sed
779 2732 811 2762 et
826 2729 943 2772 iynem
959 2729 1053 2764 etc.:
1079 2728 1128 2764 cf.
1147 2727 1240 2764 Bed.
1258 2727 1330 2764 loc.
1350 2728 1414 2764 cit
1434 2729 1480 2764 de
1496 2692 1643 2774 berillo,

182 2773 336 2807 tenentis
351 2783 499 2807 manum
515 2773 667 2809 adurere
681 2774 839 2818 <licitum
866 2774 1036 2811 Marbod.
1051 2774 1069 2821 ξ
1086 2785 1127 2812 12
1143 2775 1292 2811 Dicitur
1301 2781 1333 2811 et
1348 2787 1420 2811 sese
1434 2778 1645 2821 stringentis

184 2820 336 2856 adurere
352 2820 528 2855 dextram.
671 2830 726 2864 21,
746 2830 790 2856 22
814 2822 1013 2858 uidebimus
1028 2834 1109 2858 eum
1125 2824 1233 2859 sicuti
1248 2827 1321 2859 est.
1350 2833 1364 2860 1
1386 2823 1518 2860 Ioann.
1534 2823 1588 2860 iii.
1607 2834 1639 2860 2.

1469 2880 1532 2921 287
