1994 3190
227 186 313 236 489
333 195 358 226 c
707 178 968 223 IOANNIS
999 177 1511 223 SARESBERIENSIS
1654 180 1765 236 [mn.
1779 191 1841 223 111

375 298 430 341 de
460 298 586 356 regni
615 298 806 342 culmine
835 299 882 341 in
912 299 1120 343 cathenae
1149 299 1330 343 hostiles
1363 300 1523 357 proicit
1554 302 1599 343 et
1633 298 1842 343 seruituti

329 373 358 412 d
376 368 602 411 addictum
629 368 677 410 in
705 369 904 412 miserias
928 372 1149 412 extremas
1178 370 1455 427 praecipitat,
1480 373 1560 412 aut
1587 370 1720 426 (quod
1752 369 1839 412 fre.-

375 451 515 493 quens
530 437 615 495 est)
630 452 718 480 non
733 438 864 481 modo
879 441 1174 496 tyrannorum
1195 439 1270 481 sed
1291 442 1336 482 et
1354 439 1604 496 principum
1624 438 1840 496 sanguine

373 507 627 549 infimorum
658 508 887 550 hominum
920 511 1000 551 aut·
1034 508 1168 550 etiam
1204 508 1362 551 uilium
1392 523 1620 551 seruorum
1650 508 1840 551 infames

372 578 579 619 cruentat
606 576 808 633 gladios?
1855 588 1876 624 5

490 661 541 704 Si
570 661 753 705 fortuna
782 662 904 705 uolet
933 662 1127 719 (inquit),
1157 664 1235 706 fiet
1264 663 1319 706 de
1348 663 1524 706 rethore
1554 662 1732 715 consul;

488 720 527 762 si
556 720 677 763 uolet
706 721 813 764 haec
843 720 1007 771 eadem,
1037 722 1114 764 fiet
1144 721 1198 764 de
1228 721 1404 764 consule
1434 722 1596 764 rethor.

373 805 429 848 In
456 820 594 862 eoque
621 806 717 849 uita
742 806 972 849 hominum
999 806 1226 863 tragediae
1250 821 1383 863 quam
1410 806 1631 850 comediae
1660 806 1840 850 uidetur

373 889 466 918 esse
504 875 702 927 similior,
738 875 855 932 quod
890 876 1087 918 omnium
1128 875 1222 918 fere
1256 876 1399 919 tristis
1440 878 1507 919 est
1542 876 1700 926 exitus,
1732 876 1840 919 dum

372 944 522 987 omnia
544 944 700 987 mundi
727 945 873 988 dulcia
902 948 1257 1002 quantacumque
1284 944 1455 988 fuerint
1483 947 1772 996 amarescunt,
1794 947 1840 988 et
1857 961 1900 987 10

371 1016 573 1056 extrema
591 1014 743 1071 gaudii
768 1014 914 1057 luctus
943 1017 1140 1071 occupat.
1201 1014 1539 1067 Quantumlibet
1568 1014 1615 1056 in
1639 1014 1726 1057 uiis
1747 1014 1840 1058 suis

371 1082 515 1139 iniqui
539 1083 727 1126 floreant
753 1087 798 1126 et
822 1098 1131 1140 prosperorum
1161 1098 1375 1127 concursu
1399 1084 1673 1135 inaurentur,
1694 1084 1757 1127 eis
1781 1083 1839 1127 ad

370 1155 531 1195 nutum
552 1152 735 1196 fortuna
759 1153 937 1206 seruiat,
958 1153 1188 1197 subuertet
1215 1154 1262 1196 in
1290 1155 1378 1196 fine
1403 1168 1579 1211 gressus
1609 1169 1773 1206 eorum,
1793 1156 1840 1197 et

370 1222 551 1264 tandem
571 1237 723 1265 amara
749 1222 835 1266 erit
865 1222 990 1279 quasi
1014 1223 1268 1266 absintium.
1328 1223 1487 1276 Quare,
1508 1222 1656 1279 inquit
1681 1223 1838 1266 beatus

373 1290 465 1341 Iob,
497 1291 623 1348 impii
661 1292 837 1342 uiuunt,
868 1291 1089 1335 subleuati
1129 1295 1235 1335 sunt
1273 1292 1598 1348 confortatique
1632 1292 1836 1336 diuitiis?
1856 1306 1896 1341 15

217 1363 307 1402 490
328 1363 357 1392 a
374 1359 533 1403 Semen
554 1375 705 1403 eorum
732 1364 962 1418 permanet
989 1375 1135 1404 coram
1163 1362 1238 1414 eis,
1258 1361 1605 1419 propinquorum
1632 1361 1766 1404 turba
1792 1363 1839 1404 et

373 1432 584 1486 nepotum
605 1430 652 1471 in
673 1433 907 1487 conspectu
932 1445 1096 1483 eorum,
1117 1431 1273 1474 domus
1296 1445 1447 1474 eorum
1470 1445 1646 1474 securae
1667 1434 1773 1474 sunt
1793 1434 1839 1474 et

371 1502 566 1555 pacatae,
587 1502 632 1542 et
651 1514 740 1543 non
766 1503 835 1543 est
858 1500 987 1558 uirga
1007 1500 1090 1543 Dei
1121 1515 1254 1558 super
1278 1501 1388 1544 illos.
1449 1501 1536 1543 Bos
1561 1515 1711 1543 eorum
1737 1514 1837 1543 con-

371 1569 489 1625 cepit
520 1571 566 1611 et
595 1583 685 1612 non
719 1570 935 1613 abortiuit
948 1584 957 1623 3
999 1585 1133 1614 uacca
1163 1570 1335 1628 peperit
1362 1572 1407 1613 et
1441 1584 1530 1612 non
1562 1572 1629 1613 est
1659 1569 1838 1626 priuata

372 1637 471 1680 fetu
509 1652 601 1681 suo.
673 1638 976 1696 Egrediuntur
1014 1640 1140 1696 quasi
1183 1654 1339 1698 greges
1379 1639 1556 1696 paruuli
1597 1653 1760 1691 eorum,
1791 1642 1837 1683 et
1855 1655 1899 1680 20

372 1706 569 1750 infantes
604 1722 755 1750 eorum
790 1709 997 1751 exultant
1036 1709 1218 1753 lusibus.
1287 1709 1457 1751 Tenent
1491 1711 1756 1765 tympanum
1791 1711 1838 1752 et

370 1776 600 1827 citharam,
621 1780 667 1820 et
685 1777 883 1834 gaudent
903 1778 959 1820 ad
980 1778 1174 1821 sonitum
1201 1777 1367 1835 organi.
1427 1776 1609 1820 Ducunt
1633 1777 1681 1820 in
1711 1778 1838 1822 bonis

371 1845 465 1889 dies
504 1860 617 1897 suos,
657 1850 703 1889 et
746 1846 794 1888 in
840 1849 1005 1903 puncto
1051 1847 1107 1889 ad
1147 1847 1324 1890 inferna
1363 1846 1646 1890 descendunt.
1727 1847 1838 1900 Quis

370 1914 540 1958 letitiae
570 1915 871 1971 praecedentis
900 1915 1047 1958 exitus
1077 1919 1223 1973 potest
1249 1930 1341 1959 esse
1366 1915 1558 1959 amarior
1587 1918 1667 1959 aut
1696 1915 1837 1959 felicis

371 1984 471 2027 uiae
506 1983 726 2027 infelicior
755 1984 890 2028 finis?
949 1984 1071 2028 Haec
1106 1987 1174 2028 est
1206 1985 1324 2028 enim
1356 1985 1431 2027 uia
1466 1984 1641 2027 illorum
1676 1984 1752 2041 qui
1788 1985 1835 2027 in
1854 2005 1896 2041 25

371 2052 520 2095 labore
553 2052 782 2095 hominum
813 2067 899 2096 non
937 2057 1043 2096 sunt
1082 2068 1223 2111 neque
1262 2068 1361 2097 cum
1402 2053 1654 2096 hominibus
1686 2053 1850 2111 flagelr

370 2121 532 2165 lantur.
593 2121 757 2178 Vtique
784 2122 942 2165 deiecit
969 2137 1042 2165 eos
1068 2122 1297 2166 consilium
1330 2122 1507 2165 Domini
1538 2122 1643 2165 dum
1674 2122 1836 2165 alleua-

371 2195 538 2234 rentur.
600 2190 652 2233 Ei
689 2191 906 2247 siquidem
939 2192 1046 2234 haec
1080 2192 1228 2248 potius
1262 2191 1519 2235 ascribenda
1553 2194 1658 2234 sunt
1689 2191 1838 2235 omnia

325 2264 354 2303 b
372 2275 503 2317 quam
526 2259 744 2311 fortunae,
764 2275 876 2317 quae
903 2264 982 2303 aut
1006 2261 1062 2303 ab
1087 2261 1182 2318 ipso
1209 2263 1286 2311 est,
1307 2264 1387 2304 aut
1407 2260 1540 2317 (quod
1561 2260 1701 2318 magis
1721 2263 1836 2318 reor)

369 2329 549 2373 omnino
568 2344 655 2372 non
677 2332 756 2374 est.
813 2329 894 2373 Ait
913 2345 1102 2387 namque
1121 2330 1317 2374 ethicus:
1854 2351 1898 2385 30

554 2409 657 2453 Noli
690 2409 928 2460 fortunam,
958 2424 1070 2467 quae
1100 2424 1188 2453 non
1219 2414 1297 2461 cst,
1327 2410 1470 2454 dicere
1500 2424 1655 2454 cecam.

371 2512 392 2548 3
418 2502 659 2538 tirannorum
679 2501 776 2537 AsM
861 2511 902 2546 14
919 2500 1152 2538 absinthium
1173 2501 1277 2537 ΒΑΜ
1352 2510 1391 2548 15
1408 2501 1587 2539 sulleuati
1606 2501 1645 2537 M
1720 2502 1762 2539 18
1780 2504 1837 2539 est

369 2562 438 2587 om.
459 2549 495 2586 M
619 2559 660 2586 21
690 2549 906 2596 timpanum
925 2548 1013 2584 CAS
1137 2559 1181 2586 22
1207 2549 1403 2595 cytharam
1422 2550 1453 2585 A
1573 2560 1620 2596 30
1637 2550 1692 2586 est
1707 2561 1776 2586 om.
1795 2550 1835 2587 M

416 2633 441 2669 6
465 2633 671 2678 Sisortuna
686 2633 757 2668 cte.
774 2644 781 2667 :
810 2630 885 2666 Iuv.
900 2632 973 2666 Sat.
990 2629 1051 2667 vii.
1069 2639 1143 2676 197,
1162 2631 1226 2675 198
1243 2643 1251 2674 ;
1275 2630 1322 2666 cf.
1340 2629 1439 2666 infra
1457 2631 1587 2667 Polior.
1599 2642 1631 2666 v.
1650 2630 1768 2677 4(546
1778 2630 1834 2677 Α).

375 2689 412 2717 11
442 2684 599 2715 extrema
618 2682 710 2715 cto:
739 2678 842 2715 Ρτον.
863 2677 934 2714 xiv.
960 2687 1010 2723 13.
1155 2687 1194 2722 14
1220 2690 1348 2714 amara
1365 2680 1470 2724 quasa·
1485 2679 1702 2714 absintium:
1730 2677 1835 2716 Prov.

372 2739 402 2763 v.
420 2737 454 2772 4.
529 2731 646 2771 Quam
663 2730 757 2763 cte.:
785 2725 851 2762 Iob
869 2724 941 2762 xxi.
959 2734 1061 2771 7-13.
1158 2734 1213 2772 25.
1230 2727 1274 2762 26
1300 2727 1338 2760 in
1352 2727 1470 2762 labore
1482 2728 1577 2762 etc-1
1605 2726 1663 2761 Pe.
1682 2724 1787 2762 lxxii.
1802 2735 1835 2773 5.

371 2784 392 2811 2
441 2776 564 2810 deis-cie
591 2776 660 2811 cte.
676 2786 683 2809 z
719 2773 777 2809 1³0.
810 2773 912 2808 lxxii.
946 2774 997 2809 18.
1191 2783 1231 2819 31
1261 2774 1346 2809 Noli
1373 2775 1444 2811 etc.
1459 2785 1467 2808 z
1501 2772 1594 2810 Cato
1620 2774 1714 2811 Diei,
1739 2772 1787 2810 iv.
1812 2782 1834 2819 3

372 2783 579 2869 (bachi-en·
595 2822 690 2858 Post.
707 2822 789 2858 Lat.
807 2822 898 2856 Min.
917 2819 970 2857 iii.
989 2829 1009 2856 2
1014 2820 1087 2867 30).

483 2902 542 2937 ¹9²
