1994 3190
189 245 289 278 cAr.
306 231 409 294 xv1]
715 227 1153 274 POLICRATICVS
1667 229 1751 280 580
1770 227 1800 270 d

186 353 330 396 uideri
358 354 506 410 posset
534 351 711 395 uineam
742 349 888 392 Patris
913 348 961 391 in
990 362 1126 390 manu
1156 362 1308 391 eorum
1338 348 1580 406 prudenter
1609 351 1656 393 et

187 421 362 466 utiliter
384 421 658 465 collocatam.
710 419 774 462 At
800 418 877 461 alii
904 418 967 461 sic
993 420 1232 460 uersantur
1258 432 1308 461 ac
1336 418 1374 461 si
1399 418 1469 473 ad,
1482 418 1656 462 Thebas

186 490 234 533 in
264 489 436 534 facinus
465 488 721 534 excitandas
749 487 959 530 mittatur
992 486 1050 529 ab
1089 485 1246 529 inferis
1276 486 1552 544 Thesiphone
1581 487 1655 531 uel

186 559 377 617 Megera.
434 558 552 601 Nam
574 557 667 601 fere
694 557 756 600 sic
785 556 843 599 ab
870 555 974 598 aula
1002 558 1158 598 contra
1185 555 1383 599 omnium
1413 559 1520 599 uota
1545 556 1653 601 fide-

147 641 166 675 5
186 625 295 669 lium
314 625 371 669 ad
392 624 608 669 Ecclesiae
628 623 805 682 publica
823 621 966 666 officia
985 624 1274 666 accesserunt.
1332 622 1466 679 Apud
1486 623 1566 666 hos

471 715 684 760 iudicium
714 714 850 759 nichil
881 716 948 757 est
978 713 1064 756 nisi
1094 713 1273 770 publica
1301 728 1477 764 merces,

328 777 462 832 atque
486 789 630 832 eques,
654 773 701 816 in
725 787 857 817 causa
881 772 958 829 qui
982 772 1118 823 sedet,
1142 775 1293 829 empta
1316 772 1486 829 probat.

183 871 436 916 Iustificant
463 871 648 928 impium
677 883 758 927 pro
786 868 1056 921 muneribus,
1085 868 1292 912 exultant
1321 869 1369 912 in
1398 869 1529 913 rebus
1560 884 1649 927 pes-

183 941 318 994 simis,
337 941 534 984 letantur
553 955 653 984 cum
673 938 790 982 mala
810 939 938 989 fiunt,

125 1056 166 1081 10
245 1032 411 1090 uixque
441 1034 596 1076 tenent
623 1030 824 1075 lacrimas
852 1044 954 1074 cum
984 1029 1048 1072 nil
1079 1029 1350 1074 lacrimabile
1380 1034 1580 1074 cernunt.

182 1129 410 1187 Siquidem
449 1131 628 1186 peccata
665 1126 818 1185 populi
856 1127 1094 1171 comedunt
1133 1130 1179 1170 et
1217 1127 1473 1171 uestiuntur
1506 1127 1570 1171 eis
1604 1131 1650 1171 et
1667 1132 1738 1181 581
1759 1143 1788 1172 a

180 1199 229 1241 in
258 1198 321 1242 eis
349 1197 654 1255 multipliciter
682 1196 980 1248 luxuriantur,
1008 1200 1258 1254 acceptores
1287 1211 1573 1254 personarum
1604 1201 1650 1241 et

181 1268 307 1325 quasi
341 1267 520 1325 quidam
558 1267 774 1310 bonorum
805 1266 976 1318 mallei3
1021 1266 1102 1309 hoc
1143 1266 1260 1309 enim
1302 1266 1553 1310 didicerunt
1592 1266 1650 1310 ab

180 1337 243 1381 eis
273 1352 300 1381 a
333 1337 494 1394 quibus
528 1335 654 1380 electi
686 1338 804 1380 sunt.
877 1335 958 1379 Ait
991 1335 1244 1393 Sapientia:
1289 1335 1479 1379 Venatio
1510 1336 1650 1380 leonis

123 1422 161 1457 15
178 1420 344 1464 onager
372 1406 420 1448 in
451 1406 639 1462 heremo,
671 1405 733 1448 sic
773 1408 820 1449 et
857 1419 1022 1462 pascua
1052 1407 1159 1448 sunt
1192 1404 1385 1448 diuitum
1421 1419 1647 1463 pauperes.

180 1475 239 1519 Et
267 1475 381 1520 sicut
409 1474 679 1534 abominatio
711 1477 780 1518 est
819 1474 1009 1532 superbo
1048 1474 1289 1524 humilitas,
1319 1474 1381 1517 sic
1425 1475 1646 1519 execratio

178 1547 246 1588 est
283 1544 438 1588 diuitis
484 1557 664 1602 pauper.
741 1543 880 1587 Diues
917 1547 1161 1587 commotus
1209 1543 1543 1587 confirmabitur
1588 1544 1646 1587 ab

177 1613 329 1657 amicis
341 1627 352 1667 ;
385 1613 565 1657 humilis
585 1616 747 1664 autem,
766 1627 867 1656 cum
887 1612 1105 1664 ceciderit,
1125 1613 1364 1671 expellitur
1391 1616 1436 1657 et
1462 1628 1490 1656 a
1516 1614 1644 1658 notis.

178 1679 322 1726 Diuiti
361 1683 541 1741 decepto
575 1683 707 1726 multi
741 1686 1093 1740 recuperatores;
1132 1683 1306 1727 locutus
1340 1687 1407 1727 est
1446 1683 1646 1741 superbe,

118 1766 161 1790 20
179 1753 225 1794 et
262 1751 614 1796 iustificauerunt
652 1752 792 1795 illum.
867 1751 1064 1795 Humilis
1102 1743 1311 1809 deceptus
1350 1755 1429 1804 est,
1465 1752 1645 1810 insuper

177 1822 224 1863 et
249 1821 476 1879 arguitur;
509 1821 683 1866 locutus
709 1824 777 1864 est
803 1824 988 1871 sensate,
1004 1824 1050 1864 et
1075 1835 1165 1864 non
1193 1825 1261 1864 est
1287 1821 1327 1866 ei
1355 1821 1487 1864 datus
1511 1822 1642 1866 locus.

176 1888 314 1934 Diues
352 1890 524 1935 locutus
559 1892 636 1942 est,
672 1893 718 1934 et
757 1904 907 1933 omnes
946 1892 1182 1934 tacuerunt
1217 1893 1263 1933 et
1301 1891 1487 1934 uerbum
1523 1891 1643 1935 illius

175 1972 314 2016 usque
341 1959 397 2003 ad
422 1959 562 2003 nubes
587 1959 839 2017 perducent.
901 1959 1074 2016 Pauper
1093 1959 1266 2003 locutus
1292 1963 1372 2012 est,
1392 1963 1438 2003 et
1463 1960 1642 2004 dicunt:

177 2027 288 2081 Quis
312 2031 379 2072 est
405 2029 507 2073 hio‘e
537 2032 593 2080 et,
619 2029 657 2072 si
684 2029 928 2079 offenderit,
953 2029 1222 2072 subuertunt
1248 2029 1386 2072 illum.
1448 2029 1507 2073 Et
1533 2030 1640 2074 haee
1659 2034 1689 2074 b

117 2111 158 2146 25
176 2097 353 2154 quidem
377 2101 482 2141 sunt
507 2098 674 2142 iudicia
691 2093 842 2142 eorum
863 2098 939 2156 qui
961 2098 1158 2141 iustitiae
1178 2098 1361 2142 diuitias
1380 2098 1642 2157 praeferunt

174 2169 220 2210 et
245 2166 381 2210 nichil
411 2167 559 2224 potius
591 2167 759 2212 ducunt
794 2182 927 2225 quam
957 2167 1118 2211 habere
1148 2167 1343 2220 diuitias,
1374 2183 1462 2226 quo
1490 2171 1642 2212 tamen

175 2235 255 2278 uix
295 2235 462 2293 aliquid
500 2236 704 2280 inutilius
744 2240 821 2280 est.
895 2236 1060 2280 Nullus
1098 2237 1285 2280 istorum
1325 2238 1500 2281 exultat
1539 2253 1640 2282 cum

174 2303 403 2349 Christum
431 2305 556 2348 uidet
585 2305 633 2348 in
662 2306 806 2356 terris,
834 2306 984 2348 nullus
1013 2320 1164 2349 eorum
1195 2309 1263 2350 est
1292 2306 1368 2363 qui
1399 2306 1508 2350 uelit
1538 2322 1639 2350 eum

172 2387 274 2418 cum
322 2374 574 2418 hominibus
612 2375 876 2426 conuersari,
916 2375 1067 2419 nullus
1106 2376 1183 2432 qui
1233 2375 1291 2419 ad
1339 2376 1456 2419 bona
1504 2391 1638 2433 opera

173 2481 195 2517 3
219 2470 385 2508 fascinus
401 2470 470 2508 CS¹
562 2471 764 2519 tesiphone
783 2472 848 2509 SM
1007 2473 1050 2510 16
1074 2472 1337 2510 abhominatio
1355 2473 1422 2510 SM
1489 2502 1494 2508 .
1578 2484 1634 2517 20,

172 2529 214 2555 21
243 2518 310 2556 et
299 2530 452 2565 msuper
467 2518 507 2554 M
680 2529 722 2567 25
745 2526 828 2567 post
849 2532 980 2558 eorum
1005 2523 1089 2557 add.
1113 2532 1208 2567 quos
1231 2521 1337 2558 curia
1359 2520 1502 2564 docuit,
1519 2521 1636 2558 immo

171 2565 343 2603 omnium
359 2566 391 2601 A
409 2577 520 2611 marg.
539 2565 604 2602 SM
621 2579 745 2614 mar-y.

222 2656 238 2683 1
266 2648 413 2683 uincam
427 2649 551 2684 Patris
566 2650 661 2685 ete.:
689 2660 721 2684 v.
740 2648 851 2685 Matt.
868 2648 944 2685 xxi.
962 2660 1006 2695 33
1024 2661 1124 2696 seqq.
1269 2658 1335 2697 2-5
1363 2652 1432 2686 alii
1451 2663 1567 2696 usque
1585 2651 1634 2688 ad

171 2699 411 2730 accesserunt:
437 2694 556 2732 minio
573 2695 721 2749 notavit
738 2695 947 2734 Parkerus
936 2708 977 2732 m
993 2697 1074 2733 eod.
1092 2698 1120 2734 C
1139 2709 1251 2743 mara.
1381 2708 1402 2734 2
1427 2701 1477 2734 ad
1497 2700 1635 2736 Thebas

170 2743 269 2778 ete.:
295 2753 328 2776 v.
348 2741 442 2778 Stat.
463 2743 569 2778 Theb.
582 2742 635 2778 xi
653 2744 782 2789 57-61.
913 2745 937 2781 6
960 2746 1138 2780 iudicium
1151 2747 1245 2782 etc.:
1273 2744 1422 2781 Petron.
1437 2747 1513 2781 Sat.
1528 2757 1560 2782 c.
1579 2757 1633 2790 14.

172 2789 194 2825 8
219 2790 424 2833 Iustifi'cant
440 2790 534 2825 ete.-
526 2817 535 2826 .
561 2801 593 2825 v.
611 2789 680 2826 Isa.
699 2802 730 2826 v.
749 2800 804 2836 23.
932 2801 974 2827 ιο
999 2803 1024 2826 u
1116 2804 1134 2827 e
1150 2797 1268 2828 tenent
1284 2794 1378 2829 etc.:
1403 2792 1469 2829 Ov.
1486 2794 1631 2829 Metam.

172 2835 213 2872 ii.
231 2837 449 2881 796.11
481 2841 626 2882 peccata
638 2838 768 2883 populi
773 2801 994 2874 3comedunt:
1018 2851 1054 2874 v.
1105 2850 1165 2877 see
1182 2838 1231 2875 iv.
1250 2840 1284 2876 8.
1409 2850 1452 2884 14
1482 2841 1632 2877 Venatio

170 2893 288 2929 usque
305 2882 354 2919 ad
370 2884 583 2920 sucum-tunt
598 2885 725 2921 illum:
753 2883 860 2922 Eecli
876 2884 956 2924 xiii.
973 2896 993 2922 2
997 2895 1105 2932 3—29

1458 2951 1520 2984 555
