1994 3190
234 177 312 219 555
330 178 356 208 c
697 166 960 211 IOANNIS
998 165 1514 213 SARESBERIENSIS
1675 165 1789 229 [ΜΒ.
1801 170 1838 213 'v‘

371 286 430 330 ad
459 301 669 344 sponsum
698 287 894 340 remissa,
920 287 1154 331 uniuersae
1182 288 1328 346 gentis
1356 302 1437 346 per
1464 288 1546 332 hoc
1574 288 1835 332 beneficium

373 356 459 399 sibi
482 359 653 399 mentes
682 357 993 400 reconciliauit.
1063 356 1138 400 Sic
1163 357 1441 401 humanitate
1467 372 1648 401 suorum
1672 358 1835 401 alieno-

374 440 475 468 rum
497 426 668 469 animos
694 426 779 470 sibi
804 427 978 470 iustitia
996 426 1214 471 deuinxit.
1271 426 1425 470 Simile
1450 430 1518 471 est
1544 427 1662 484 quod
1689 427 1838 484 Scipio

375 495 626 539 Affricanus
663 495 713 538 in
752 496 972 554 Hispania
1008 496 1192 554 gessisse
1237 496 1412 553 legitur,
1451 496 1522 540 cui
1570 511 1670 539 cum
1709 497 1838 554 uirgo

375 565 547 616 nobilis,
558 566 756 609 omnium
776 566 823 608 in
843 581 889 609 se
909 566 1076 609 decoris
1091 565 1383 608 admiratione
1397 568 1658 609 conuertens
1678 565 1838 616 oculos,
1856 583 1875 618 5

375 635 568 678 adducta
591 637 716 686 esset,
739 649 836 678 eam
863 649 1022 692 sponso
1049 635 1225 678 nomine
1251 634 1394 678 Alicio
1420 634 1625 685 reddidit,
1645 634 1839 678 adiciens

377 707 423 747 et
453 719 611 747 aurum
647 705 765 762 quod
794 708 1000 762 parentes
1033 704 1081 746 in
1110 704 1455 761 redemptionem
1487 704 1690 761 captiuae
1718 706 1841 747 attu-

377 773 534 826 lerant,
565 777 618 817 ut
656 776 770 817 esset
808 773 973 832 uirgini
1012 773 1060 815 in
1091 773 1239 816 dotem
1273 776 1353 815 aut
1390 773 1552 815 marito
1590 773 1638 815 in
1676 787 1840 816 munus

378 842 590 899 nuptiale.
667 842 827 899 Itaque
855 841 1089 899 multiplici
1127 841 1457 899 magnificentia
1494 841 1704 884 uniuersa
1731 855 1840 899 gens

335 918 364 958 d
379 912 510 962 uicta,
530 926 643 968 quae
669 910 786 955 forte
812 911 922 954 alias
948 925 1123 955 cessura
1148 925 1238 954 non
1263 909 1424 962 fuerat,
1451 910 1639 953 Romani
1664 910 1840 968 imperii
1859 928 1901 953 ιο

378 981 541 1038 populo
567 981 760 1026 accessit.
830 980 1017 1025 Camillo
1045 980 1236 1023 Faliscos
1262 979 1481 1022 obsidenti
1507 979 1720 1037 magister
1745 979 1840 1023 ludi

376 1051 537 1094 liberos
558 1051 826 1094 Faliscorum
846 1054 1073 1107 tamquam
1094 1049 1350 1093 ambulandi
1369 1064 1502 1093 causa
1516 1052 1646 1093 extra
1663 1064 1842 1092 murum

371 1121 557 1164 eductos
583 1120 780 1171 tradidit,
800 1120 949 1163 dicens
974 1119 1160 1163 retentis
1187 1118 1414 1162 obsidibus
1442 1119 1671 1162 ciuitatem
1696 1133 1842 1162 neces⁴

377 1190 494 1233 sario
515 1189 734 1233 facturam
754 1189 982 1246 imperata.
1042 1188 1256 1232 Camillus
1275 1203 1381 1231 uero
1401 1202 1491 1231 non
1510 1188 1652 1231 solum
1672 1187 1844 1245 spreuit

379 1259 608 1317 perfidiam
648 1258 725 1302 sed
765 1259 980 1302 restrictis
1024 1257 1229 1301 manibus
1274 1260 1375 1315 post
1418 1260 1546 1315 terga
1578 1257 1842 1315 magistrum
1863 1271 1903 1312 ις

380 1329 520 1387 uirgis
547 1328 767 1386 agendum
787 1328 844 1371 ad
869 1330 1074 1385 parentes
1099 1327 1249 1385 pueris
1277 1327 1475 1379 tradidit,
1496 1327 1683 1384 adeptus
1712 1327 1841 1370 bene·

380 1399 479 1442 ficio
499 1398 730 1441 uictoriam
758 1412 891 1454 quam
918 1397 1076 1440 fraude
1099 1411 1189 1440 non
1218 1396 1523 1454 concupierat;
1554 1411 1658 1439 nam
1683 1395 1844 1440 Falisci

381 1468 438 1511 ob
477 1467 591 1511 hanc
629 1467 847 1510 iustitiam
885 1469 1041 1524 sponte
1071 1480 1118 1509 se
1151 1465 1426 1509 dediderunt.
1498 1465 1638 1510 Extat
1671 1479 1845 1523 quoque

382 1536 577 1581 eiusdem
609 1535 786 1580 Camilli
816 1550 906 1579 non
943 1535 1180 1594 ignobilior
1211 1535 1382 1579 titulus.
1453 1534 1566 1579 Cum
1597 1535 1715 1578 enim
1743 1537 1846 1592 post

382 1607 588 1650 subactas
617 1605 822 1649 ciuitates
855 1608 902 1648 et
935 1605 1184 1662 triumphos
1214 1603 1421 1662 insignes,
1450 1604 1658 1647 militaris
1686 1618 1844 1648 manus
1864 1620 1911 1655 ιοΔ

383 1675 555 1718 inuidia
580 1674 811 1726 concitata,
837 1674 1104 1731 dampnatus
1125 1676 1171 1716 et
1190 1673 1400 1730 expulsus
1419 1676 1488 1716 est
1506 1672 1700 1724 ciuitate,
1719 1672 1846 1730 quasi

237 1752 318 1802 556
339 1761 369 1791 a
386 1745 549 1803 praeda
574 1744 795 1788 communi
817 1743 1013 1800 iniquius
1033 1742 1285 1792 distributa,
1305 1742 1578 1786 irruentibus
1598 1742 1847 1786 Senonibus

385 1814 526 1858 Gallis
549 1814 596 1856 in
616 1813 770 1856 urbem
796 1816 841 1856 et
868 1812 1078 1855 Romanis
1102 1812 1333 1856 undecimo
1357 1812 1548 1855 miliario
1573 1812 1705 1855 uictis
1728 1810 1848 1869 apud

384 1884 549 1927 flumen
574 1883 738 1925 Alliam
764 1897 843 1926 nec
870 1882 917 1924 in
945 1882 1041 1939 ipsa
1067 1882 1176 1924 urbe
1204 1882 1438 1939 quicquam
1465 1884 1642 1938 praeter
1668 1880 1848 1939 Capito-

385 1954 494 1996 lium
525 1952 693 1996 seruari
722 1955 870 2009 posset
900 1954 946 1995 et
980 1951 1060 1995 hoc
1091 1965 1199 1994 auro
1229 1951 1334 1994 dato
1359 1954 1412 1994 ut
1442 1950 1558 1994 Galli
1583 1950 1849 2002 recederent,
1867 1972 1907 2006 ²5

387 2022 614 2071 Camillus,
626 2021 760 2064 etiam
781 2021 982 2078 ingratae
1002 2020 1272 2078 compatiens
1291 2020 1474 2078 patriae,
1486 2020 1660 2064 eosdem
1680 2020 1850 2071 cecidit,

389 2106 547 2135 aurum
576 2090 774 2141 abstulit,
799 2090 1096 2134 Romanorum
1126 2089 1297 2146 aquilas
1324 2090 1582 2147 reportauit.
1647 2089 1774 2133 Vnde
1803 2089 1851 2133 in

390 2166 518 2206 sexto
539 2160 714 2218 Virgilii
738 2160 855 2203 inter
874 2163 1041 2203 ceteros
1063 2159 1263 2202 Eneadas
1283 2158 1520 2225 praediscit
1541 2158 1684 2202 Eneas

765 2245 1029 2289 referentem
1058 2245 1187 2303 signa
1215 2244 1463 2290 Camillum.

393 2336 562 2393 Itaque,
591 2333 648 2377 ab
678 2332 811 2376 exilio
846 2336 1087 2383 reuocatus,
1117 2331 1251 2375 tertio
1282 2331 1563 2388 triumphans
1596 2330 1751 2374 urbem
1786 2330 1854 2374 in·
1872 2352 1914 2388 30

392 2418 568 2463 gressus
599 2406 668 2446 est
707 2405 753 2446 et
782 2401 1030 2459 appellatus
1066 2401 1283 2446 secundus
1323 2400 1548 2453 Romulus,
1581 2400 1706 2458 quasi
1741 2400 1856 2443 alter

392 2473 563 2531 patriae
591 2471 802 2516 conditor.

394 2598 416 2632 4
442 2584 612 2635 genuine]
629 2584 777 2668 egi-lule
766 2583 804 2620 M
841 2631 866 2669 S
896 2593 914 2631 5
941 2582 1090 2621 occulos
1107 2583 1138 2619 A
1236 2591 1275 2630 15
1302 2584 1478 2630 posterga
1495 2581 1519 2619 S
1614 2583 1658 2619 28
1683 2581 1855 2630 uix-gilius

563 2642 604 2679 3¹
633 2644 703 2679 ape
735 2634 777 2668 nt
779 2643 820 2668 ιιι

442 2744 463 2777 4
490 2743 570 2768 cum
594 2732 698 2776 uio-90
713 2732 807 2768 etc..
835 2742 867 2767 v.
885 2728 1054 2767 Frontin.
1071 2730 1181 2765 Seme.
1198 2727 1237 2765 ii.
1259 2726 1387 2775 ιιξς.
1524 2736 1561 2764 11
1592 2728 1744 2764 Camillo
1759 2729 1855 2765 etc&

396 2779 564 2817 Frontin.
580 2780 689 2815 Semi.
705 2778 753 2815 iv.
778 2789 799 2822 4
827 2777 844 2825 ξ
876 2787 904 2814 ι.
1104 2787 1145 2823 ι9
1173 2777 1263 2812 Cum
1287 2788 1345 2812 em
1341 2778 1383 2811 'm
1403 2776 1496 2813 etc.:
1523 2787 1555 2811 v.
1583 2774 1738 2812 Eutro.
1762 2774 1787 2812 i.
1811 2784 1858 2811 20

422 2827 439 2875 9
459 2837 492 2870 2,
511 2836 541 2871 3.
698 2835 742 2870 27
774 2827 870 2862 Vnde
887 2826 980 2862 etc:
1009 2824 1116 2860 Hanc
1131 2823 1337 2860 clausulam
1356 2834 1577 2869 versumque
1595 2821 1736 2870 Vergi
1726 2821 1754 2877 ιί
1779 2832 1856 2859 non

423 2874 509 2912 abet
527 2872 742 2920 Eutropius.
830 2882 877 2919 29
893 2874 1099 2919 rdet-entem
1111 2873 1215 2918 eiyna
1230 2872 1446 2909 Camillum.
1473 2870 1585 2919 Vei-g.
1599 2871 1690 2907 Aen.
1710 2868 1757 2907 vi.
1773 2870 1857 2917 825-

505 2955 570 2989 ³¹0
