<?xml version="1.0" encoding="UTF-8"?>
<!DOCTYPE html PUBLIC "-//W3C//DTD XHTML 1.0 Transitional//EN"
    "http://www.w3.org/TR/xhtml1/DTD/xhtml1-transitional.dtd">
<html xmlns="http://www.w3.org/1999/xhtml" xml:lang="en" lang="en">
 <head>
  <title>
</title>
<meta http-equiv="Content-Type" content="text/html;charset=utf-8" />
  <meta name='ocr-system' content='tesseract 3.04.00' />
  <meta name='ocr-capabilities' content='ocr_page ocr_carea ocr_par ocr_line ocrx_word'/>
</head>
<body>
  <div class='ocr_page' id='page_1' title='image "./policraticisived01john_0232.png"; bbox 0 0 1994 3190; ppageno 0'>
   <div class='ocr_carea' id='block_1_1' title="bbox 268 137 1872 199">
    <p class='ocr_par' dir='ltr' id='par_1_1' title="bbox 268 137 1872 199">
     <span class='ocr_line' id='line_1_1' title="bbox 268 137 1872 199; baseline 0.003 -21"><span class='ocrx_word' id='word_1_1' title='bbox 268 139 343 188; x_wconf 85' lang='lat'>481</span> <span class='ocrx_word' id='word_1_2' title='bbox 360 138 398 180; x_wconf 70' lang='lat' dir='ltr'>d,</span> <span class='ocrx_word' id='word_1_3' title='bbox 735 137 1012 183; x_wconf 76' lang='lat' dir='ltr'>IOANNISv</span> <span class='ocrx_word' id='word_1_4' title='bbox 1038 138 1550 183; x_wconf 86' lang='lat' dir='ltr'>SARESBERIENSIS</span> <span class='ocrx_word' id='word_1_5' title='bbox 1684 137 1794 199; x_wconf 73' lang='grc' dir='ltr'><strong>[ΜΒ.</strong></span> <span class='ocrx_word' id='word_1_6' title='bbox 1810 150 1872 183; x_wconf 93' lang='lat'>111</span> 
     </span>
    </p>
   </div>
   <div class='ocr_carea' id='block_1_2' title="bbox 405 253 1910 867">
    <p class='ocr_par' dir='ltr' id='par_1_2' title="bbox 405 253 1910 867">
     <span class='ocr_line' id='line_1_2' title="bbox 406 253 1871 310; baseline 0 -13"><span class='ocrx_word' id='word_1_7' title='bbox 406 253 808 310; x_wconf 86' lang='lat' dir='ltr'>transfiguratione,</span> <span class='ocrx_word' id='word_1_8' title='bbox 843 256 889 297; x_wconf 91' lang='lat' dir='ltr'>et</span> <span class='ocrx_word' id='word_1_9' title='bbox 927 254 1067 297; x_wconf 91' lang='lat' dir='ltr'>totius</span> <span class='ocrx_word' id='word_1_10' title='bbox 1106 254 1322 298; x_wconf 85' lang='lat' dir='ltr'>uanitatis</span> <span class='ocrx_word' id='word_1_11' title='bbox 1361 254 1577 298; x_wconf 92' lang='lat' dir='ltr'>lenocinio</span> <span class='ocrx_word' id='word_1_12' title='bbox 1617 256 1871 298; x_wconf 70' lang='lat' dir='ltr'><strong>excecatum</strong></span> 
     </span>
     <span class='ocr_line' id='line_1_3' title="bbox 406 323 1873 381; baseline 0.001 -16"><span class='ocrx_word' id='word_1_13' title='bbox 406 324 454 365; x_wconf 91' lang='lat' dir='ltr'>in</span> <span class='ocrx_word' id='word_1_14' title='bbox 478 323 627 366; x_wconf 90' lang='lat' dir='ltr'>sordes</span> <span class='ocrx_word' id='word_1_15' title='bbox 650 323 863 366; x_wconf 89' lang='lat' dir='ltr'>uitiorum</span> <span class='ocrx_word' id='word_1_16' title='bbox 895 323 1119 381; x_wconf 83' lang='lat' dir='ltr'>impellere</span> <span class='ocrx_word' id='word_1_17' title='bbox 1149 326 1194 367; x_wconf 90' lang='lat' dir='ltr'>et</span> <span class='ocrx_word' id='word_1_18' title='bbox 1223 324 1602 381; x_wconf 89' lang='lat' dir='ltr'>praecipitationis</span> <span class='ocrx_word' id='word_1_19' title='bbox 1630 324 1873 380; x_wconf 59' lang='lat' dir='ltr'>abyssum?</span> 
     </span>
     <span class='ocr_line' id='line_1_4' title="bbox 407 392 1873 451; baseline 0.001 -17"><span class='ocrx_word' id='word_1_20' title='bbox 407 392 527 445; x_wconf 82' lang='lat' dir='ltr'><strong>Quid</strong></span> <span class='ocrx_word' id='word_1_21' title='bbox 553 392 761 435; x_wconf 82' lang='lat' dir='ltr'>odibilius</span> <span class='ocrx_word' id='word_1_22' title='bbox 788 392 946 436; x_wconf 83' lang='lat' dir='ltr'>fraude</span> <span class='ocrx_word' id='word_1_23' title='bbox 975 396 1020 436; x_wconf 92' lang='lat' dir='ltr'>et</span> <span class='ocrx_word' id='word_1_24' title='bbox 1049 393 1161 444; x_wconf 92' lang='lat' dir='ltr'>dolo,</span> <span class='ocrx_word' id='word_1_25' title='bbox 1182 408 1269 450; x_wconf 92' lang='lat' dir='ltr'>quo</span> <span class='ocrx_word' id='word_1_26' title='bbox 1299 393 1382 436; x_wconf 91' lang='lat' dir='ltr'>sub</span> <span class='ocrx_word' id='word_1_27' title='bbox 1410 393 1604 451; x_wconf 83' lang='lat' dir='ltr'>imagine</span> <span class='ocrx_word' id='word_1_28' title='bbox 1634 393 1797 436; x_wconf 89' lang='lat' dir='ltr'>amoris</span> <span class='ocrx_word' id='word_1_29' title='bbox 1827 396 1873 436; x_wconf 89' lang='lat' dir='ltr'>et</span> 
     </span>
     <span class='ocr_line' id='line_1_5' title="bbox 406 461 1871 520; baseline 0.001 -16"><span class='ocrx_word' id='word_1_30' title='bbox 406 462 510 505; x_wconf 91' lang='lat' dir='ltr'>fidei</span> <span class='ocrx_word' id='word_1_31' title='bbox 538 462 586 504; x_wconf 93' lang='lat' dir='ltr'>in</span> <span class='ocrx_word' id='word_1_32' title='bbox 612 461 854 519; x_wconf 81' lang='lat' dir='ltr'>simplicem</span> <span class='ocrx_word' id='word_1_33' title='bbox 881 466 927 505; x_wconf 92' lang='lat' dir='ltr'>et</span> <span class='ocrx_word' id='word_1_34' title='bbox 954 462 1181 506; x_wconf 90' lang='lat' dir='ltr'>credulum</span> <span class='ocrx_word' id='word_1_35' title='bbox 1208 466 1254 506; x_wconf 89' lang='lat' dir='ltr'>et</span> <span class='ocrx_word' id='word_1_36' title='bbox 1283 463 1418 520; x_wconf 89' lang='lat' dir='ltr'>(quod</span> <span class='ocrx_word' id='word_1_37' title='bbox 1451 463 1757 507; x_wconf 87' lang='lat' dir='ltr'>detestabilius</span> <span class='ocrx_word' id='word_1_38' title='bbox 1786 464 1871 519; x_wconf 89' lang='lat' dir='ltr'>est)</span> 
     </span>
     <span class='ocr_line' id='line_1_6' title="bbox 406 531 1910 590; baseline 0.001 -16"><span class='ocrx_word' id='word_1_39' title='bbox 406 531 597 575; x_wconf 86' lang='lat' dir='ltr'>amicum</span> <span class='ocrx_word' id='word_1_40' title='bbox 643 532 853 589; x_wconf 89' lang='lat' dir='ltr'>perfidiae</span> <span class='ocrx_word' id='word_1_41' title='bbox 899 535 944 575; x_wconf 89' lang='lat' dir='ltr'>et</span> <span class='ocrx_word' id='word_1_42' title='bbox 986 532 1320 575; x_wconf 70' lang='lat' dir='ltr'>inimicitiarum</span> <span class='ocrx_word' id='word_1_43' title='bbox 1366 533 1567 590; x_wconf 86' lang='lat' dir='ltr'>nequitia</span> <span class='ocrx_word' id='word_1_44' title='bbox 1613 532 1872 576; x_wconf 59' lang='lat' dir='ltr'>exercetur?</span> <span class='ocrx_word' id='word_1_45' title='bbox 1890 550 1910 584; x_wconf 87' lang='lat'><strong>5</strong></span> 
     </span>
     <span class='ocr_line' id='line_1_7' title="bbox 407 600 1871 658; baseline 0.001 -14"><span class='ocrx_word' id='word_1_46' title='bbox 407 600 505 644; x_wconf 90' lang='lat' dir='ltr'>Hoc</span> <span class='ocrx_word' id='word_1_47' title='bbox 529 601 747 658; x_wconf 89' lang='lat' dir='ltr'>siquidem</span> <span class='ocrx_word' id='word_1_48' title='bbox 770 616 910 658; x_wconf 87' lang='lat' dir='ltr'>genus</span> <span class='ocrx_word' id='word_1_49' title='bbox 936 601 1166 644; x_wconf 91' lang='lat' dir='ltr'>hominum</span> <span class='ocrx_word' id='word_1_50' title='bbox 1193 601 1341 644; x_wconf 86' lang='lat' dir='ltr'>omnia</span> <span class='ocrx_word' id='word_1_51' title='bbox 1365 601 1641 658; x_wconf 91' lang='lat' dir='ltr'>loquentium</span> <span class='ocrx_word' id='word_1_52' title='bbox 1661 602 1718 644; x_wconf 92' lang='lat' dir='ltr'>ad</span> <span class='ocrx_word' id='word_1_53' title='bbox 1745 601 1871 645; x_wconf 92' lang='lat' dir='ltr'>uolu-</span> 
     </span>
     <span class='ocr_line' id='line_1_8' title="bbox 405 670 1872 728; baseline 0.001 -15"><span class='ocrx_word' id='word_1_54' title='bbox 405 674 589 727; x_wconf 88' lang='lat' dir='ltr'>ptatem,</span> <span class='ocrx_word' id='word_1_55' title='bbox 618 671 675 713; x_wconf 91' lang='lat' dir='ltr'>ad</span> <span class='ocrx_word' id='word_1_56' title='bbox 705 671 942 727; x_wconf 85' lang='lat' dir='ltr'>ueritatem</span> <span class='ocrx_word' id='word_1_57' title='bbox 971 670 1120 714; x_wconf 87' lang='lat' dir='ltr'>nichil.</span> <span class='ocrx_word' id='word_1_58' title='bbox 1178 671 1326 713; x_wconf 90' lang='lat' dir='ltr'>Verba</span> <span class='ocrx_word' id='word_1_59' title='bbox 1349 671 1439 714; x_wconf 89' lang='lat' dir='ltr'>oris</span> <span class='ocrx_word' id='word_1_60' title='bbox 1466 671 1560 714; x_wconf 93' lang='lat' dir='ltr'>eius</span> <span class='ocrx_word' id='word_1_61' title='bbox 1583 671 1799 728; x_wconf 83' lang='lat' dir='ltr'>iniquitas</span> <span class='ocrx_word' id='word_1_62' title='bbox 1826 674 1872 715; x_wconf 90' lang='lat' dir='ltr'>et</span> 
     </span>
     <span class='ocr_line' id='line_1_9' title="bbox 406 739 1872 796; baseline 0 -14"><span class='ocrx_word' id='word_1_63' title='bbox 406 739 545 790; x_wconf 88' lang='lat' dir='ltr'>dolus,</span> <span class='ocrx_word' id='word_1_64' title='bbox 565 740 641 796; x_wconf 79' lang='lat' dir='ltr'>qui</span> <span class='ocrx_word' id='word_1_65' title='bbox 662 740 797 782; x_wconf 91' lang='lat' dir='ltr'>etiam</span> <span class='ocrx_word' id='word_1_66' title='bbox 825 740 1076 783; x_wconf 89' lang='lat' dir='ltr'>errantibus</span> <span class='ocrx_word' id='word_1_67' title='bbox 1104 740 1256 783; x_wconf 88' lang='lat' dir='ltr'>amicis</span> <span class='ocrx_word' id='word_1_68' title='bbox 1280 740 1338 783; x_wconf 90' lang='lat' dir='ltr'>ad</span> <span class='ocrx_word' id='word_1_69' title='bbox 1362 755 1514 783; x_wconf 91' lang='lat' dir='ltr'>eorum</span> <span class='ocrx_word' id='word_1_70' title='bbox 1540 741 1872 784; x_wconf 87' lang='lat' dir='ltr'>subuersionem</span> 
     </span>
     <span class='ocr_line' id='line_1_10' title="bbox 406 809 1872 867; baseline 0.001 -16"><span class='ocrx_word' id='word_1_71' title='bbox 406 809 671 866; x_wconf 72' lang='lat' dir='ltr'>ingeminat:</span> <span class='ocrx_word' id='word_1_72' title='bbox 705 809 840 867; x_wconf 87' lang='lat' dir='ltr'>Euge,</span> <span class='ocrx_word' id='word_1_73' title='bbox 853 824 974 867; x_wconf 91' lang='lat' dir='ltr'>euge.</span> <span class='ocrx_word' id='word_1_74' title='bbox 1035 809 1155 862; x_wconf 81' lang='lat' dir='ltr'>Quos</span> <span class='ocrx_word' id='word_1_75' title='bbox 1170 812 1223 852; x_wconf 92' lang='lat' dir='ltr'>ut</span> <span class='ocrx_word' id='word_1_76' title='bbox 1234 809 1408 866; x_wconf 85' lang='lat' dir='ltr'>plenius</span> <span class='ocrx_word' id='word_1_77' title='bbox 1421 810 1609 860; x_wconf 90' lang='lat' dir='ltr'>noueris,</span> <span class='ocrx_word' id='word_1_78' title='bbox 1622 809 1872 853; x_wconf 88' lang='lat' dir='ltr'>Gnatonem</span> 
     </span>
    </p>
   </div>
   <div class='ocr_carea' id='block_1_3' title="bbox 261 878 1934 1078">
    <p class='ocr_par' dir='ltr' id='par_1_3' title="bbox 261 878 1934 1078">
     <span class='ocr_line' id='line_1_11' title="bbox 406 878 1934 936; baseline -0.001 -16"><span class='ocrx_word' id='word_1_79' title='bbox 406 879 526 935; x_wconf 89' lang='lat' dir='ltr'>apud</span> <span class='ocrx_word' id='word_1_80' title='bbox 546 879 759 922; x_wconf 90' lang='lat' dir='ltr'>comicum</span> <span class='ocrx_word' id='word_1_81' title='bbox 779 879 894 930; x_wconf 90' lang='lat' dir='ltr'>uide,</span> <span class='ocrx_word' id='word_1_82' title='bbox 915 882 960 922; x_wconf 89' lang='lat' dir='ltr'>et</span> <span class='ocrx_word' id='word_1_83' title='bbox 980 879 1087 936; x_wconf 91' lang='lat' dir='ltr'>quid</span> <span class='ocrx_word' id='word_1_84' title='bbox 1107 879 1162 922; x_wconf 89' lang='lat' dir='ltr'>de</span> <span class='ocrx_word' id='word_1_85' title='bbox 1182 894 1227 922; x_wconf 88' lang='lat' dir='ltr'>se</span> <span class='ocrx_word' id='word_1_86' title='bbox 1249 878 1447 922; x_wconf 73' lang='lat' dir='ltr'>fateatur</span> <span class='ocrx_word' id='word_1_87' title='bbox 1466 879 1694 922; x_wconf 88' lang='lat' dir='ltr'>ausculta:</span> <span class='ocrx_word' id='word_1_88' title='bbox 1892 893 1934 918; x_wconf 87' lang='lat'>10</span> 
     </span>
     <span class='ocr_line' id='line_1_12' title="bbox 261 976 1874 1077; baseline -0.001 -55"><span class='ocrx_word' id='word_1_89' title='bbox 261 982 343 1031; x_wconf 83' lang='lat'>482</span> <span class='ocrx_word' id='word_1_90' title='bbox 363 992 393 1022; x_wconf 87' lang='lat' dir='ltr'>a</span> <span class='ocrx_word' id='word_1_91' title='bbox 525 976 674 1034; x_wconf 84' lang='lat' dir='ltr'>Negat</span> <span class='ocrx_word' id='word_1_92' title='bbox 698 977 813 1077; x_wconf 55' lang='grc' dir='ltr'>(11ξίἳί</span> <span class='ocrx_word' id='word_1_93' title='bbox 818 991 963 1044; x_wconf 57' lang='grc' dir='ltr'>ρεςω</span> <span class='ocrx_word' id='word_1_94' title='bbox 993 977 1070 1028; x_wconf 89' lang='lat' dir='ltr'>ait,</span> <span class='ocrx_word' id='word_1_95' title='bbox 1090 977 1172 1021; x_wconf 91' lang='lat' dir='ltr'>aio.</span> <span class='ocrx_word' id='word_1_96' title='bbox 1233 977 1435 1034; x_wconf 91' lang='lat' dir='ltr'>Denique</span> <span class='ocrx_word' id='word_1_97' title='bbox 1463 977 1679 1035; x_wconf 88' lang='lat' dir='ltr'>imperaui</span> <span class='ocrx_word' id='word_1_98' title='bbox 1699 979 1874 1035; x_wconf 91' lang='lat' dir='ltr'>egomet</span> 
     </span>
     <span class='ocr_line' id='line_1_13' title="bbox 695 1049 831 1078; baseline 0.007 -2"><span class='ocrx_word' id='word_1_99' title='bbox 695 1049 781 1078; x_wconf 91' lang='lat' dir='ltr'>m1c</span> <span class='ocrx_word' id='word_1_100' title='bbox 815 1050 831 1077; x_wconf 88' lang='lat'>1</span> 
     </span>
    </p>
   </div>
   <div class='ocr_carea' id='block_1_4' title="bbox 407 1093 1181 1235">
    <p class='ocr_par' dir='ltr' id='par_1_4' title="bbox 407 1093 1181 1235">
     <span class='ocr_line' id='line_1_14' title="bbox 523 1093 928 1136; baseline 0 0"><span class='ocrx_word' id='word_1_101' title='bbox 523 1093 672 1136; x_wconf 91' lang='lat' dir='ltr'>omnia</span> <span class='ocrx_word' id='word_1_102' title='bbox 701 1093 928 1136; x_wconf 84' lang='lat' dir='ltr'>assentari.</span> 
     </span>
     <span class='ocr_line' id='line_1_15' title="bbox 407 1191 1181 1235; baseline 0.001 -1"><span class='ocrx_word' id='word_1_103' title='bbox 407 1191 520 1234; x_wconf 89' lang='lat' dir='ltr'>Tota</span> <span class='ocrx_word' id='word_1_104' title='bbox 539 1191 656 1234; x_wconf 90' lang='lat' dir='ltr'>enim</span> <span class='ocrx_word' id='word_1_105' title='bbox 678 1191 1023 1235; x_wconf 88' lang='lat' dir='ltr'>Gnatonicorum</span> <span class='ocrx_word' id='word_1_106' title='bbox 1043 1191 1181 1235; x_wconf 84' lang='lat' dir='ltr'>factio</span> 
     </span>
    </p>
   </div>
   <div class='ocr_carea' id='block_1_5' title="bbox 521 1288 1932 1520">
    <p class='ocr_par' dir='ltr' id='par_1_5' title="bbox 521 1288 1932 1520">
     <span class='ocr_line' id='line_1_16' title="bbox 697 1288 1932 1339; baseline 0.001 -7"><span class='ocrx_word' id='word_1_107' title='bbox 697 1288 876 1332; x_wconf 90' lang='lat' dir='ltr'>comeda</span> <span class='ocrx_word' id='word_1_108' title='bbox 906 1292 985 1332; x_wconf 89' lang='lat' dir='ltr'>est.</span> <span class='ocrx_word' id='word_1_109' title='bbox 1045 1289 1191 1339; x_wconf 87' lang='lat' dir='ltr'>Rides,</span> <span class='ocrx_word' id='word_1_110' title='bbox 1212 1290 1377 1332; x_wconf 91' lang='lat' dir='ltr'>maiore</span> <span class='ocrx_word' id='word_1_111' title='bbox 1397 1289 1612 1333; x_wconf 88' lang='lat' dir='ltr'>cachinno</span> <span class='ocrx_word' id='word_1_112' title='bbox 1891 1303 1932 1338; x_wconf 85' lang='lat'>15</span> 
     </span>
     <span class='ocr_line' id='line_1_17' title="bbox 522 1346 1780 1404; baseline -0.001 -14"><span class='ocrx_word' id='word_1_113' title='bbox 522 1347 796 1399; x_wconf 83' lang='lat' dir='ltr'>concutitur3</span> <span class='ocrx_word' id='word_1_114' title='bbox 836 1347 924 1396; x_wconf 89' lang='lat' dir='ltr'>fiet,</span> <span class='ocrx_word' id='word_1_115' title='bbox 955 1347 992 1389; x_wconf 90' lang='lat' dir='ltr'>si</span> <span class='ocrx_word' id='word_1_116' title='bbox 1023 1346 1226 1390; x_wconf 79' lang='lat' dir='ltr'>lacrimas</span> <span class='ocrx_word' id='word_1_117' title='bbox 1256 1348 1486 1404; x_wconf 82' lang='lat' dir='ltr'>conspexit</span> <span class='ocrx_word' id='word_1_118' title='bbox 1516 1348 1657 1398; x_wconf 90' lang='lat' dir='ltr'>amici,</span> <span class='ocrx_word' id='word_1_119' title='bbox 1778 1386 1780 1389; x_wconf 91' lang='lat'>.</span> 
     </span>
     <span class='ocr_line' id='line_1_18' title="bbox 522 1405 1765 1463; baseline 0.002 -17"><span class='ocrx_word' id='word_1_120' title='bbox 522 1419 602 1448; x_wconf 90' lang='lat' dir='ltr'>nec</span> <span class='ocrx_word' id='word_1_121' title='bbox 632 1405 776 1447; x_wconf 88' lang='lat' dir='ltr'>dolet:</span> <span class='ocrx_word' id='word_1_122' title='bbox 818 1405 1061 1462; x_wconf 86' lang='lat' dir='ltr'>igniculum</span> <span class='ocrx_word' id='word_1_123' title='bbox 1092 1405 1130 1447; x_wconf 89' lang='lat' dir='ltr'>si</span> <span class='ocrx_word' id='word_1_124' title='bbox 1161 1406 1343 1449; x_wconf 86' lang='lat' dir='ltr'>brumae</span> <span class='ocrx_word' id='word_1_125' title='bbox 1373 1410 1570 1462; x_wconf 90' lang='lat' dir='ltr'>tempore</span> <span class='ocrx_word' id='word_1_126' title='bbox 1599 1420 1765 1463; x_wconf 88' lang='lat' dir='ltr'>poscas,</span> 
     </span>
     <span class='ocr_line' id='line_1_19' title="bbox 521 1463 1680 1520; baseline 0.002 -15"><span class='ocrx_word' id='word_1_127' title='bbox 521 1463 682 1520; x_wconf 87' lang='lat' dir='ltr'>accipit</span> <span class='ocrx_word' id='word_1_128' title='bbox 710 1463 1047 1516; x_wconf 82' lang='lat' dir='ltr'>andromedam;</span> <span class='ocrx_word' id='word_1_129' title='bbox 1089 1463 1127 1506; x_wconf 90' lang='lat' dir='ltr'>si</span> <span class='ocrx_word' id='word_1_130' title='bbox 1157 1463 1323 1507; x_wconf 85' lang='lat' dir='ltr'>dixeris</span> <span class='ocrx_word' id='word_1_131' title='bbox 1355 1463 1504 1514; x_wconf 87' lang='lat' dir='ltr'>Estuo,</span> <span class='ocrx_word' id='word_1_132' title='bbox 1534 1464 1680 1515; x_wconf 67' lang='lat' dir='ltr'>sudat,</span> 
     </span>
    </p>
   </div>
   <div class='ocr_carea' id='block_1_6' title="bbox 406 1560 914 1604">
    <p class='ocr_par' dir='ltr' id='par_1_6' title="bbox 406 1560 914 1604">
     <span class='ocr_line' id='line_1_20' title="bbox 406 1560 914 1604; baseline -0.002 -2"><span class='ocrx_word' id='word_1_133' title='bbox 406 1560 534 1604; x_wconf 88' lang='lat' dir='ltr'>Vnde</span> <span class='ocrx_word' id='word_1_134' title='bbox 555 1560 806 1603; x_wconf 86' lang='lat' dir='ltr'>Vmbricius</span> <span class='ocrx_word' id='word_1_135' title='bbox 826 1560 914 1603; x_wconf 87' lang='lat' dir='ltr'>ait:</span> 
     </span>
    </p>
   </div>
   <div class='ocr_carea' id='block_1_7' title="bbox 520 1656 1932 1947">
    <p class='ocr_par' dir='ltr' id='par_1_7' title="bbox 522 1656 1932 1772">
     <span class='ocr_line' id='line_1_21' title="bbox 523 1656 1932 1714; baseline 0 -14"><span class='ocrx_word' id='word_1_136' title='bbox 523 1658 626 1700; x_wconf 90' lang='lat' dir='ltr'>Non</span> <span class='ocrx_word' id='word_1_137' title='bbox 655 1672 808 1700; x_wconf 86' lang='lat' dir='ltr'>sumus</span> <span class='ocrx_word' id='word_1_138' title='bbox 838 1672 942 1714; x_wconf 91' lang='lat' dir='ltr'>ergo</span> <span class='ocrx_word' id='word_1_139' title='bbox 971 1671 1122 1714; x_wconf 88' lang='lat' dir='ltr'>pares;</span> <span class='ocrx_word' id='word_1_140' title='bbox 1151 1656 1307 1700; x_wconf 89' lang='lat' dir='ltr'>melior</span> <span class='ocrx_word' id='word_1_141' title='bbox 1336 1656 1412 1713; x_wconf 91' lang='lat' dir='ltr'>qui</span> <span class='ocrx_word' id='word_1_142' title='bbox 1443 1671 1615 1713; x_wconf 89' lang='lat' dir='ltr'>semper</span> <span class='ocrx_word' id='word_1_143' title='bbox 1645 1660 1690 1700; x_wconf 92' lang='lat' dir='ltr'>et</span> <span class='ocrx_word' id='word_1_144' title='bbox 1719 1657 1840 1701; x_wconf 91' lang='lat' dir='ltr'>omni</span> <span class='ocrx_word' id='word_1_145' title='bbox 1889 1670 1932 1695; x_wconf 63' lang='grc' dir='ltr'>πο</span> 
     </span>
     <span class='ocr_line' id='line_1_22' title="bbox 522 1715 1657 1772; baseline 0 -14"><span class='ocrx_word' id='word_1_146' title='bbox 522 1719 649 1758; x_wconf 90' lang='lat' dir='ltr'>nocte</span> <span class='ocrx_word' id='word_1_147' title='bbox 679 1716 837 1772; x_wconf 88' lang='lat' dir='ltr'>dieque</span> <span class='ocrx_word' id='word_1_148' title='bbox 867 1719 1013 1772; x_wconf 88' lang='lat' dir='ltr'>potest</span> <span class='ocrx_word' id='word_1_149' title='bbox 1042 1715 1235 1758; x_wconf 91' lang='lat' dir='ltr'>alienum</span> <span class='ocrx_word' id='word_1_150' title='bbox 1265 1729 1436 1758; x_wconf 90' lang='lat' dir='ltr'>sumere</span> <span class='ocrx_word' id='word_1_151' title='bbox 1467 1715 1657 1766; x_wconf 86' lang='lat' dir='ltr'>uultum,</span> 
     </span>
    </p>

    <p class='ocr_par' dir='ltr' id='par_1_8' title="bbox 520 1773 1504 1829">
     <span class='ocr_line' id='line_1_23' title="bbox 520 1773 1504 1829; baseline -0.001 -13"><span class='ocrx_word' id='word_1_152' title='bbox 520 1788 547 1816; x_wconf 87' lang='lat' dir='ltr'>a</span> <span class='ocrx_word' id='word_1_153' title='bbox 579 1774 690 1816; x_wconf 82' lang='lat' dir='ltr'>facie</span> <span class='ocrx_word' id='word_1_154' title='bbox 720 1774 883 1816; x_wconf 88' lang='lat' dir='ltr'>iactare</span> <span class='ocrx_word' id='word_1_155' title='bbox 913 1788 1082 1824; x_wconf 90' lang='lat' dir='ltr'>manus,</span> <span class='ocrx_word' id='word_1_156' title='bbox 1111 1773 1291 1815; x_wconf 87' lang='lat' dir='ltr'>laudare</span> <span class='ocrx_word' id='word_1_157' title='bbox 1322 1776 1504 1829; x_wconf 89' lang='lat' dir='ltr'>paratus</span> 
     </span>
    </p>

    <p class='ocr_par' dir='ltr' id='par_1_9' title="bbox 521 1830 1586 1887">
     <span class='ocr_line' id='line_1_24' title="bbox 521 1830 1586 1887; baseline -0.001 -13"><span class='ocrx_word' id='word_1_158' title='bbox 521 1832 557 1874; x_wconf 92' lang='lat' dir='ltr'>si</span> <span class='ocrx_word' id='word_1_159' title='bbox 589 1832 699 1874; x_wconf 89' lang='lat' dir='ltr'>bene</span> <span class='ocrx_word' id='word_1_160' title='bbox 730 1831 936 1883; x_wconf 90' lang='lat' dir='ltr'>ructauit‚</span> <span class='ocrx_word' id='word_1_161' title='bbox 968 1835 1047 1874; x_wconf 84' lang='lat' dir='ltr'>aut</span> <span class='ocrx_word' id='word_1_162' title='bbox 1076 1831 1113 1874; x_wconf 90' lang='lat' dir='ltr'>si</span> <span class='ocrx_word' id='word_1_163' title='bbox 1145 1831 1251 1887; x_wconf 89' lang='lat' dir='ltr'>quid</span> <span class='ocrx_word' id='word_1_164' title='bbox 1283 1830 1389 1874; x_wconf 84' lang='lat' dir='ltr'>fecit</span> <span class='ocrx_word' id='word_1_165' title='bbox 1419 1831 1586 1874; x_wconf 88' lang='lat' dir='ltr'>amicus</span> 
     </span>
    </p>

    <p class='ocr_par' dir='ltr' id='par_1_10' title="bbox 522 1889 1753 1947">
     <span class='ocr_line' id='line_1_25' title="bbox 522 1889 1753 1947; baseline 0.001 -15"><span class='ocrx_word' id='word_1_166' title='bbox 522 1890 639 1947; x_wconf 93' lang='lat' dir='ltr'>quod</span> <span class='ocrx_word' id='word_1_167' title='bbox 669 1889 866 1946; x_wconf 88' lang='lat' dir='ltr'>proferre</span> <span class='ocrx_word' id='word_1_168' title='bbox 896 1889 1042 1946; x_wconf 88' lang='lat' dir='ltr'>palam</span> <span class='ocrx_word' id='word_1_169' title='bbox 1074 1904 1161 1932; x_wconf 93' lang='lat' dir='ltr'>non</span> <span class='ocrx_word' id='word_1_170' title='bbox 1192 1889 1332 1946; x_wconf 88' lang='lat' dir='ltr'>possit</span> <span class='ocrx_word' id='word_1_171' title='bbox 1362 1889 1515 1946; x_wconf 89' lang='lat' dir='ltr'>lingua</span> <span class='ocrx_word' id='word_1_172' title='bbox 1545 1889 1753 1934; x_wconf 87' lang='lat' dir='ltr'>modeste.</span> 
     </span>
    </p>
   </div>
   <div class='ocr_carea' id='block_1_8' title="bbox 359 1985 1930 2391">
    <p class='ocr_par' dir='ltr' id='par_1_11' title="bbox 359 1985 1930 2391">
     <span class='ocr_line' id='line_1_26' title="bbox 359 1985 1930 2044; baseline 0.001 -14"><span class='ocrx_word' id='word_1_173' title='bbox 359 1996 388 2034; x_wconf 83' lang='lat' dir='ltr'>b</span> <span class='ocrx_word' id='word_1_174' title='bbox 407 1988 535 2041; x_wconf 83' lang='lat' dir='ltr'>Quod</span> <span class='ocrx_word' id='word_1_175' title='bbox 576 1987 753 2044; x_wconf 90' lang='lat' dir='ltr'>quidem</span> <span class='ocrx_word' id='word_1_176' title='bbox 795 2001 884 2030; x_wconf 92' lang='lat' dir='ltr'>non</span> <span class='ocrx_word' id='word_1_177' title='bbox 928 1986 1057 2029; x_wconf 91' lang='lat' dir='ltr'>modo</span> <span class='ocrx_word' id='word_1_178' title='bbox 1096 1986 1236 2029; x_wconf 86' lang='lat' dir='ltr'>amico</span> <span class='ocrx_word' id='word_1_179' title='bbox 1282 1985 1359 2028; x_wconf 92' lang='lat' dir='ltr'>sed</span> <span class='ocrx_word' id='word_1_180' title='bbox 1406 2000 1462 2028; x_wconf 90' lang='lat' dir='ltr'>ne</span> <span class='ocrx_word' id='word_1_181' title='bbox 1509 1986 1647 2029; x_wconf 87' lang='lat' dir='ltr'>libero</span> <span class='ocrx_word' id='word_1_182' title='bbox 1693 1987 1870 2031; x_wconf 87' lang='lat' dir='ltr'>homine</span> <span class='ocrx_word' id='word_1_183' title='bbox 1889 1998 1930 2032; x_wconf 79' lang='lat'>2⁵</span> 
     </span>
     <span class='ocr_line' id='line_1_27' title="bbox 405 2054 1871 2115; baseline 0.001 -16"><span class='ocrx_word' id='word_1_184' title='bbox 405 2058 590 2115; x_wconf 87' lang='lat' dir='ltr'>dignum</span> <span class='ocrx_word' id='word_1_185' title='bbox 612 2060 690 2106; x_wconf 87' lang='lat' dir='ltr'>est,</span> <span class='ocrx_word' id='word_1_186' title='bbox 710 2071 808 2099; x_wconf 91' lang='lat' dir='ltr'>cum</span> <span class='ocrx_word' id='word_1_187' title='bbox 831 2070 938 2099; x_wconf 88' lang='lat' dir='ltr'>uera</span> <span class='ocrx_word' id='word_1_188' title='bbox 961 2059 1006 2099; x_wconf 88' lang='lat' dir='ltr'>et</span> <span class='ocrx_word' id='word_1_189' title='bbox 1033 2055 1164 2098; x_wconf 89' lang='lat' dir='ltr'>unica</span> <span class='ocrx_word' id='word_1_190' title='bbox 1195 2055 1376 2098; x_wconf 88' lang='lat' dir='ltr'>libertas</span> <span class='ocrx_word' id='word_1_191' title='bbox 1404 2054 1450 2097; x_wconf 88' lang='lat' dir='ltr'>in</span> <span class='ocrx_word' id='word_1_192' title='bbox 1479 2055 1662 2099; x_wconf 88' lang='lat' dir='ltr'>uirtutis</span> <span class='ocrx_word' id='word_1_193' title='bbox 1682 2057 1871 2113; x_wconf 88' lang='lat' dir='ltr'>speciem</span> 
     </span>
     <span class='ocr_line' id='line_1_28' title="bbox 404 2124 1869 2183; baseline 0 -13"><span class='ocrx_word' id='word_1_194' title='bbox 404 2127 546 2176; x_wconf 87' lang='lat' dir='ltr'>cadat,</span> <span class='ocrx_word' id='word_1_195' title='bbox 562 2131 607 2169; x_wconf 92' lang='lat' dir='ltr'>et</span> <span class='ocrx_word' id='word_1_196' title='bbox 628 2125 860 2183; x_wconf 83' lang='lat' dir='ltr'>turpitudo</span> <span class='ocrx_word' id='word_1_197' title='bbox 880 2139 989 2182; x_wconf 88' lang='lat' dir='ltr'>quos</span> <span class='ocrx_word' id='word_1_198' title='bbox 1010 2124 1151 2167; x_wconf 84' lang='lat' dir='ltr'>inficit</span> <span class='ocrx_word' id='word_1_199' title='bbox 1171 2128 1417 2181; x_wconf 88' lang='lat' dir='ltr'>postremae</span> <span class='ocrx_word' id='word_1_200' title='bbox 1437 2125 1627 2168; x_wconf 86' lang='lat' dir='ltr'>subiciat</span> <span class='ocrx_word' id='word_1_201' title='bbox 1647 2126 1869 2171; x_wconf 86' lang='lat' dir='ltr'>seruituti.</span> 
     </span>
     <span class='ocr_line' id='line_1_29' title="bbox 407 2193 1870 2252; baseline 0.001 -14"><span class='ocrx_word' id='word_1_202' title='bbox 407 2196 681 2239; x_wconf 82' lang='lat' dir='ltr'>Histrionem</span> <span class='ocrx_word' id='word_1_203' title='bbox 718 2210 810 2238; x_wconf 79' lang='lat' dir='ltr'>esse</span> <span class='ocrx_word' id='word_1_204' title='bbox 849 2195 918 2237; x_wconf 91' lang='lat' dir='ltr'>uel</span> <span class='ocrx_word' id='word_1_205' title='bbox 956 2194 1139 2237; x_wconf 87' lang='lat' dir='ltr'>mimum</span> <span class='ocrx_word' id='word_1_206' title='bbox 1177 2193 1408 2236; x_wconf 80' lang='lat' dir='ltr'>infamiam</span> <span class='ocrx_word' id='word_1_207' title='bbox 1451 2194 1615 2250; x_wconf 86' lang='lat' dir='ltr'>ingerit</span> <span class='ocrx_word' id='word_1_208' title='bbox 1646 2194 1727 2245; x_wconf 84' lang='lat' dir='ltr'>his,</span> <span class='ocrx_word' id='word_1_209' title='bbox 1761 2210 1870 2252; x_wconf 87' lang='lat' dir='ltr'>quos</span> 
     </span>
     <span class='ocr_line' id='line_1_30' title="bbox 404 2262 1870 2321; baseline -0.001 -13"><span class='ocrx_word' id='word_1_210' title='bbox 404 2280 431 2308; x_wconf 89' lang='lat' dir='ltr'>a</span> <span class='ocrx_word' id='word_1_211' title='bbox 453 2269 604 2308; x_wconf 82' lang='lat' dir='ltr'>tantae</span> <span class='ocrx_word' id='word_1_212' title='bbox 625 2264 882 2307; x_wconf 85' lang='lat' dir='ltr'>abiectionis</span> <span class='ocrx_word' id='word_1_213' title='bbox 902 2263 1136 2320; x_wconf 86' lang='lat' dir='ltr'>obprobrio</span> <span class='ocrx_word' id='word_1_214' title='bbox 1153 2267 1339 2306; x_wconf 84' lang='lat' dir='ltr'>naturae</span> <span class='ocrx_word' id='word_1_215' title='bbox 1361 2262 1431 2306; x_wconf 89' lang='lat' dir='ltr'>uel</span> <span class='ocrx_word' id='word_1_216' title='bbox 1447 2278 1657 2320; x_wconf 84' lang='lat' dir='ltr'>personae</span> <span class='ocrx_word' id='word_1_217' title='bbox 1674 2263 1870 2321; x_wconf 85' lang='lat' dir='ltr'>dignitas</span> 
     </span>
     <span class='ocr_line' id='line_1_31' title="bbox 404 2332 1930 2391; baseline -0.001 -13"><span class='ocrx_word' id='word_1_218' title='bbox 404 2334 584 2378; x_wconf 83' lang='lat' dir='ltr'>uidetur</span> <span class='ocrx_word' id='word_1_219' title='bbox 616 2334 847 2391; x_wconf 83' lang='lat' dir='ltr'>excepisse.</span> <span class='ocrx_word' id='word_1_220' title='bbox 909 2333 1043 2376; x_wconf 88' lang='lat' dir='ltr'>Porro</span> <span class='ocrx_word' id='word_1_221' title='bbox 1078 2332 1154 2390; x_wconf 90' lang='lat' dir='ltr'>qui</span> <span class='ocrx_word' id='word_1_222' title='bbox 1191 2332 1367 2376; x_wconf 86' lang='lat' dir='ltr'>uultum</span> <span class='ocrx_word' id='word_1_223' title='bbox 1408 2332 1556 2376; x_wconf 88' lang='lat' dir='ltr'>induit</span> <span class='ocrx_word' id='word_1_224' title='bbox 1595 2332 1790 2376; x_wconf 88' lang='lat' dir='ltr'>alienum</span> <span class='ocrx_word' id='word_1_225' title='bbox 1824 2336 1870 2378; x_wconf 85' lang='lat' dir='ltr'>et</span> <span class='ocrx_word' id='word_1_226' title='bbox 1888 2342 1930 2376; x_wconf 80' lang='lat'>30</span> 
     </span>
    </p>
   </div>
   <div class='ocr_carea' id='block_1_9' title="bbox 404 2468 1870 2564">
    <p class='ocr_par' dir='ltr' id='par_1_12' title="bbox 404 2468 1870 2564">
     <span class='ocr_line' id='line_1_32' title="bbox 405 2468 1870 2518; baseline 0.001 -12"><span class='ocrx_word' id='word_1_227' title='bbox 405 2481 425 2516; x_wconf 86' lang='lat'>3</span> <span class='ocrx_word' id='word_1_228' title='bbox 450 2469 629 2517; x_wconf 64' lang='lat' dir='ltr'>ymagine</span> <span class='ocrx_word' id='word_1_229' title='bbox 649 2468 720 2505; x_wconf 75' lang='lat' dir='ltr'>AM</span> <span class='ocrx_word' id='word_1_230' title='bbox 876 2477 915 2515; x_wconf 81' lang='lat'>15</span> <span class='ocrx_word' id='word_1_231' title='bbox 944 2468 1114 2506; x_wconf 82' lang='lat' dir='ltr'>comedia</span> <span class='ocrx_word' id='word_1_232' title='bbox 1131 2469 1164 2504; x_wconf 90' lang='lat' dir='ltr'>A</span> <span class='ocrx_word' id='word_1_233' title='bbox 1308 2479 1351 2516; x_wconf 81' lang='lat'>¹9</span> <span class='ocrx_word' id='word_1_234' title='bbox 1375 2468 1447 2516; x_wconf 82' lang='lat' dir='ltr'>ait]</span> <span class='ocrx_word' id='word_1_235' title='bbox 1466 2469 1591 2516; x_wconf 87' lang='lat' dir='ltr'>inquit</span> <span class='ocrx_word' id='word_1_236' title='bbox 1609 2469 1675 2506; x_wconf 83' lang='lat' dir='ltr'>SM</span> <span class='ocrx_word' id='word_1_237' title='bbox 1822 2480 1870 2518; x_wconf 85' lang='lat'>29</span> 
     </span>
     <span class='ocr_line' id='line_1_33' title="bbox 404 2516 657 2564; baseline -0.008 -10"><span class='ocrx_word' id='word_1_238' title='bbox 404 2516 607 2564; x_wconf 75' lang='lat' dir='ltr'>opprobrio</span> <span class='ocrx_word' id='word_1_239' title='bbox 625 2517 657 2551; x_wconf 81' lang='lat' dir='ltr'><strong>A</strong></span> 
     </span>
    </p>
   </div>
   <div class='ocr_carea' id='block_1_10' title="bbox 407 2595 545 2602">
    <p class='ocr_par' dir='ltr' id='par_1_13' title="bbox 407 2595 545 2602">
     <span class='ocr_line' id='line_1_34' title="bbox 407 2595 545 2602; baseline 0 588"><span class='ocrx_word' id='word_1_240' title='bbox 407 2595 545 2602; x_wconf 95' lang='lat' dir='ltr'> </span> 
     </span>
    </p>
   </div>
   <div class='ocr_carea' id='block_1_11' title="bbox 558 2595 837 2600">
    <p class='ocr_par' dir='ltr' id='par_1_14' title="bbox 558 2595 837 2600">
     <span class='ocr_line' id='line_1_35' title="bbox 558 2595 837 2600; baseline 0 0"><span class='ocrx_word' id='word_1_241' title='bbox 558 2595 837 2600; x_wconf 95' lang='lat' dir='ltr'> </span> 
     </span>
    </p>
   </div>
   <div class='ocr_carea' id='block_1_12' title="bbox 401 2630 1868 2821">
    <p class='ocr_par' dir='ltr' id='par_1_15' title="bbox 401 2630 1868 2821">
     <span class='ocr_line' id='line_1_36' title="bbox 454 2630 1868 2679; baseline 0.001 -10"><span class='ocrx_word' id='word_1_242' title='bbox 454 2643 490 2670; x_wconf 82' lang='grc' dir='ltr'>ιι</span> <span class='ocrx_word' id='word_1_243' title='bbox 523 2634 634 2678; x_wconf 69' lang='lat' dir='ltr'>Neque</span> <span class='ocrx_word' id='word_1_244' title='bbox 651 2636 721 2669; x_wconf 77' lang='lat' dir='ltr'>etc.</span> <span class='ocrx_word' id='word_1_245' title='bbox 741 2644 749 2669; x_wconf 73' lang='grc' dir='ltr'><strong>ε</strong></span> <span class='ocrx_word' id='word_1_246' title='bbox 777 2631 860 2668; x_wconf 83' lang='lat' dir='ltr'>Ter.</span> <span class='ocrx_word' id='word_1_247' title='bbox 880 2632 978 2667; x_wconf 77' lang='lat' dir='ltr'>Eun.</span> <span class='ocrx_word' id='word_1_248' title='bbox 997 2630 1034 2667; x_wconf 87' lang='lat' dir='ltr'>ii.</span> <span class='ocrx_word' id='word_1_249' title='bbox 1054 2641 1084 2667; x_wconf 87' lang='lat'>2.</span> <span class='ocrx_word' id='word_1_250' title='bbox 1104 2641 1162 2675; x_wconf 81' lang='lat'>21,</span> <span class='ocrx_word' id='word_1_251' title='bbox 1181 2640 1236 2667; x_wconf 86' lang='lat'>22.</span> <span class='ocrx_word' id='word_1_252' title='bbox 1435 2641 1474 2679; x_wconf 80' lang='lat'>15</span> <span class='ocrx_word' id='word_1_253' title='bbox 1502 2634 1644 2669; x_wconf 81' lang='lat' dir='ltr'>comeda</span> <span class='ocrx_word' id='word_1_254' title='bbox 1662 2633 1735 2670; x_wconf 88' lang='lat' dir='ltr'>etc.</span> <span class='ocrx_word' id='word_1_255' title='bbox 1752 2644 1761 2670; x_wconf 73' lang='grc' dir='ltr'><strong>ε</strong></span> <span class='ocrx_word' id='word_1_256' title='bbox 1790 2632 1868 2672; x_wconf 84' lang='lat' dir='ltr'>Iuv.</span> 
     </span>
     <span class='ocr_line' id='line_1_37' title="bbox 401 2678 1868 2733; baseline 0.001 -17"><span class='ocrx_word' id='word_1_257' title='bbox 401 2683 475 2716; x_wconf 73' lang='lat' dir='ltr'>Sat.</span> <span class='ocrx_word' id='word_1_258' title='bbox 496 2679 547 2716; x_wconf 84' lang='lat' dir='ltr'>iii.</span> <span class='ocrx_word' id='word_1_259' title='bbox 571 2690 741 2725; x_wconf 71' lang='lat' dir='ltr'>noo-103.</span> <span class='ocrx_word' id='word_1_260' title='bbox 810 2689 852 2733; x_wconf 81' lang='lat'>¹9</span> <span class='ocrx_word' id='word_1_261' title='bbox 884 2680 1103 2715; x_wconf 59' lang='lat' dir='ltr'>Vmbriam:</span> <span class='ocrx_word' id='word_1_262' title='bbox 1135 2678 1211 2715; x_wconf 91' lang='lat' dir='ltr'>Iuv.</span> <span class='ocrx_word' id='word_1_263' title='bbox 1228 2680 1303 2715; x_wconf 81' lang='lat' dir='ltr'>Sat.</span> <span class='ocrx_word' id='word_1_264' title='bbox 1324 2678 1378 2716; x_wconf 87' lang='lat' dir='ltr'>iii.</span> <span class='ocrx_word' id='word_1_265' title='bbox 1394 2690 1449 2717; x_wconf 86' lang='lat'>21.</span> <span class='ocrx_word' id='word_1_266' title='bbox 1516 2690 1561 2716; x_wconf 86' lang='lat'>20</span> <span class='ocrx_word' id='word_1_267' title='bbox 1578 2682 1659 2716; x_wconf 85' lang='lat' dir='ltr'>Non</span> <span class='ocrx_word' id='word_1_268' title='bbox 1669 2693 1794 2717; x_wconf 73' lang='lat' dir='ltr'>eumue</span> <span class='ocrx_word' id='word_1_269' title='bbox 1811 2707 1820 2717; x_wconf 92' lang='lat'><strong>.</strong></span> <span class='ocrx_word' id='word_1_270' title='bbox 1835 2706 1844 2717; x_wconf 93' lang='lat'><strong>.</strong></span> <span class='ocrx_word' id='word_1_271' title='bbox 1859 2708 1868 2719; x_wconf 93' lang='lat'>.</span> 
     </span>
     <span class='ocr_line' id='line_1_38' title="bbox 401 2725 1868 2774; baseline 0.001 -11"><span class='ocrx_word' id='word_1_272' title='bbox 401 2730 582 2764; x_wconf 63' lang='lat' dir='ltr'>ruceauie:</span> <span class='ocrx_word' id='word_1_273' title='bbox 626 2728 700 2763; x_wconf 84' lang='lat' dir='ltr'>luv.</span> <span class='ocrx_word' id='word_1_274' title='bbox 725 2730 799 2763; x_wconf 76' lang='lat' dir='ltr'>Sat.</span> <span class='ocrx_word' id='word_1_275' title='bbox 828 2725 879 2763; x_wconf 75' lang='lat' dir='ltr'>xii.</span> <span class='ocrx_word' id='word_1_276' title='bbox 907 2736 1087 2771; x_wconf 77' lang='lat'>¹04—107;</span> <span class='ocrx_word' id='word_1_277' title='bbox 1121 2726 1220 2771; x_wconf 83' lang='lat' dir='ltr'>quod</span> <span class='ocrx_word' id='word_1_278' title='bbox 1250 2726 1422 2773; x_wconf 79' lang='lat' dir='ltr'>sequitur</span> <span class='ocrx_word' id='word_1_279' title='bbox 1446 2739 1513 2774; x_wconf 87' lang='lat' dir='ltr'>pro</span> <span class='ocrx_word' id='word_1_280' title='bbox 1539 2727 1662 2765; x_wconf 76' lang='lat' dir='ltr'>uerbis</span> <span class='ocrx_word' id='word_1_281' title='bbox 1680 2726 1868 2766; x_wconf 73' lang='lat' dir='ltr'>luvenali-</span> 
     </span>
     <span class='ocr_line' id='line_1_39' title="bbox 402 2773 1257 2821; baseline -0.002 -10"><span class='ocrx_word' id='word_1_282' title='bbox 402 2775 527 2812; x_wconf 79' lang='lat' dir='ltr'>minu·</span> <span class='ocrx_word' id='word_1_283' title='bbox 555 2774 732 2812; x_wconf 65' lang='lat' dir='ltr'>modoetia</span> <span class='ocrx_word' id='word_1_284' title='bbox 756 2774 954 2821; x_wconf 67' lang='lat' dir='ltr'>supposuit</span> <span class='ocrx_word' id='word_1_285' title='bbox 981 2773 1059 2821; x_wconf 74' lang='lat' dir='ltr'>ipse</span> <span class='ocrx_word' id='word_1_286' title='bbox 1087 2773 1257 2810; x_wconf 76' lang='lat' dir='ltr'>Ioannes.</span> 
     </span>
    </p>
   </div>
   <div class='ocr_carea' id='block_1_13' title="bbox 515 2847 576 2890">
    <p class='ocr_par' dir='ltr' id='par_1_16' title="bbox 515 2847 576 2890">
     <span class='ocr_line' id='line_1_40' title="bbox 515 2847 576 2890; baseline -0.033 -10"><span class='ocrx_word' id='word_1_287' title='bbox 515 2847 576 2890; x_wconf 83' lang='lat'>¹7⁸</span> 
     </span>
    </p>
   </div>
  </div>
 </body>
</html>
