1994 3190
175 206 182 214 ι
234 148 318 189 503
337 140 368 179 b
715 136 977 181 IOANNIS
1017 136 1532 182 SARESBERIENSIS
1665 135 1778 197 [ΠΒ.
1794 140 1860 182 ΠῙ
1890 185 1892 187 ,

387 296 496 354 Cap.
522 309 588 352 13.
639 295 761 350 Quia
779 295 1027 340 ‘mendicari
1039 300 1244 352 possunt,
1258 310 1372 353 quae
1387 300 1495 340 sunt
1509 295 1859 341 adulationibus

502 366 740 424 adquisita
753 385 772 416 ,·
801 370 839 410 et
858 366 912 409 de
931 365 1168 410 temonibus
1183 370 1221 409 et
1236 365 1450 410 ‘mollibus
1470 369 1509 410 et
1523 381 1648 423 pena
1668 380 1827 410 corum
1837 384 1857 417 ;

502 440 541 479 et
570 435 692 492 quod
721 435 956 492 pudicitia
985 435 1166 492 auferri
1197 450 1294 479 ‘non
1323 439 1465 493 potest
1496 435 1730 486 uiolenter,
1760 435 1859 478 nisi

501 520 628 549 ‘mens
646 505 751 562 ipsa
769 505 1028 549 consentiat.

346 623 371 652 c
446 603 586 660 Atqui
616 602 820 645 adulator
849 602 889 645 ei
920 616 1199 659 nequaquam
1229 616 1384 658 parere
1418 604 1576 659 potest,
1611 602 1688 659 qui
1719 601 1858 645 nichil
1875 621 1894 654 5

387 672 511 715 aliud
535 672 710 729 quaerit
735 671 822 714 nisi
848 674 900 713 ut
919 671 1118 728 placeat3
1148 671 1186 713 si
1206 673 1365 727 potest,
1385 686 1464 727 per
1493 685 1566 724 se3
1596 671 1666 714 sin
1693 674 1857 724 autem,

387 756 619 798 personam
648 740 923 797 suppositam
953 739 1139 796 quaerit,
1163 754 1347 782 uxorem
1383 739 1500 782 forte
1535 739 1726 783 aliamue
1756 755 1857 783 con-

386 811 584 854 iunctam
616 810 686 852 uel
716 810 812 852 iure
842 809 914 851 uel
944 809 1184 851 affectione.
1243 808 1431 851 Affectio
1460 811 1610 851 tamen
1644 809 1859 852 efficacior

387 882 467 931 est,
487 894 538 922 eo
558 879 676 936 quod
700 879 757 921 ad
783 882 990 921 naturam
1016 877 1282 920 familiarius
1311 877 1490 928 accedit,
1509 878 1682 935 ipsique
1703 878 1860 921 unitur

387 949 562 992 animae
602 947 810 1006 quicquid
850 947 1094 990 affectionis
1134 946 1283 989 federe
1321 947 1567 1004 copulatur.
1645 947 1750 990 Non
1791 950 1859 991 est
1878 964 1920 989 10

386 1019 541 1075 utique
587 1017 872 1075 perniciosior
917 1017 1159 1059 assentatio
1199 1031 1333 1073 quam
1373 1031 1426 1059 ea
1465 1031 1578 1073 quae
1613 1016 1858 1060 affectionis
1898 1023 1900 1025 ’

387 1088 642 1131 inductione
681 1087 891 1144 procedit.
950 1085 1061 1128 Inde
1105 1088 1172 1128 est
1212 1085 1331 1142 quod
1370 1099 1499 1142 saepe
1530 1084 1682 1127 mariti
1717 1085 1859 1129 artius

387 1158 729 1215 amplectuntur,
769 1159 815 1199 et
858 1171 903 1198 se
943 1155 1160 1198 riualibus
1195 1155 1287 1198 suis
1326 1157 1556 1212 exponunt
1594 1155 1782 1212 plenius,
1812 1158 1858 1198 et

387 1227 562 1284 saepius
602 1226 800 1268 inuitant
837 1225 895 1267 ad
930 1239 1083 1268 cenam
1116 1224 1389 1267 matrimonii
1423 1226 1714 1282 corruptores,
1749 1224 1857 1267 dum

389 1295 460 1353 (ut
494 1295 833 1353 prouerbialiter
867 1294 1031 1337 dicitur
1060 1297 1234 1337 amator
1262 1294 1467 1337 incautus
1496 1293 1682 1351 pudicae
1713 1294 1856 1352 magis
1878 1311 1942 1348 ι57

389 1365 536 1423 uxori)
563 1379 696 1421 quam
721 1363 974 1406 infidelibus
998 1363 1136 1406 oculis
1159 1363 1310 1406 credit.
1370 1363 1530 1406 Nonne
1550 1363 1659 1406 satis
1679 1363 1859 1406 delusus

343 1441 372 1481 d
391 1439 457 1478 est
483 1435 559 1491 qui
586 1434 723 1477 oculis
754 1433 845 1476 suis
872 1433 1160 1476 assertionem
1188 1432 1439 1486 femineam,
1461 1447 1574 1490 quae
1598 1447 1656 1476 ex
1684 1447 1736 1476 eo
1765 1433 1859 1476 solo

390 1504 554 1560 decipit
574 1503 769 1546 crebrius
795 1503 913 1559 quod
943 1502 1226 1559 intercipitur
1253 1502 1408 1553 rarius,
1429 1502 1695 1560 anteponit?
1755 1502 1859 1546 Pica

389 1574 605 1631 siquidem
627 1573 875 1630 puluinaris
895 1572 1192 1616 efficacissima
1218 1574 1286 1616 est
1306 1575 1364 1624 et,
1383 1575 1436 1615 ut
1457 1572 1543 1615 dici
1564 1572 1687 1625 solet,
1702 1572 1858 1616 cornix

389 1646 606 1686 nocturna
626 1643 784 1699 quouis
803 1645 977 1685 oratore
997 1641 1215 1693 disertior,
1236 1644 1282 1685 et
1300 1642 1511 1699 cuiusque
1535 1642 1679 1699 operis
1699 1641 1858 1685 faciem
1878 1656 1922 1681 ²0

391 1726 666 1769 quocumque
704 1711 886 1754 libuerit
920 1711 1062 1754 colore
1094 1711 1243 1755 uestit.
1315 1711 1413 1764 Quo
1453 1726 1558 1769 ergo
1592 1712 1774 1763 cautior,
1808 1726 1860 1756 eo

391 1781 635 1838 suspectior
654 1780 858 1823 habenda
888 1784 967 1824 est.
1027 1780 1076 1823 Si
1104 1780 1231 1823 dolus
1258 1780 1382 1824 dedit
1402 1796 1578 1824 causam
1601 1781 1861 1833 contractui,

392 1850 670 1902 rescinditur,
705 1853 751 1892 et
791 1853 1058 1893 reuocantur
1096 1850 1246 1893 omnia
1279 1864 1392 1907 quae
1434 1865 1490 1893 ex
1525 1865 1576 1893 eo
1615 1850 1687 1893 uel
1722 1850 1779 1894 ob
1812 1850 1861 1894 id

391 1919 592 1977 profecta
631 1922 746 1962 sunt.
820 1918 1016 1962 Heredes
1048 1933 1221 1976 quoque
1257 1919 1457 1962 defuncti
1496 1919 1544 1962 in
1583 1919 1773 1962 solidum
1813 1922 1860 1963 et

392 1989 439 2031 in
483 1992 746 2046 perpetuum
790 1991 1000 2031 tenentur
1040 1988 1094 2030 de
1134 2003 1195 2039 eo,
1237 1988 1354 2045 quod
1393 1988 1451 2031 ad
1497 2003 1570 2031 eos
1609 1988 1860 2033 constiterit
1878 2006 1919 2041 ²⁵

392 2058 656 2115 peruenisse.
716 2057 802 2100 Sed
828 2057 934 2113 quid
965 2056 1193 2099 adulatore
1221 2057 1447 2100 dolosius?
1507 2057 1569 2100 At
1589 2057 1722 2100 michi
1743 2056 1860 2102 forte

392 2127 554 2171 obicies
593 2126 698 2184 quia
738 2141 825 2169 non
862 2140 1013 2169 omnes
1045 2126 1163 2169 noui.
1235 2126 1401 2169 Verum
1437 2126 1614 2183 quidem
1651 2130 1743 2179 est;
1784 2127 1861 2171 sed

392 2212 419 2239 a
450 2196 603 2239 multis
633 2196 765 2239 michi
796 2195 999 2238 didicisse
1029 2195 1184 2238 uideor
1212 2195 1409 2238 omnium
1445 2210 1597 2238 mores.
1658 2195 1862 2240 Duellius

394 2266 481 2308 iam
503 2280 649 2316 senex,
666 2265 752 2307 iarn
774 2264 1022 2321 decrepitus
1037 2278 1217 2321 corpore
1237 2265 1452 2321 cordeque
1473 2266 1693 2315 trementi,
1709 2265 1862 2309 dolens

245 2350 327 2390 50⁴
347 2334 478 2380 asibi
519 2334 834 2392 exprobratum
875 2348 967 2376 esse
1001 2333 1046 2375 in
1087 2333 1231 2390 iurgio
1267 2334 1383 2391 quod
1422 2334 1510 2377 oris
1548 2334 1661 2377 uitio
1694 2333 1861 2378 fetidus
1879 2355 1922 2390 30

394 2408 520 2456 esset,
550 2420 596 2447 se
626 2404 804 2446 domum
835 2402 1037 2446 contulit.
1098 2402 1298 2460 Cumque
1333 2403 1461 2446 uxori
1496 2403 1679 2461 grauius
1709 2418 1861 2461 quere-

395 2540 415 2575 7
441 2530 673 2578 subpositum
693 2529 718 2567 S
862 2539 905 2577 25
931 2529 1214 2577 imperpetuum
1232 2529 1264 2565 A

446 2643 497 2683 18,
522 2651 563 2684 ¹9
590 2642 675 2676 Pica
688 2641 925 2695 puluinaria:
954 2638 1184 2694 PetronSat.
1204 2637 1222 2685 ξ
1244 2648 1300 2685 37.
1443 2649 1486 2675 22
1512 2641 1554 2675 Sa·
1570 2641 1675 2676 dolus
1691 2641 1790 2678 etc-2
1815 2639 1861 2678 de

393 2689 472 2723 dolo
492 2689 584 2722 malo
602 2700 632 2723 v.
652 2687 736 2734 ng.
755 2698 799 2723 w.
819 2697 862 2731 3;
889 2687 936 2723 cf.
956 2698 1056 2722 xvm.
1081 2696 1107 2721 ι.
1125 2697 1181 2731 43.
1355 2696 1397 2731 2⁴
1428 2688 1582 2723 Heredes
1599 2690 1692 2724 etc.:
1718 2700 1749 2724 v.
1772 2686 1861 2725 Cod.

398 2734 530 2770 luntin.
546 2734 588 2770 iv.
615 2744 664 2779 17.
811 2737 854 2770 28
876 2735 1041 2770 Duellius·
1058 2735 1147 2769 etc.:
1173 2745 1203 2769 v.
1218 2732 1371 2769 Hieron.
1388 2736 1464 2769 adr.
1486 2736 1597 2770 Iovin.
1614 2733 1637 2770 i.
1650 2736 1696 2779 46
1717 2734 1861 2781 (Migne

396 2784 436 2819 Ρ.
455 2784 495 2818 1,.
516 2781 619 2819 xxiii.
639 2791 703 2830 275
722 2796 730 2826 ς
756 2781 900 2820 Seneca
916 2783 958 2817 de
976 2782 1211 2818 Matr-[monio
1230 2781 1363 2828 fragm.
1382 2791 1428 2827 70
1445 2781 1502 2819 ed.
1521 2782 1675 2829 Haase).

508 2852 572 2886 216
