1994 3190
242 175 324 215 445
343 175 374 204 a
581 136 584 138 “
721 163 982 208 IOANNIS
1027 164 1542 210 SARESBERIENSIS
1695 165 1804 226 [ΗΒ.
1819 176 1862 210 11

389 285 636 341 praenouit.
695 285 792 328 Hoc
812 285 1015 341 equidem
1035 301 1115 329 nec
1134 287 1368 344 gentilium
1389 301 1512 329 error
1537 286 1653 330 circa
1671 301 1751 329 sua
1770 301 1861 330 non

390 358 483 396 tam
522 355 708 398 numina
750 370 882 412 quam
929 355 1133 398 demonia
1181 356 1451 414 dignabatur
1496 357 1742 408 admittere,
1783 356 1860 413 qui

392 423 583 480 Stigiam
629 424 835 481 paludem
882 424 968 467 diis
1014 425 1214 481 peruiam
1258 440 1351 468 esse
1390 426 1625 483 negabant,
1666 426 1861 469 dicentes

392 507 489 535 eam
539 493 743 536 omnibus
788 493 1086 536 uenerandam
1133 496 1179 537 et
1224 509 1538 551 usquequaque
1583 495 1784 538 illicitam
1834 509 1862 536 a

343 567 372 605 b
391 562 625 605 celestibus
665 562 908 619 praeteriri.
982 562 1154 606 Mentes
1194 553 1384 620 na’mque
1428 563 1655 606 celestium
1695 563 1861 606 obliuio
1879 579 1900 615 5

391 646 482 674 non
510 632 740 689 contingit.
800 631 1031 688 Numquid
1059 647 1163 689 ergo
1190 632 1299 675 fides
1326 633 1508 689 recipiet
1535 633 1652 689 quod
1682 633 1736 675 de
1766 633 1861 675 Deo

392 704 438 743 et
479 701 576 758 ipsa
614 701 800 758 perfidia
838 701 1077 744 abhorret?
1136 700 1324 744 Constat
1362 705 1512 744 autem
1552 701 1672 758 apud
1710 715 1862 744 omnes

391 770 497 826 quia
528 770 649 813 Deus
683 771 767 814 scit
800 770 911 812 illud
940 785 1029 812 non
1061 785 1154 813 esse
1184 770 1400 820 futurum,
1430 770 1514 813 etsi
1543 770 1742 827 plerique
1772 785 1862 813 non

391 840 607 896 recipiant
644 839 771 882 illum
803 853 928 896 posse
968 839 1078 882 scire
1114 843 1194 882 aut
1228 854 1317 882 non
1349 854 1475 896 posse
1510 839 1620 882 scire
1652 840 1734 882 hoc
1769 854 1862 882 esse

390 908 607 959 futurum,
627 923 682 951 ne
703 923 803 951 eum
827 908 1142 951 mutabilitatis
1167 911 1275 951 nota
1301 908 1373 951 uel
1399 908 1663 964 impotentia
1685 908 1862 952 inurere
1882 924 1924 949 10

390 978 639 1021 uideantur.
699 977 788 1020 Sed
822 980 916 1020 esto
954 980 1007 1019 ut
1041 976 1174 1027 Deus,
1205 977 1414 1034 quoniam
1445 977 1528 1020 hoc
1561 977 1760 1034 plerique
1795 993 1861 1021 re-

391 1047 574 1104 cipiunt,
603 1046 754 1103 possit,
786 1046 892 1088 dum
925 1049 1075 1088 tamen
1111 1045 1166 1104 (si
1199 1046 1295 1089 fieri
1330 1046 1494 1103 potest)
1530 1047 1748 1103 positione
1782 1050 1863 1090 aut

389 1116 697 1159 coniunctione
729 1130 818 1158 non
850 1129 1010 1172 pecces,
1041 1115 1152 1158 scire
1185 1115 1302 1172 quod
1332 1129 1422 1158 non
1451 1115 1550 1168 scit,
1577 1130 1666 1159 non
1695 1116 1751 1159 ob
1780 1116 1863 1160 hoc

391 1199 492 1228 eum
524 1199 617 1227 esse
649 1184 907 1226 mutabilem
947 1184 1046 1240 quis
1085 1184 1321 1235 conuincit‚
1360 1184 1486 1227 cuius
1525 1185 1733 1228 scientiae
1773 1200 1862 1228 non

391 1253 564 1297 decedit
584 1253 752 1309 aliquid
772 1253 844 1296 uel
865 1253 1043 1304 accedit,
1059 1268 1159 1296 cum
1174 1253 1286 1296 illud
1306 1254 1447 1296 solum
1469 1254 1516 1295 in
1531 1269 1679 1297 rerum
1700 1257 1863 1298 natura
1883 1273 1924 1308 15

391 1338 547 1366 uerum
579 1338 671 1366 esse
702 1323 943 1380 contingat,
973 1323 1091 1379 quod
1120 1322 1195 1366 ille
1225 1323 1282 1366 ab
1311 1323 1440 1366 initio
1469 1323 1729 1367 stabilitatis
1758 1339 1864 1368 suae

352 1405 376 1435 c
393 1396 558 1450 puncto
588 1393 807 1450 praefixit.
866 1391 987 1434 Dum
1022 1395 1172 1435 tamen
1211 1393 1293 1436 hoc
1327 1393 1550 1450 recipitur,
1585 1394 1866 1437 exactissima

393 1462 626 1519 diligentia
661 1461 1014 1518 praecauendum
1050 1464 1129 1512 est,
1159 1476 1215 1504 ne
1243 1462 1449 1519 cognatio
1478 1462 1708 1505 modorum
1739 1463 1866 1506 uerbi

393 1546 526 1588 quam
561 1531 823 1588 Apollonius
857 1530 1040 1581 inducit,
1072 1531 1307 1588 quicquam
1337 1531 1547 1588 perfidiae
1581 1532 1756 1589 ingerat
1785 1535 1866 1576 aut

392 1600 614 1643 falsitatis.
686 1599 809 1643 Haec
847 1600 945 1656 ipsa
983 1614 1156 1656 quoque
1195 1600 1465 1657 possibilitas
1504 1601 1736 1644 eueniendi
1775 1616 1865 1645 non
1885 1618 1928 1642 20

392 1669 568 1712 leuitati
600 1669 720 1711 illius
750 1669 826 1726 qui
856 1683 946 1711 non
975 1671 1192 1721 mouetur,
1218 1669 1295 1711 sed
1325 1684 1472 1712 rerum
1503 1669 1722 1722 facilitati,
1752 1685 1866 1728 quae

391 1741 555 1782 natura
581 1753 670 1781 non
697 1738 959 1795 indignante
982 1738 1151 1780 moueri
1178 1742 1375 1795 possunt,
1395 1739 1709 1783 conuenienter
1735 1740 1867 1784 ascri·

391 1809 524 1851 bitur.
596 1808 749 1850 Manet
793 1807 943 1863 itaque
989 1821 1304 1865 usquequaque
1350 1808 1587 1851 immobilis
1633 1809 1868 1867 integritas

391 1877 601 1920 scientiae
632 1876 728 1927 Dei,
759 1879 805 1919 et
835 1876 873 1919 si
905 1876 1012 1933 quid
1052 1876 1284 1920 uarietatis
1318 1877 1450 1921 alicui
1485 1877 1613 1929 inest,
1647 1893 1737 1921 non
1771 1885 1866 1922 tam

391 1946 570 1990 scientis
604 1960 736 2002 quam
766 1945 976 1988 scitorum
1007 1946 1284 1989 mutabilitas
1313 1949 1391 1989 est.
1451 1946 1575 1990 Licet
1604 1947 1721 1990 enim
1753 1962 1865 2005 quae
1885 1966 1927 2001 25

392 2015 577 2059 scientia
625 2014 708 2057 Dei
758 2014 1076 2071 complectitur,
1122 2015 1414 2058 mutabilitati
1461 2015 1729 2067 subiaceant,
1769 2017 1866 2074 ipsa

394 2089 542 2128 tamen
574 2083 850 2126 alterationis
879 2083 997 2126 uices
1027 2084 1219 2141 ignorat,
1246 2087 1291 2126 et
1320 2099 1409 2127 uno
1439 2084 1654 2142 singulari
1685 2089 1866 2143 aspectu
1927 2088 1930 2091 ’

393 2157 440 2198 et
484 2152 728 2202 indiuiduo,
767 2152 965 2195 omnium
1006 2167 1118 2210 quae
1164 2152 1250 2196 dici
1294 2156 1374 2196 aut
1417 2168 1691 2210 quocumque
1734 2169 1867 2198 sensu

396 2221 638 2279 excogitari
660 2225 856 2278 possunt,
876 2221 1214 2264 uniuersitatem
1245 2221 1412 2265 claudit
1438 2225 1484 2265 et
1507 2223 1726 2276 continet;
1757 2224 1867 2268 adeo

353 2302 382 2343 d
399 2291 601 2349 equidem
622 2291 716 2333 sine
737 2294 860 2333 motu
881 2293 933 2333 ut
952 2290 1108 2334 localia
1126 2291 1220 2334 sine
1240 2290 1345 2346 loco,
1366 2291 1592 2334 nascentia
1612 2293 1706 2337 sine
1725 2293 1868 2349 initio,
1886 2311 1928 2345 30

399 2359 656 2404 decedentia
675 2359 769 2402 sine
790 2360 888 2411 fine,
907 2359 1172 2403 fluctuantia
1191 2359 1285 2403 sine
1311 2359 1585 2412 alteratione,
1606 2362 1869 2419 temporalia

398 2475 418 2511 7
445 2465 500 2512 et]
519 2464 581 2501 1101
600 2463 711 2500 A’SM
859 2474 903 2500 10
927 2462 990 2500 1101
1010 2463 1235 2510 impotentia
1253 2465 1344 2500 nota
1361 2462 1385 2499 S
1498 2464 1701 2502 uideantur
1716 2465 1867 2504 inurere

398 2515 429 2550 A
574 2523 613 2549 21
644 2511 761 2557 illius]
782 2510 900 2558 ipsiu·
918 2511 955 2547 Μ
1101 2522 1147 2557 30
1171 2510 1326 2557 quidem
1346 2511 1384 2547 M

449 2626 492 2662 ¹9
517 2618 755 2671 Apollonium
794 2627 841 2652 sc.
878 2613 1104 2661 Apollonius
1137 2614 1168 2650 D
1197 2613 1317 2650 ocolus
1350 2614 1630 2659 grammaticus.
1683 2614 1788 2652 Nihil
1820 2616 1867 2653 de

399 2667 627 2710 cognatione
658 2663 855 2699 modorum
883 2662 984 2698 verbi
1016 2662 1062 2698 ab
1090 2661 1171 2708 Apo
1190 2660 1292 2698 101110
1317 2661 1474 2698 inducta
1503 2663 1605 2710 apud
1631 2662 1866 2701 Priscianum

400 2711 586 2748 invenies:
614 2723 682 2747 nec
710 2710 808 2746 unde
834 2710 905 2746 hoc
928 2708 1130 2756 sumpserit
1154 2709 1312 2745 Ioannes
1337 2709 1526 2746 coniiccre
1552 2722 1710 2756 possum.
1759 2711 1867 2756 Quod

399 2761 527 2796 tamen
545 2759 591 2795 ‹lo
607 2757 705 2794 verbi
721 2757 840 2794 modin
853 2757 982 2794 docuit
995 2756 1226 2803 Apollonius.
1243 2756 1349 2794 cuius
1361 2756 1457 2794 liber
1469 2759 1512 2794 de
1528 2759 1628 2795 verbo
1642 2770 1718 2795 non
1734 2761 1866 2803 exstat,

400 2805 556 2853 collegit
574 2806 698 2853 Egger
716 2807 934 2853 Apollonius
951 2806 1110 2851 Dyscole,
1128 2816 1193 2852 pp,
1214 2814 1275 2850 147
1292 2815 1393 2851 seqq.

511 2877 574 2913 116
