1994 3190
235 186 324 227 509
343 174 372 215 d

249 861 324 901 510
344 861 374 891 a

348 1750 378 1789 b

717 168 919 213 IOANN
921 167 979 212 IS
1020 166 1535 212 SARESBERIENSIS
1669 164 1781 226 [ΗΒ.
1795 176 1856 209 111
1919 206 1922 209 .

387 289 564 347 aucupii
604 291 823 340 noctuam,
862 303 976 346 quae
1015 287 1190 333 Cesaris
1222 290 1373 331 noctes
1406 287 1746 345 inquietauerat‚
1780 299 1857 343 spe

387 359 582 417 ingentis
613 358 798 415 praemii
829 361 1005 416 captam
1035 358 1143 401 tulit
1176 357 1234 400 ad
1268 357 1487 402 Cesarem.
1544 356 1746 399 Laudabo
1775 355 1856 398 im-

386 431 567 486 perator
585 427 706 470 mille
724 441 929 470 nummos
952 427 1049 470 dari
1069 427 1211 471 iussit.
1269 427 1332 470 At
1354 427 1429 470 ille
1448 441 1583 470 ausus
1603 428 1671 469 est
1690 425 1857 468 dicere:

388 498 508 540 Malo
546 497 686 548 uiuat,
718 511 934 554 auemque
972 497 1152 540 dimisit.
1212 496 1425 553 Abiitque
1459 498 1699 540 contumax
1732 494 1858 537 miles

387 581 478 610 non
499 566 594 609 sine
614 565 907 609 admiratione
927 565 1182 616 multorum,
1203 564 1362 610 Cesare
1382 579 1471 608 non
1492 565 1667 608 offenso.
1726 563 1857 606 Vete-
1877 581 1896 615 5

389 651 525 679 ranus
551 650 652 679 cum
678 635 763 678 sibi
790 634 862 678 die
885 635 1005 678 dicto
1030 635 1358 692 periclitaretur
1384 633 1589 678 Cesarem
1613 633 1791 691 rogauit
1810 633 1858 675 in

389 705 566 763 publico
585 708 639 748 ut
657 705 853 758 adesset3
882 705 956 748 ille
976 704 1406 761 praestantissimum
1430 703 1707 753 aduocatum,
1728 717 1859 759 quem

390 775 594 832 elegerat,
626 774 720 817 sine
749 789 874 817 mora
903 773 1035 824 dedit,
1065 773 1477 829 commendauitque
1507 771 1547 815 ei
1577 772 1859 829 litigatorem.

391 844 638 887 Veteranus
672 845 821 886 autem
861 843 1129 886 exclamauit
1165 857 1272 886 uoce
1310 856 1496 899 magna:
1540 841 1604 884 At
1642 855 1732 884 non
1767 855 1860 898 ego,

391 912 537 964 Cesar,
563 913 842 970 periclitante
868 915 913 955 te
939 912 1055 955 bello
1081 911 1274 964 Actiaco,
1298 911 1516 954 uicarium
1547 910 1758 967 quaesiui,
1782 909 1860 953 sed
1879 926 1921 950 10

389 997 470 1040 pro
519 986 564 1025 te
613 981 706 1039 ipse
754 981 977 1039 pugnaui3
1035 980 1293 1037 detexitque
1341 980 1576 1037 impressas
1625 979 1861 1023 cicatrices.

390 1052 583 1105 Erubuit
610 1050 747 1095 Cesar
771 1051 984 1108 uenitque
1011 1051 1058 1092 in
1084 1050 1430 1100 aduocationem,
1455 1052 1509 1092 ut
1535 1049 1611 1106 qui
1632 1050 1862 1092 uereretur

390 1136 479 1165 non
500 1121 716 1178 superbus
734 1123 913 1164 tantum
933 1120 1010 1163 sed
1031 1120 1165 1163 etiam
1183 1120 1387 1177 ingratus
1398 1119 1554 1163 uideri.
1605 1118 1863 1162 Intrauerat

391 1191 546 1234 urbem
594 1190 844 1233 adolescens
893 1189 1145 1233 simillimus
1195 1188 1359 1240 cesari,
1405 1189 1754 1246 perductumque
1803 1187 1862 1231 ad

393 1259 598 1304 Cesarem
623 1259 918 1317 interrogauit
938 1259 1192 1316 Augustus:
1227 1258 1311 1317 Dic
1331 1258 1478 1310 michi,
1497 1257 1758 1309 adolescens,
1772 1256 1862 1301 fuit
1882 1269 1920 1304 Ῑ5

391 1344 604 1386 umquam
638 1332 782 1371 mater
815 1331 896 1372 tua
925 1328 1121 1371 Romae?
1180 1327 1379 1385 Negauit
1407 1327 1494 1378 ille,
1519 1341 1599 1370 nec
1628 1328 1863 1371 contentus

391 1398 567 1441 adiecit:
594 1397 681 1440 Sed
696 1399 824 1455 pater
838 1413 961 1441 meus
976 1413 1116 1455 saepe.
1165 1397 1256 1441 Ioci
1273 1398 1423 1455 itaque
1438 1398 1676 1456 asperitate
1691 1398 1864 1440 urbana

392 1468 599 1510 notitiam
634 1467 832 1510 omnium
867 1470 913 1511 et
947 1466 1300 1511 familiaritatem
1331 1468 1610 1525 imperatoris
1643 1467 1728 1510 sibi
1758 1481 1862 1511 con-

392 1536 573 1580 ciliauit.
633 1536 865 1594 Augustus
899 1537 946 1580 in
987 1537 1227 1580 Pollionem
1262 1537 1498 1594 scripserat
1530 1537 1863 1581 Phescenninos.

395 1606 457 1648 At
484 1620 576 1663 ego,
603 1606 750 1662 inquit
777 1606 927 1657 Pollio,
946 1609 1093 1659 taceo;
1137 1621 1226 1650 non
1254 1609 1321 1650 est
1344 1607 1441 1650 leue
1467 1607 1515 1649 in
1544 1622 1644 1650 eum
1674 1606 1862 1651 scribere
1882 1624 1925 1648 πο

395 1676 471 1732 qui
492 1678 639 1732 potest
658 1675 939 1732 proscribere.
999 1675 1126 1719 Sicut
1151 1679 1301 1719 autem
1325 1691 1415 1719 non
1442 1675 1571 1720 facile
1591 1676 1864 1734 concipiebat

396 1746 519 1795 iram,
540 1745 605 1787 ita
624 1759 703 1788 nec
725 1744 853 1788 facile
868 1745 1135 1788 admittebat
1149 1745 1206 1788 ad
1221 1746 1487 1798 amicitiam3
1516 1749 1562 1789 et
1581 1760 1711 1803 quem
1731 1745 1866 1789 semel

395 1814 646 1864 admiserat,
685 1814 1038 1857 constantissime
1073 1815 1304 1859 retinebat.
1388 1815 1543 1858 Eidem
1582 1815 1700 1859 inter
1738 1815 1865 1858 uaria

395 1883 608 1927 dedecora
627 1898 654 1926 a
677 1883 867 1940 quodam
888 1884 1095 1941 probrose
1115 1884 1335 1928 obiectum
1357 1887 1424 1928 est
1444 1884 1562 1942 quod
1582 1884 1864 1941 adoptionem

394 1952 604 1996 auunculi
625 1955 780 2010 stupro
799 1954 1022 2004 meruerit,
1042 1954 1147 2011 quia
1173 1969 1274 1997 eum
1301 1954 1445 1997 Iulius
1468 1954 1610 1997 artius
1635 1953 1864 1997 admisisse
1883 1968 1924 2003 ²5

397 2022 543 2066 dictus
578 2024 656 2072 est,
688 2036 776 2065 non
807 2022 901 2065 sine
932 2038 1108 2066 rumore
1139 2026 1387 2080 prostratae
1426 2023 1678 2081 pudicitiae.
1736 2023 1865 2066 Alius

397 2105 570 2149 quoque
591 2090 732 2134 eidem
754 2091 895 2134 iratus
915 2091 1076 2135 obiecit
1095 2092 1213 2149 quod
1233 2092 1389 2135 solitus
1409 2095 1523 2136 esset
1542 2107 1671 2135 crura
1691 2092 1866 2136 ardenti

397 2160 608 2204 suburere
640 2159 746 2211 face,
774 2175 861 2217 quo
888 2161 1062 2204 mollior
1087 2165 1288 2219 surgeret
1311 2162 1439 2219 pilus.
1498 2161 1586 2204 Sed
1613 2164 1659 2205 et
1686 2176 1737 2205 eo
1763 2162 1865 2204 tim-

398 2230 644 2287 panizante,
666 2232 719 2272 ut
745 2229 791 2271 in
819 2229 962 2286 primo
987 2230 1099 2273 libro
1129 2230 1293 2273 dixisse
1323 2245 1393 2273 me
1422 2231 1629 2275 memini:
1664 2230 1866 2281 Videsne,

399 2298 547 2356 inquit
566 2298 763 2356 plebeius
783 2298 975 2355 quidam,
1000 2301 1052 2342 ut
1078 2299 1258 2343 cinedus
1284 2300 1434 2343 orbem
1455 2300 1598 2358 digito
1617 2302 1866 2358 temperat?
1885 2317 1927 2351 30

402 2428 441 2457 2ι
471 2416 616 2462 autem]
634 2417 737 2453 enim
757 2417 788 2452 A
932 2419 976 2455 28
1002 2418 1085 2455 sace
1102 2418 1279 2457 suburere
1300 2418 1339 2455 M

451 2531 468 2569 5
495 2517 691 2557 memma
707 2523 801 2558 eta:
827 2521 1121 2558 v.Mac1-ob.sac,
1140 2521 1178 2558 ii.
1197 2532 1218 2567 4
1238 2520 1255 2569 ξ
1275 2531 1332 2567 27.
1433 2532 1474 2569 13
1493 2524 1705 2559 Intraum-at
1721 2524 1793 2561 etc.
1808 2536 1816 2560 ε
1834 2536 1866 2561 v.

402 2568 569 2606 Mam-ob.
584 2571 658 2605 Sat.
676 2568 715 2604 ii.
733 2579 754 2613 ⁴
774 2567 791 2616 ξ
812 2579 869 2606 2ο.
971 2579 1012 2614 19
1036 2571 1222 2615 Anqustus
1238 2571 1332 2606 etc.:
1358 2581 1389 2606 v.
1410 2569 1572 2607 Macrob.
1590 2572 1665 2607 Sat.
1681 2570 1721 2607 ii.
1778 2570 1866 2619 §21-

403 2627 446 2653 22
474 2618 659 2661 necsaco'lc
675 2618 770 2653 etc:
796 2628 826 2652 v.
845 2616 946 2653 Suet.
965 2618 1057 2662 Aua.
1075 2618 1134 2653 66.
1247 2628 1290 2663 23
1318 2619 1446 2653 Eidem
1463 2620 1536 2655 etc.
1555 2619 1688 2665 (usque
1713 2582 1764 2655 ad
1787 2624 1866 2655 tem-

397 2669 519 2712 porat>
536 2676 543 2699 :
570 2676 600 2700 v.
622 2663 724 2700 Suet.
743 2666 835 2710 Auo.
851 2665 897 2701 68
917 2668 1004 2709 (non
1022 2665 1098 2699 nine
1117 2675 1259 2700 rumore
1269 2670 1471 2711 prono-atae
1484 2667 1683 2712 pudicitiae
1700 2677 1746 2703 ex
1764 2665 1866 2703 Suet.

404 2713 472 2747 Iul.
510 2715 559 2755 2).
750 2712 796 2748 28
828 2713 933 2758 sace:
975 2723 1063 2747 nuce
1096 2710 1211 2749 habet
1245 2711 1456 2749 Suetonius.
1655 2714 1712 2758 28,
1747 2723 1793 2760 29
1827 2724 1866 2750 eo

402 2760 664 2850 timpor31'zanee
700 2760 797 2796 cta:
837 2770 869 2796 v.
899 2758 1000 2795 Suet.
1028 2761 1121 2806 Any.
1153 2760 1198 2805 67
1230 2760 1270 2796 in
1292 2762 1414 2807 primo
1443 2761 1556 2798 libro:
1592 2772 1624 2798 v.
1651 2771 1764 2808 supra
1787 2760 1812 2798 i.
1844 2769 1864 2806 7

403 2809 488 2853 (40⁴
502 2815 526 2841 n
546 2833 554 2841 .

512 2878 576 2911 228
