1994 3190
157 240 258 276 cAr.
278 230 375 292 x11]
674 231 1111 278 POLICRATICVS
1640 239 1715 282 571
1733 241 1760 271 0

157 351 411 395 crederetur
445 351 675 410 Pitagoras
716 351 927 396 extitisse.
999 351 1192 394 Tantum
1241 365 1432 408 namque
1475 349 1626 408 opinio

157 420 460 477 praeiudicata
490 423 666 478 poterat
699 424 752 464 ut
789 421 927 464 nichil
965 420 1289 464 conualesceret
1323 420 1381 463 ab
1411 419 1626 477 oppositO,

157 489 264 533 dum
291 490 374 534 hoc
401 490 494 548 ipse
523 490 687 534 dixisse
717 490 948 541 diceretur,
972 493 1019 534 et
1048 505 1104 532 ex
1134 505 1218 533 usu
1247 490 1627 547 adquiescentium

157 572 249 602 uox
286 559 384 616 ipsa
428 559 700 616 pronominis
746 559 999 616 Pitagoram
1038 559 1274 602 indicabat.
1353 558 1468 603 (him
1508 558 1627 601 enim

119 644 140 680 5
160 628 420 686 simpliciter
439 629 692 672 dicebatur:
722 628 825 686 Ipse
844 629 927 672 hoc
954 628 1097 680 dixit3
1127 643 1183 671 ex
1211 632 1447 686 praecepta
1474 632 1625 672 aucto-

157 696 304 749 ritate,
343 701 457 742 teste
496 698 653 751 Tullio,
689 698 942 756 Pitagoram
982 697 1174 755 intelligi
1216 698 1460 754 oportebat.
1536 697 1624 740 Hic
1650 707 1653 710 '

157 768 309 809 tamen
347 770 445 810 tota
483 767 748 811 auctoritate
787 781 868 810 sua
906 780 1186 823 nequaquam
1233 765 1447 808 iudicium
1486 766 1625 816 flexit,

157 836 235 879 sed
255 837 399 880 adhuc
419 836 741 880 interueniente
761 836 974 880 dilatione
999 838 1181 893 propter
1201 835 1264 878 rei
1285 834 1625 892 ambiguitatem

159 905 323 962 pendet
342 907 574 950 sententia.
632 907 798 950 Thema
818 906 995 963 quidem
1016 905 1271 949 huiusmodi
1291 907 1382 948 est:
1642 901 1672 942 d

100 988 143 1014 κο
219 975 402 1020 Euallus
440 976 690 1020 adolescens
728 975 853 1019 diues
891 975 1168 1032 eloquentiae
1207 974 1441 1018 discendae
1479 973 1628 1031 gratia

160 1059 401 1102 causasque
420 1046 575 1090 orandi
595 1046 775 1104 cupiens
800 1045 900 1088 fuit.
960 1045 1047 1089 Hie
1068 1045 1114 1087 in
1135 1045 1370 1102 disciplina
1391 1044 1626 1101 Pitagorae

159 1128 206 1157 se
226 1115 360 1166 dedit,
380 1115 645 1173 promittens
670 1115 901 1173 pecuniam
929 1118 1143 1172 quantam
1172 1115 1402 1172 Pitagoras
1426 1114 1628 1171 petierat,

159 1183 267 1226 data
308 1184 544 1228 medietate
583 1187 822 1242 antequam
862 1184 1181 1241 ingrederetur,
1213 1183 1401 1226 daturus
1441 1182 1628 1225 alteram

159 1267 247 1309 quo
267 1253 459 1310 primum
479 1253 551 1296 die
570 1267 747 1296 causam
768 1253 886 1310 apud
913 1253 1080 1296 iudices
1100 1255 1347 1310 perorasset
1369 1255 1416 1295 et
1436 1252 1628 1296 uicisset.

101 1333 143 1368 15
162 1321 318 1365 Postea
353 1336 453 1365 cum
482 1321 651 1366 diutius
685 1322 863 1366 auditor
890 1325 1170 1379 assertorque
1206 1322 1438 1379 Pitagorae
1468 1321 1628 1365 fuisset

163 1389 504 1448 facundiamque
529 1391 822 1448 promouisset
848 1406 875 1434 a
902 1392 1050 1436 studio
1075 1395 1120 1435 et
1146 1395 1400 1435 transcurso
1427 1395 1626 1448 tempore

159 1459 348 1518 longiori
377 1461 661 1504 causantibus
690 1461 986 1518 patrocinium
1015 1462 1266 1520 denegaret,
1289 1464 1342 1505 ut
1371 1461 1627 1519 putabatur,

159 1544 216 1572 ne
243 1530 432 1574 doctoris
464 1530 668 1588 impleret
692 1531 948 1581 mercedem,
976 1531 1129 1574 habito
1160 1531 1341 1575 consilio
1371 1531 1496 1574 litem
1526 1545 1628 1573 eum

161 1613 212 1642 eo
244 1599 473 1656 Pitagoras
501 1602 788 1644 contestatur.
847 1599 961 1644 Cum
992 1615 1096 1658 ergo
1125 1600 1183 1643 ad
1213 1601 1380 1643 iudices
1409 1599 1628 1642 ineundae

101 1685 146 1710 20
162 1668 580 1726 constituendaeque
623 1683 779 1712 causae
823 1670 1049 1712 uenissent
1091 1670 1250 1727 gratia,
1295 1669 1526 1726 Pitagoras
1565 1667 1627 1711 sic

161 1752 343 1782 exorsus
372 1741 461 1782 est:
495 1738 637 1790 Disce,
667 1739 825 1796 inquit,
855 1739 1115 1782 stultissime
1145 1739 1408 1791 adolescens,
1438 1741 1626 1794 utroque
1643 1745 1722 1787 572
1742 1746 1773 1776 a

161 1807 207 1850 id
235 1808 365 1851 modo
389 1807 484 1852 fore
504 1809 572 1852 uti
599 1809 758 1852 reddas
784 1808 901 1866 quod
929 1812 1043 1866 peto,
1065 1809 1159 1852 siue
1187 1823 1268 1866 pro
1294 1812 1339 1852 te
1366 1808 1626 1866 pronuntia-

160 1879 259 1920 tum
294 1877 379 1920 erit
412 1877 506 1921 siue
534 1881 690 1921 contra
719 1880 776 1921 te.
835 1877 953 1921 Nam
983 1878 1020 1922 si
1051 1882 1206 1921 contra
1236 1881 1281 1921 te
1311 1878 1366 1920 lis
1396 1878 1503 1920 data
1532 1877 1630 1928 erit,

162 1961 327 1990 merces
365 1947 499 1990 michi
539 1963 595 1991 ex
634 1948 857 1991 sententia
889 1947 1134 1998 debebitur,
1171 1948 1275 2004 quia
1314 1962 1396 2004 ego
1432 1947 1631 1999 euicero;

101 2030 149 2066 ²⁵
163 2015 232 2058 sin
253 2030 359 2058 uero
378 2016 617 2060 secundum
638 2019 683 2060 te
703 2017 948 2060 iudicatum
969 2017 1067 2069 erit,
1083 2031 1247 2059 merces
1268 2017 1402 2059 michi
1424 2031 1479 2059 ex
1500 2018 1630 2072 pacto

163 2083 406 2135 debebitur,
434 2085 539 2142 quia
567 2088 619 2128 tu
646 2085 816 2129 uiceris.
876 2086 948 2128 Ad
976 2100 1027 2128 ea
1054 2085 1224 2143 placide
1253 2085 1459 2128 Euallus:
1499 2085 1631 2141 Opto,

161 2153 320 2210 inquit,
340 2153 443 2196 huic
463 2157 566 2196 tuae
586 2157 679 2197 tam
699 2155 883 2212 ancipiti
904 2154 1099 2212 captioni
1119 2155 1204 2197 isse
1224 2154 1414 2204 obuiam,
1435 2154 1472 2196 si
1493 2153 1632 2196 uerba

161 2235 250 2264 non
275 2221 368 2278 ipse
395 2221 584 2266 facerem
605 2226 738 2280 atque
765 2224 853 2267 alio
880 2227 1069 2281 patrono
1089 2227 1250 2267 uterer.
1312 2223 1400 2266 Sed
1420 2223 1563 2280 magis
1583 2223 1631 2265 in

161 2290 250 2334 ista
279 2291 466 2334 uictoria
494 2292 747 2349 proludium
778 2295 856 2343 est,
886 2307 987 2336 cum
1018 2295 1063 2335 te
1092 2307 1182 2335 non
1212 2292 1259 2334 in
1289 2306 1422 2335 causa
1452 2294 1631 2334 tantum

162 2411 185 2486 ἔ
210 2400 430 2484 Ρξξὲαςοτειε
450 2400 758 2485 {gg-pytagoras
776 2401 818 2484 lig
934 2412 956 2447 4
983 2400 1226 2484 Ρὶὺὲιέςιοταω
1243 2399 1319 2483 Οἷς
1343 2398 1629 2483 pytagorantihM

161 2460 273 2579 {ogas
289 2460 319 2532 ὃ
347 2459 460 2550 ormi}
475 2450 770 2589 pitbggtgggrgm
804 2507 856 2550 ¹9.¹
873 2506 929 2532 20.
948 2459 1259 2543 pitffaggrggcggs
1292 2543 1299 2550 ι
1322 2505 1365 2532 21
1386 2458 1632 2531 adlliblgbents

329 2553 374 2588 23
400 2545 473 2579 ent
506 2542 622 2580 fuerit
637 2543 672 2578 A
796 2546 868 2580 ent
886 2544 977 2580 data
994 2543 1033 2579 Μ
1170 2554 1216 2588 24
1242 2545 1401 2580 euistero
1419 2543 1447 2579 C
1583 2552 1630 2588 29

160 2589 378 2638 preludium
394 2589 468 2626 ΒΜ

215 2701 259 2726 10
270 2691 430 2726 Euallus
441 2690 644 2725 adolescens
657 2689 748 2726 etc.:
766 2700 796 2725 v.
813 2687 954 2726 Ge11.v.
971 2699 1030 2730 103
1046 2688 1087 2724 in
1098 2688 1266 2726 editione
1280 2688 1394 2726 Gellii
1407 2699 1475 2724 sua
1487 2686 1630 2724 maiore

162 2735 438 2783 discrepantias
455 2735 608 2772 Ioannis
624 2747 648 2772 a
659 2738 768 2772 textu
781 2737 935 2782 vulgato
949 2736 1112 2772 contulit
1125 2736 1314 2773 Hertzius.
1384 2738 1527 2781 qratia:
1555 2746 1630 2771 om.

165 2784 263 2822 Gell.
410 2794 424 2820 1
435 2792 450 2819 1
469 2785 677 2828 Pitayorae:
694 2785 910 2828 Protayorae
924 2782 1020 2819 Gen.
1033 2783 1171 2829 passim
1183 2796 1191 2827 3
1214 2786 1256 2819 ut
1274 2783 1368 2819 dicit
1381 2783 1518 2819 Noster
1530 2782 1632 2818 infra

166 2842 233 2880 572
246 2842 283 2868 Β.
405 2841 446 2876 13
464 2833 552 2866 data
568 2841 686 2876 usque
703 2830 752 2866 ad
769 2831 918 2866 alterum
932 2843 940 2865 τ
972 2832 1230 2877 dimidiumque
1248 2832 1325 2866 eius
1340 2833 1438 2866 dedit
1455 2832 1529 2865 iam
1547 2835 1634 2865 tunc

163 2882 286 2916 statim
297 2880 516 2926 priusquam
531 2880 677 2915 disceret
689 2879 896 2924 pepiyitque
911 2883 952 2913 ut
968 2879 1147 2926 reliquum
1164 2880 1358 2914 dimidium
1375 2880 1486 2920 daret,
1506 2876 1604 2914 Gell.

219 2952 302 2971 wass
859 2947 890 2974 X
906 2948 935 2975 X
1458 2946 1520 2982 337
