1994 3236
687 194 1142 241 PROLEGOMENA

176 317 355 372 ptorum
375 313 488 368 ἅπαξ
501 327 615 371 quae
630 316 794 357 uocant
811 315 1013 370 λεγόμενα
1033 314 1291 359 referuntur
1309 319 1390 360 aut
1408 316 1496 360 alia
1512 331 1646 374 quam

175 383 295 442 apud
315 382 531 426 Nostrum
558 382 882 440 significatione
908 383 1119 441 gaudent,
1138 384 1187 427 in
1210 387 1526 430 commentario
1549 387 1647 444 qui-

175 453 275 496 dem
301 452 470 506 notaui,
497 452 568 496 hic
597 454 746 496 autem
773 452 1021 496 subiunctis
1046 453 1253 497 editionis
1275 458 1452 499 nostrae
1471 456 1649 514 paginis

175 525 221 566 et
241 520 470 565 uersiculis
496 535 754 565 enumerare
779 521 948 579 placet:
976 522 1326 579 condeyemtium
1352 524 1413 580 (ii.
1436 536 1533 579 254.
1556 526 1646 582 29),

173 590 475 635 altrimodam
496 590 557 647 (ii.
576 591 671 648 263.
693 590 775 645 14),
795 591 1013 635 catholica
1033 590 1094 649 (ii.
1118 591 1215 635 268.
1234 592 1321 650 22),
1337 594 1647 648 parenthetica

173 659 239 716 (ii.
261 660 360 706 268.
382 660 449 711 18,
470 673 494 704 2
499 661 557 717 3),
572 660 882 716 pao-aeonium
905 661 966 717 (ii.
990 672 1085 716 270.
1103 661 1179 718 4);
1204 661 1260 704 de
1279 661 1442 719 quibus
1462 662 1646 706 uideant

173 729 250 786 qui
269 728 535 787 philologiae
555 729 695 773 dediti
715 733 834 774 sunt.

231 796 453 843 CASSIANI
477 799 525 842 in
549 798 716 843 Polior.
739 799 833 843 viii.
862 814 888 856 9
914 799 1083 844 dictum
1112 799 1253 844 refert
1277 799 1395 858 quod
1424 800 1472 843 in
1502 801 1643 858 operi-

172 867 256 911 bus
271 867 391 912 illius
404 868 492 911 uiri
508 868 678 912 frustra
693 869 904 926 quaesiui.
966 869 1070 913 Non
1086 873 1154 913 est
1168 884 1249 914 cur
1262 870 1518 913 dubitemus
1533 871 1643 927 quin

175 935 506 982 collationum
540 952 647 982 usus
677 939 751 989 sit,
785 953 896 996 quas
927 938 976 982 in
1005 939 1323 983 commentario
1351 939 1474 982 haud
1508 940 1643 983 semel

171 1005 485 1050 illustrationis
504 1021 638 1051 causa
657 1007 854 1051 adhibui.

230 1075 425 1119 SEDVLII
446 1076 686 1120 uersiculos
705 1077 817 1121 duos
837 1092 894 1120 ex
916 1077 1132 1122 Carmine
1148 1076 1365 1122 Paeo-hali
1384 1077 1641 1136 desumptos

170 1145 281 1190 citat
299 1146 348 1189 in
366 1145 536 1191 Polior.
557 1146 602 1192 ii.
627 1161 692 1204 19.

229 1214 417 1259 SIDONII
437 1215 752 1260 Apommms
774 1216 989 1273 Epistolis
1012 1231 1119 1260 usus
1140 1220 1221 1262 est.

227 1283 516 1328 Mam-unm
530 1285 778 1329 Mmmvu
791 1285 1000 1330 Famem
1015 1285 1415 1343 CAPELLAM‚quem
1427 1285 1478 1329 M
1480 1287 1642 1331 ineam

170 1356 302 1397 uocat
321 1352 510 1398 Ioannes
530 1354 636 1412 ipse,
655 1369 736 1398 nos
755 1358 906 1398 autem
930 1355 1068 1412 uulgo
1087 1354 1389 1400 Martianum
1409 1356 1642 1412 Capellam

169 1422 455 1482 appellamus,
475 1424 730 1481 saepissime
749 1428 975 1468 auctorem
996 1426 1208 1482 agnoscit.

226 1491 509 1537 Cnssmnom
536 1493 797 1539 Historiam
821 1493 1128 1550 Tripartitam
1153 1495 1277 1539 citat.
1336 1495 1410 1538 An
1437 1495 1564 1539 libris
1587 1496 1643 1540 de

169 1562 350 1606 Anima
364 1566 410 1606 et
420 1563 474 1607 de
493 1562 687 1608 Artibus
706 1568 745 1607 et
765 1563 1042 1621 Disciplinis
1055 1563 1342 1609 Liberaliwm
1353 1564 1642 1610 Mtterarum

168 1645 276 1676 usus
294 1632 367 1683 sit,
385 1632 603 1676 incertum
623 1636 703 1677 est.
1233 1683 1235 1685 ,

225 1701 483 1746 LAVBENTII
503 1702 856 1748 Mediolanensis
878 1702 1074 1760 episcopi
1099 1702 1238 1747 uerba
1264 1718 1322 1746 ex
1346 1704 1561 1748 Romilia
1583 1705 1640 1749 de

165 1771 360 1816 muliere
397 1771 647 1816 Ghananea
682 1772 840 1817 laudat
878 1773 927 1816 in
965 1772 1135 1818 Polior.
1176 1773 1236 1816 vi.
1281 1787 1301 1818 1
1319 1787 1330 1826 ;
1381 1774 1485 1818 uide
1522 1789 1641 1819 com-

166 1841 433 1885 mentarium
453 1844 655 1885 nostrum
675 1842 733 1886 ad
753 1842 832 1887 loc.

224 1910 425 1954 ΒΟΕΤΗΙΙ
444 1909 610 1954 librum
628 1911 683 1955 de
703 1911 1015 1956 Consolatione
1039 1911 1353 1969 Philosophiae
1382 1913 1638 1970 saepissime

165 1979 277 2023 citat
304 1979 505 2032 Ioannes,
532 1979 610 2038 qui
641 1981 711 2036 (ut
737 1980 804 2024 ait
828 1980 876 2024 in
901 1981 1070 2025 Polior.
1101 1980 1177 2023 vii.
1211 1983 1280 2039 15)
1307 1981 1406 2026 licet
1442 1981 1639 2026 Verbum

164 2062 263 2092 non
291 2048 520 2106 exprimat
548 2049 866 2102 incarnatum,
895 2054 1049 2094 tamen
1079 2050 1210 2107 apud
1244 2066 1312 2095 eos
1339 2051 1425 2107 qui
1458 2052 1640 2096 ratione

164 2117 394 2162 nituntur
433 2132 531 2162 non
563 2118 804 2163 mediocris
838 2118 1108 2163 auctoritate
1141 2123 1214 2164 est.
1276 2119 1486 2163 Eiusdem
1520 2135 1638 2164 com-

163 2187 394 2230 mentariis
422 2187 471 2229 in
499 2187 756 2231 Aristotelis
791 2187 1066 2245 G'ateyorias,
1100 2188 1289 2247 dialogis
1319 2189 1366 2231 in
1398 2189 1636 2247 Porphyrii

163 2269 191 2299 a
219 2255 447 2300 Victorino
473 2256 737 2300 translatam
765 2256 995 2314 Isayoye‘n,
1015 2258 1146 2302 libris
1168 2258 1224 2302 de
1248 2257 1565 2310 Aritkmetica,
1582 2259 1638 2303 de

163 2325 355 2376 Musica,
374 2326 428 2369 de
447 2325 714 2383 Sylloyis‘mo
733 2326 988 2383 Oateqo‘rico
1013 2342 1121 2371 usus
1148 2331 1227 2384 est,
1249 2328 1432 2386 insuper
1450 2328 1565 2372 libro
1583 2329 1638 2372 de

165 2393 406 2447 Trinitate,
425 2409 557 2452 quem
578 2395 754 2439 Boethii
774 2410 879 2439 uere
899 2411 992 2440 esse
1013 2397 1216 2441 nonnulli
1243 2400 1435 2455 negant;
1466 2413 1636 2442 necnon

162 2462 326 2507 librum
345 2464 539 2522 primum
553 2464 608 2508 de
627 2464 879 2509 Geometria
895 2464 1045 2524 (quem
1061 2469 1108 2510 et
1127 2467 1175 2509 in
1190 2467 1507 2511 commentario
1522 2471 1569 2510 et
1588 2468 1636 2510 in

162 2531 315 2577 Indice
326 2536 478 2578 nostro
490 2533 703 2579 Euclidsis
714 2533 747 2577 I
743 2536 1147 2592 interpretationem
1160 2536 1383 2580 incautius
1395 2537 1636 2594 appellaui)

165 2603 211 2644 et
238 2601 491 2646 Asistotelis
522 2602 794 2660 Topz'coram
826 2604 1252 2662 interpretationem,
1282 2608 1523 2663 utrumque
1551 2606 1636 2648 sub

164 2669 340 2714 nomine
359 2671 536 2715 Boethii
556 2672 636 2716 diu
650 2674 957 2717 circumlatum
978 2674 1187 2718 habuisse
1206 2674 1412 2728 uidetur3
1443 2688 1632 2732 quorum

165 2737 219 2781 de
238 2738 379 2782 altero
396 2739 500 2783 uide
519 2755 655 2799 supra
674 2742 721 2784 in
742 2743 825 2786 hac
845 2743 1041 2787 sectione
1060 2744 1145 2787 sub
1164 2745 1469 2787 ARISTOTELE.

223 2805 427 2851 ENNODII
460 2808 703 2854 'ticinensis
731 2810 959 2856 Libellum
988 2812 1314 2869 apologeticum
1340 2827 1427 2870 pro
1455 2813 1636 2879 Synodo

1373 2884 1519 2913 xxxix
