1994 3190
254 175 339 222 ⁵3⁶
355 177 389 211 ‘a
731 168 992 214 IOANNIS
1031 166 1546 213 SARESBERIENSIS
1688 164 1799 226 [ΜΒ.
1816 177 1869 210 1v

403 291 594 349 populus
608 291 747 334 Israel
762 305 815 334 ea
833 290 905 334 die
924 290 1048 334 uisus
1067 293 1135 333 est
1151 289 1379 334 corruisse.
1412 320 1416 324 -
1439 289 1544 332 Heli
1564 302 1750 346 quoque,
1764 288 1869 332 licet

404 362 583 404 sanctus
612 360 660 402 in
691 374 738 403 se
769 359 906 403 fuisse
938 359 1131 417 legatur,
1155 359 1260 416 quia
1287 359 1480 402 filiorum
1508 358 1705 416 pepercit
1733 357 1869 407 uitiis,

404 444 562 472 auersa
591 429 699 472 sella
732 428 887 472 fractis
915 429 1160 472 ceruicibus
1192 442 1399 471 corruens
1428 427 1663 485 expirauit.
1722 427 1785 469 Vt
1814 426 1869 470 de

404 498 562 542 ceteris
580 501 761 549 taceam,
781 501 996 555 quantum
1024 511 1186 554 quaeso
1211 497 1434 554 publicam
1460 496 1690 540 hominum
1710 495 1870 538 dilexit

405 570 451 611 et
483 568 703 625 quaesiuit
734 568 922 611 salutem
957 567 1034 624 qui
1065 567 1244 624 proprio
1277 567 1391 610 Filio
1422 582 1512 610 non
1550 565 1757 624 pepercit,
1792 564 1869 607 sed
1887 580 1907 614 5

404 652 485 695 pro
505 638 631 681 nobis
651 637 838 680 tradidit
857 637 996 687 illum,
1010 639 1063 679 ut
1083 650 1196 693 quae
1215 650 1516 679 merueramus
1531 634 1680 678 uincla
1693 633 1869 691 flagella

404 722 577 751 crucem
608 707 846 750 sustineret
874 705 1083 748 immunis
1113 707 1159 748 et
1192 705 1402 748 innocens
1435 707 1578 747 morte
1611 702 1870 760 turpissima

405 777 785 834 condempnatus?
834 774 1006 831 Regum
1026 776 1223 817 scrutare
1243 774 1486 825 historiam,
1501 773 1559 816 ad
1578 773 1660 816 hoc
1679 771 1871 828 petitum

406 861 555 904 regem
592 859 620 888 a
658 844 754 887 Deo
792 843 1002 893 inuenies,
1031 845 1085 885 ut
1117 842 1397 899 praecederet
1438 831 1613 886 faciem⁴
1630 839 1782 898 populi
1824 842 1871 883 et

358 922 388 960 b
405 915 695 972 praeliaretur
737 912 853 956 bella
898 926 1050 955 eorum
1094 914 1140 954 et
1194 911 1252 954 ad
1291 911 1628 954 similitudinem
1666 910 1868 968 gentium
1889 923 1934 949 ιο

405 985 544 1028 totius
581 982 734 1041 populi
773 995 906 1025 onera
948 981 1199 1024 sustineret.
1274 980 1363 1034 Qui
1402 982 1553 1023 tamen
1591 994 1681 1023 non
1720 978 1871 1022 fuerat

403 1053 684 1102 necessarius,
714 1051 799 1094 nisi
831 1053 877 1093 et
908 1049 1046 1093 Israel
1078 1049 1410 1106 praeuaricatus
1442 1051 1558 1092 esset
1586 1048 1634 1091 in
1664 1047 1870 1091 similitu-

404 1122 552 1166 dinem
581 1121 794 1179 gentium,
820 1122 873 1162 ut
902 1119 997 1162 Deo
1026 1133 1128 1176 rege
1157 1119 1242 1162 sibi
1272 1133 1362 1161 non
1391 1117 1620 1161 uideretur
1649 1131 1742 1161 esse
1768 1131 1869 1161 con-

403 1194 566 1235 tentus.
626 1190 674 1233 Si
696 1189 813 1232 enim
842 1203 921 1246 per
949 1203 995 1231 se
1025 1187 1244 1231 iustitiam
1268 1187 1488 1239 coluisset,
1509 1187 1548 1230 si
1574 1187 1622 1230 in
1646 1186 1869 1230 mandatis

405 1260 585 1304 Domini
614 1259 804 1302 fideliter
837 1257 1116 1308 ambulasset,
1147 1271 1228 1314 pro
1262 1256 1427 1301 nichilo
1460 1256 1717 1300 humiliaret
1747 1255 1870 1299 Deus
1889 1267 1930 1302 15

405 1330 553 1373 hostes
593 1342 743 1372 eorum
783 1329 828 1370 et
867 1340 999 1384 super
1037 1325 1303 1369 tribulantes
1343 1339 1417 1369 eos
1455 1324 1655 1369 mitteret
1689 1339 1870 1368 manum

405 1413 530 1442 suam
550 1401 603 1441 ut
622 1396 751 1440 solito
779 1395 862 1439 Dei
890 1395 1058 1438 auxilio
1077 1409 1194 1438 unus
1220 1396 1560 1453 persequeretur
1578 1394 1698 1437 mille
1717 1396 1764 1438 et
1783 1393 1872 1437 duo

406 1468 616 1526 fugarent
635 1466 783 1510 decem
804 1465 937 1507 milia.

466 1536 699 1593 Hospitem
714 1549 861 1577 meum
879 1533 1182 1577 Placentinum
1203 1533 1368 1577 dixisse
1383 1532 1536 1584 recolo,
1551 1533 1700 1576 uirum
1714 1532 1871 1590 utique

409 1606 623 1664 sanguine
657 1618 929 1662 generosum,
964 1603 1200 1646 habentem
1235 1603 1519 1660 prudentiam
1549 1601 1704 1646 mundi
1738 1601 1872 1645 huius
1892 1615 1938 1641 ιο

407 1675 455 1718 in
485 1676 643 1719 timore
673 1673 865 1724 Domini,
885 1674 967 1716 hoc
997 1672 1045 1715 in
1074 1671 1334 1716 ciuitatibus
1360 1671 1519 1715 Italiae
1542 1685 1627 1715 usu
1648 1670 1872 1728 frequenti

407 1744 738 1790 celeberrimum
769 1757 861 1786 esse
892 1741 1020 1799 quod,
1041 1741 1148 1784 dum
1177 1755 1329 1799 pacem
1360 1741 1555 1798 diligunt
1584 1743 1631 1784 et
1653 1739 1873 1784 iustitiam

408 1815 560 1859 colunt
598 1816 644 1857 et
682 1812 888 1870 periuriis
926 1811 1164 1863 abstinent,
1203 1813 1356 1854 tantae
1401 1810 1622 1854 libertatis
1665 1812 1711 1854 et
1752 1809 1874 1867 pacis

367 1901 391 1931 c
408 1884 571 1942 gaudio
599 1882 904 1941 perfruuntur,
935 1879 1051 1937 quod
1081 1879 1218 1923 nichil
1254 1882 1321 1923 est
1355 1880 1534 1923 omnino
1569 1878 1687 1936 quod
1716 1879 1789 1922 uel
1822 1878 1871 1922 in

407 1953 590 1996 minimo
617 1952 810 2009 quietem
834 1964 985 1993 eorum
1014 1949 1250 1993 concutiat.
1311 1947 1425 1993 Cum
1448 1963 1555 1992 uero
1577 1947 1872 2006 prolabuntur
1890 1960 1934 1996 ³5

407 2022 464 2066 ad
486 2021 664 2065 fraudes
690 2023 736 2063 et
764 2034 843 2077 per
871 2019 1019 2062 uarias
1050 2018 1294 2061 iniustitiae
1324 2018 1504 2061 semitas
1533 2017 1797 2061 scinduntur
1821 2018 1872 2062 in

408 2094 547 2135 semet
593 2090 711 2148 ipsis,
752 2088 906 2132 statim
952 2088 1023 2131 uel
1069 2087 1235 2131 fastum
1276 2087 1524 2130 Romanum
1563 2087 1635 2131 uel
1675 2085 1873 2131 furorem

412 2216 428 2244 ι
458 2205 557 2253 Hely
574 2204 646 2241 ΒΜ
774 2206 795 2241 8
820 2204 1093 2241 condemnatus
1109 2201 1134 2239 S
1281 2201 1435 2238 storiam
1452 2201 1493 2238 M
1623 2211 1666 2247 14
1682 2200 1873 2240 iustitiam

410 2265 478 2301 per
494 2264 533 2290 se
551 2252 589 2290 M
736 2254 778 2289 18
802 2251 948 2298 decem]
966 2262 1000 2287 x.
1020 2250 1059 2287 M
1155 2259 1198 2287 21
1225 2201 1360 2287 idulio
1378 2250 1427 2286 S:
1451 2248 1595 2296 ytaliae
1612 2248 1652 2285 M
1735 2255 1738 2259 ’
1825 2259 1873 2295 24

409 2301 563 2339 omnino
581 2302 637 2339 est
653 2297 724 2336 0¹8

459 2415 475 2440 1
503 2405 588 2440 11:12·
604 2405 700 2440 etc.:
732 2413 745 2439 ι
763 2402 851 2446 Rea.
868 2400 906 2437 ii.
923 2411 978 2447 ²9·
993 2400 1047 2436 iii.
1067 2410 1117 2446 13.
1134 2400 1178 2437 iv.
1201 2401 1253 2437 18.
1356 2408 1373 2446 ς
1392 2400 1456 2453 φη·
1466 2401 1621 2446 proprio
1638 2401 1737 2438 etc.:
1763 2399 1869 2438 Rom.

409 2450 487 2488 viii
507 2462 562 2497 32.
745 2451 766 2487 8
792 2451 842 2486 Re
894 2462 926 2484 m
943 2450 1154 2484 historiam:
1181 2459 1212 2484 v,
1236 2457 1251 2485 1
1272 2446 1361 2495 ch.
1381 2446 1459 2488 viii.
1477 2446 1540 2484 xii
1728 2457 1769 2492 17
1794 2460 1873 2494 pers

408 2504 613 2547 sequeretur
640 2499 739 2535 etc.:
775 2508 805 2533 v.
875 2498 948 2533 eut.
980 2494 1094 2532 xxxii.
1125 2505 1179 2541 30.
1341 2505 1383 2541 19
1419 2495 1605 2541 Hospitem
1633 2497 1727 2532 etc.:
1767 2495 1872 2540 Quae

409 2549 616 2592 sequuntur
641 2556 756 2591 usque
783 2543 830 2580 ad
855 2549 1127 2580 consentaneum
1152 2547 1201 2579 ese
1231 2541 1314 2588 (536
1326 2543 1369 2585 D)
1396 2541 1491 2578 citat
1517 2541 1626 2578 Pauli
1650 2544 1748 2579 Mon.
1774 2544 1870 2580 Hm.

412 2596 531 2631 Gom.
550 2595 677 2638 script.
701 2590 812 2628 xxvii.
866 2618 874 2627 .
896 2592 952 2645 46.
1052 2591 1325 2626 Placentinum:
1354 2589 1478 2626 ‘Inter
1502 2589 1712 2626 mansiones
1737 2589 1872 2636 quibua
1915 2586 1925 2599 ⁹

411 2641 468 2678 An
499 2640 692 2677 linomum
708 2603 914 2686 profecturi
926 2638 1119 2676 devertere
1132 2637 1305 2674 solebant
1318 2639 1400 2673 crat
1412 2636 1480 2673 hos
1510 2636 1620 2673 itium
1637 2637 1871 2682 Placentiae:

412 2652 704 2725 csffcmmorum
724 2685 787 2723 SS.
806 2686 885 2723 xiii.
904 2699 928 2733 p
959 2714 966 2723 .
990 2695 1064 2730 141,
1084 2684 1174 2729 146)
1224 2684 1355 2727 Pauli3
1381 2696 1413 2720 v.
1426 2682 1481 2720 Ea
1509 2684 1601 2721 meri
1615 2685 1709 2721 Hr'st.
1723 2686 1808 2722 Now.
1826 2683 1869 2725 ii.

413 2735 469 2773 ed.
495 2734 588 2771 Rulo
613 2736 726 2778 (Βοιὼ
748 2735 863 2770 Ser-fea
883 2698 985 2781 8151)
1016 2761 1023 2768 .
1041 2741 1096 2779 95.
1117 2742 1197 2777 24¹.
1250 2731 1383 2778 Inepte
1405 2731 1558 2778 quidam
1579 2731 1625 2768 de
1648 2731 1871 2769 Placentino

412 2782 504 2819 iuria
521 2782 628 2819 ›crito
651 2781 759 2818 istiu·
781 2780 918 2818 aetati·
941 2793 983 2817 cc
1001 2780 1186 2818 uberrimo
1209 2779 1491 2826 cogitaminum
1515 2791 1548 2816 v.
1566 2778 1732 2827 Savigny
1750 2781 1870 2818 Geech.

412 2832 472 2867 aa
522 2835 588 2868 om.
606 2831 734 2868 Rechee
749 2831 789 2867 in
805 2829 1021 2873 Mittantur,
1040 2827 1088 2865 iv.
1105 2839 1142 2875 p.
1162 2837 1241 2871 210.
1258 2838 1294 2864 n.
1311 2837 1345 2872 4.

524 2894 589 2929 ²7⁴
