1994 3190
260 190 347 234 427
366 191 392 224 c
738 179 1000 225 IOANNIS
1044 178 1558 224 SARESBERIENSIS
1709 176 1826 240 [ΗΒ.
1838 191 1880 224 11

408 301 539 358 longe
578 300 776 358 relegata
815 302 883 344 est
921 299 1064 344 omnis
1103 299 1286 343 inuidia.
1364 299 1525 357 Itaque
1564 302 1882 357 consequenter

408 371 569 413 cuncta
613 369 682 412 sui
730 368 905 420 similia,
947 371 1082 426 prout
1124 372 1287 412 natura
1330 369 1542 426 cuiusque
1591 369 1882 413 beatitudinis

409 453 552 495 capax
581 453 674 481 esse
702 441 889 495 poterat,
919 438 1030 482 effici
1059 438 1214 489 uoluit,
1239 453 1371 495 quam
1401 438 1579 495 quidem
1609 439 1693 482 Dei
1723 440 1882 483 uolun-

409 510 550 550 tatem
570 507 860 551 certissimam
881 522 1029 550 rerum
1049 507 1266 564 originem
1291 521 1384 550 esse
1407 507 1445 549 si
1471 507 1570 564 quis
1594 510 1744 564 ponat,
1764 511 1883 552 recte

409 592 512 620 eum
551 579 710 634 putare
748 577 1032 620 consentiam.
1112 577 1171 619 Et
1210 576 1390 633 quidem
1434 577 1652 634 sapientia
1701 577 1786 620 Dei
1836 580 1883 621 et
1900 597 1919 631 5

409 647 596 697 bonitas,
636 660 748 702 quae
788 645 919 688 rebus
968 645 1173 689 omnibus
1221 646 1437 703 originem
1486 646 1679 702 praebet,
1719 648 1883 688 natura

410 715 651 759 rectissime
681 715 954 772 appellatur;
1005 718 1160 758 contra
1189 730 1323 772 quam
1352 715 1508 772 utique
1538 715 1651 757 nihil
1682 716 1746 766 fit,
1777 716 1883 773 quia

410 785 743 842 dispositionem
764 784 848 826 Dei
869 784 982 826 nihil
1002 787 1200 835 euacuat‚
1221 787 1301 827 aut
1330 799 1485 828 causas
1515 799 1628 841 quae
1657 784 1705 826 in
1734 786 1883 827 mente

411 855 543 904 illius,
568 854 644 911 qui
674 853 780 897 fecit
809 853 923 896 celos
950 853 998 895 in
1027 853 1268 904 intellectu,
1301 853 1358 896 ab
1391 855 1543 896 eterno
1575 853 1882 904 constiterunt,

367 924 396 964 d
412 937 492 966 suo
526 923 677 980 priuat
714 923 884 966 effectu.
943 922 1105 965 Insunt
1136 923 1289 979 itaque
1323 923 1455 966 rebus
1489 923 1721 966 seminales
1751 937 1881 966 euen-
1901 941 1943 966 10

412 995 542 1035 tuum
585 1007 742 1035 causae
782 995 827 1034 et
866 992 1133 1049 originariae
1174 992 1378 1042 rationes,
1419 1007 1531 1049 quae
1571 991 1883 1049 praeordinato

411 1063 610 1117 tempore
630 1061 677 1103 in
698 1075 799 1104 suos
819 1061 1064 1118 procedunt
1085 1061 1277 1112 effectus,
1298 1075 1354 1103 ex
1375 1075 1426 1104 eo
1446 1061 1624 1117 quidem
1648 1061 1883 1112 mirabiles,

411 1144 502 1172 non
530 1130 648 1186 quod
675 1130 821 1172 nullas
851 1130 928 1172 sed
958 1130 1076 1186 quod
1106 1129 1424 1173 occultissimas
1453 1130 1648 1173 habeant
1677 1130 1884 1174 rationes.

413 1200 589 1243 Humor
614 1199 831 1256 siquidem
862 1199 916 1242 de
946 1199 1116 1242 intimis
1142 1202 1287 1243 terrae
1315 1200 1558 1243 uisceribus
1587 1200 1645 1243 ab
1675 1200 1883 1243 arborum

410 1269 483 1312 uel
510 1269 742 1312 uinearum
767 1268 988 1311 radicibus
1013 1269 1262 1326 appetitiua
1281 1269 1473 1326 quadam
1499 1269 1668 1313 uirtute
1694 1270 1882 1313 attrahi·
1901 1285 1941 1321 15

410 1341 498 1389 tur,
541 1338 699 1381 deinde
739 1338 931 1394 quadam
972 1338 1286 1382 distributione
1325 1342 1513 1382 naturae
1555 1339 1774 1397 digeritur
1804 1353 1885 1395 per

412 1408 667 1465 plantarum
711 1407 920 1458 membra,
966 1411 1011 1450 et
1060 1423 1161 1451 cum
1205 1423 1287 1451 sua
1335 1408 1586 1452 decoctione
1635 1408 1884 1466 profecerit,

411 1477 627 1535 turgescit
666 1477 713 1519 in
754 1476 962 1527 surculos,
998 1479 1044 1520 et
1076 1492 1163 1534 quo
1195 1478 1253 1520 ad
1287 1478 1655 1521 sustentationem
1690 1478 1759 1521 sui
1794 1493 1884 1521 non

412 1546 594 1603 indiget,
625 1546 673 1588 in
702 1545 811 1588 folia
841 1548 886 1588 et
915 1545 1089 1589 fructus
1119 1547 1297 1597 emittit,
1329 1547 1405 1604 qui
1445 1562 1545 1590 cum
1584 1547 1884 1590 maturuerint

411 1617 459 1659 in
489 1619 637 1659 musta
666 1615 932 1672 despumant
963 1618 1009 1658 et
1038 1616 1099 1659 sic
1128 1630 1208 1673 per
1236 1617 1474 1659 interualla
1502 1619 1752 1674 temporum
1781 1631 1882 1660 con·
1902 1631 1945 1656 20

412 1688 539 1728 sueto
571 1699 655 1727 usu
687 1685 795 1726 uina
826 1684 1095 1741 parturiunt.
1156 1685 1204 1728 Si
1240 1700 1347 1729 uero
1387 1686 1558 1730 occulta
1597 1686 1883 1743 dispositione

265 1759 348 1809 428
368 1771 398 1799 a
414 1754 497 1797 Dei
532 1753 795 1810 quibusdam
831 1755 1018 1796 naturae
1057 1755 1271 1798 cuniculis
1310 1755 1509 1812 digestus
1549 1757 1595 1798 et
1632 1757 1885 1799 maturatus

413 1824 573 1866 humor
621 1823 786 1879 absque
826 1823 1037 1879 temporis
1076 1824 1318 1868 interstitio
1356 1824 1636 1881 inopinatum
1679 1826 1885 1868 uertatur

412 1892 459 1934 in
499 1892 667 1942 uinum,
697 1892 959 1934 miraculum
1001 1892 1178 1949 quidem
1220 1897 1298 1943 est,
1329 1894 1434 1951 quia
1473 1894 1665 1937 altitudo
1704 1893 1883 1937 diuinae

413 1961 754 2018 dispensationis
794 1963 995 2003 nostrum
1036 1963 1311 2006 transcendit
1348 1963 1634 2007 intellectum.
1695 1962 1794 2014 Sed,
1829 1965 1883 2006 ut
1901 1975 1943 2011 25

413 2030 478 2072 ait
507 2029 693 2086 sapienS,
723 2029 851 2072 cedat
881 2030 1080 2073 inscitiae
1110 2032 1290 2074 nubilus
1320 2046 1452 2082 error,
1483 2035 1654 2075 cessent
1684 2031 1884 2089 profecto

413 2099 525 2141 mira
546 2099 700 2142 uideri.
760 2098 862 2141 Non
883 2102 1032 2142 tamen
1053 2101 1323 2143 mirabilium
1344 2101 1427 2144 Dei
1449 2101 1581 2144 fidem
1602 2101 1673 2144 uel
1695 2101 1884 2144 auctori-

412 2171 550 2211 tatem
595 2167 804 2224 infringo,
835 2168 910 2210 sed
948 2168 1232 2212 altitudinem
1268 2170 1529 2213 diuitiarum
1566 2170 1809 2227 sapientiae
1839 2172 1886 2213 et
1926 2222 1928 2227 ,

412 2237 621 2280 scientiae
648 2251 753 2279 suae
784 2236 914 2294 plena
941 2238 1194 2281 humilitate
1223 2253 1411 2282 ueneror
1440 2242 1486 2282 et
1514 2239 1719 2289 admiror,
1744 2239 1885 2283 sciens

356 2324 359 2327 ·
413 2305 518 2362 quia
548 2305 665 2362 quod
696 2305 883 2348 stultum
916 2309 983 2348 cst
1012 2306 1107 2356 Dei,
1135 2306 1379 2364 sapientius
1409 2310 1476 2350 est
1506 2308 1770 2352 hominibus
1829 2308 1884 2351 In
1903 2321 1945 2356 30

413 2375 566 2418 multis
581 2374 743 2418 etenim
758 2374 844 2416 labi
864 2375 1059 2418 humana
1074 2376 1309 2419 infirmitas
1325 2379 1402 2426 est,
1418 2377 1559 2420 sicut
1548 2392 1594 2419 1n
1616 2377 1739 2420 nullo
1754 2377 1886 2421 aliter

413 2444 576 2487 sentire
598 2458 729 2508 quam
752 2458 822 2485 res
842 2458 887 2485 se
909 2444 1080 2494 habeat,
1101 2445 1300 2501 angelica
1320 2445 1391 2487 uel
1413 2445 1567 2488 diuina
1588 2445 1811 2503 perfectio.

415 2522 458 2557 16
483 2519 667 2565 dirigetur
684 2518 721 2553 M
871 2528 911 2562 17
937 2519 983 2556 de
998 2524 1079 2565 poan
1095 2531 1178 2556 cum
1197 2521 1281 2555 add.
1301 2519 1338 2555 M

413 2586 781 2668 αέσῖζῖίῖῖἦὲιῖῗ
761 2582 1152 2685 ῑΐὶξῗζξιὲἆὲέ..
1179 2585 1542 2677 ‚23132320‘23'3355315
1550 2596 1686 2669 1⁰1‘.¹'⁴2⁸1⁰⁶
1699 2584 1844 2670 {nv'm'iss
1873 2612 1884 2669 3

414 2678 476 2715 vii.
498 2685 554 2718 12)
581 2678 680 2725 (Mig
682 2691 738 2721 ne.
756 2680 797 2714 Ρ.
816 2679 857 2714 L.
878 2678 999 2714 xxxiv.
1016 2679 1096 2722 406,
1115 2679 1213 2732 602).
1314 2688 1355 2723 ¹4
1382 2680 1525 2714 Humor
1547 2682 1617 2716 etc.
1635 2693 1643 2716 ε
1661 2692 1681 2716 c
1702 2708 1710 2716 .
1728 2680 1822 2728 Aug.
1841 2682 1884 2717 dc

417 2730 504 2763 Gen.
523 2728 572 2762 ad
591 2691 775 2762 lntt.vi.1
826 2724 983 2771 (Μίςιιθ,
1004 2726 1044 2761 1’.
1064 2727 1106 2761 L.
1125 2725 1245 2762 xxxiv.
1267 2726 1350 2771 349)
1368 2725 1471 2761 alibi.
1610 2728 1656 2764 26
1673 2729 1773 2764 cedat
1790 2730 1884 2765 eta:

417 2774 548 2811 Boetb.
568 2774 705 2810 Corwol.
723 2773 768 2809 iv.
785 2734 943 2819 laetus..
1040 2775 1084 2809 28
1109 2774 1339 2809 altitudmem
1357 2775 1450 2810 eta:
1477 2773 1582 2810 Rom.
1603 2774 1652 2811 xi.
1673 2785 1730 2822 33.
1837 2785 1884 2822 30

413 2824 498 2870 quia
515 2823 764 2869 quodem-:1
787 2820 869 2857 Cor.
889 2820 912 2856 i.
913 2782 988 2868 ⁵25.

523 2887 567 2921 86
