1994 3236
638 601 1219 654 PROLEGOMENA

882 756 969 812 §L

255 864 416 908 HABES
439 865 487 908 in
514 863 730 916 manibus,
751 863 887 907 lector
910 863 1133 915 beneuole‚
1155 862 1336 906 Ioannis
1358 862 1658 907 Saresberien-

196 933 258 978 sis
286 934 613 979 Pol‘e'craticwm
643 932 700 976 ad
738 932 870 976 fidem
909 932 1178 991 optimorum
1218 947 1354 975 manu
1393 932 1658 989 scriptorum

197 1003 394 1048 codicum
413 1003 688 1061 recognitum
708 1004 754 1046 et
773 1002 1088 1046 commentario
1106 1002 1379 1045 illustratum
1396 1002 1473 1059 qui
1490 1001 1657 1045 littera-

197 1087 296 1117 rum
333 1073 634 1130 antiquiorum
673 1072 882 1116 studiosis
921 1071 1098 1116 facilius
1147 1071 1354 1115 ostendat
1402 1072 1564 1128 quibus
1603 1086 1659 1115 ex

197 1142 396 1186 fontibus
425 1142 615 1186 deducta
643 1142 704 1185 sit
737 1142 930 1184 hominis
958 1142 1156 1185 omnium
1184 1141 1345 1184 aetatis
1374 1156 1479 1184 suae
1499 1141 1658 1184 doctis-

198 1212 298 1256 simi
332 1212 458 1256 uaria
491 1215 538 1256 et
570 1211 806 1268 multiplex
846 1211 1049 1254 eruditio.
1130 1210 1306 1254 Abhinc
1341 1210 1431 1253 iam
1471 1210 1659 1254 sedecim

199 1282 327 1326 annis
364 1295 509 1325 coram
557 1281 776 1325 Societate
816 1281 1102 1324 Aristotelica
1147 1295 1280 1338 quam
1329 1283 1492 1323 uocant
1539 1280 1659 1337 apud

199 1350 495 1395 Londinenses
528 1350 585 1394 ad
620 1350 770 1394 studia
803 1350 1106 1408 philosophica
1134 1349 1435 1407 promouenda
1469 1349 1660 1392 fundata

197 1419 252 1464 de
285 1420 450 1464 Ioanne
483 1419 754 1463 disserturus
770 1418 785 1445 ¹
819 1420 967 1463 animo
1004 1420 1212 1478 proposui
1243 1422 1289 1462 et
1318 1419 1584 1463 Policratici
1614 1424 1660 1463 et

197 1489 451 1547 Metaloyiot
469 1504 631 1534 nouam
646 1489 887 1533 editionem
907 1490 955 1532 in
975 1490 1118 1533 lucem
1139 1489 1267 1541 dare;
1295 1489 1413 1546 quod
1434 1492 1583 1532 tamen
1604 1504 1660 1532 ne

103 1564 105 1568 “
198 1573 254 1603 ex
281 1562 408 1617 parte
437 1559 614 1617 quidem
643 1558 937 1617 perfecissem,
965 1559 1052 1602 nisi
1082 1573 1153 1602 me
1184 1559 1449 1602 auctoritate
1477 1559 1660 1602 consilio

198 1628 397 1673 doctrina
408 1628 652 1672 adiuuisset
663 1628 735 1672 uir
745 1628 1015 1672 clarissimus
1027 1629 1210 1686 Ingram
1224 1629 1446 1686 Bywater,
1460 1628 1660 1686 Linguae

200 1697 391 1742 Graecae
429 1698 477 1741 in
516 1698 821 1742 Vniuersitate
861 1698 1105 1742 Oxoniensi
1146 1698 1398 1756 nuperrime
1435 1698 1661 1742 Professor

199 1766 374 1825 Regius.
451 1767 606 1825 Neque
641 1767 743 1811 huic
783 1767 913 1810 modo
952 1767 1028 1811 sed
1068 1767 1203 1811 etiam
1249 1767 1494 1824 Reginaldo
1540 1768 1659 1812 Lane

200 1835 340 1888 Poole‚
358 1851 506 1880 rerum
535 1836 670 1880 medii
700 1837 819 1894 quod
846 1840 1008 1880 uocant
1036 1837 1136 1880 aeui
1167 1836 1204 1879 si
1234 1837 1334 1894 quis
1362 1837 1477 1880 alius
1504 1838 1660 1895 perito,

199 1905 276 1962 qui
301 1905 394 1964 ipse
424 1905 478 1949 de
508 1906 688 1950 Ioannis
716 1906 814 1950 uita
839 1909 885 1950 et
914 1907 1091 1964 scriptis
1118 1907 1286 1964 optime
1313 1906 1382 1949 bis
1402 1907 1616 1950 tractauit
1631 1909 1660 1957 ²,

200 1973 392 2018 Henrico
442 1975 605 2019 Austin
655 1975 837 2028 Wilson‚
887 1975 1136 2020 Cuthberto
1195 1976 1427 2019 Hamilton
1477 1976 1660 2029 Turner,

200 2039 515 2099 Christophoro
541 2041 757 2093 Cookson,
779 2042 1037 2086 Latinitatis
1064 2046 1240 2086 nostrae
1266 2043 1524 2100 castigatori
1552 2043 1660 2086 ami—

199 2109 382 2162 cissimo,
402 2110 529 2155 sociis
551 2111 660 2154 meis
684 2112 731 2154 in
756 2112 940 2170 collegio
964 2113 1014 2156 B.
1037 2112 1204 2155 Mariae
1229 2111 1517 2170 Magdalenae
1541 2113 1661 2170 apud

201 2178 482 2230 Oxonienses,
510 2180 689 2238 insuper
718 2181 818 2224 aliis
847 2196 1035 2238 quorum
1065 2182 1246 2224 nomina
1283 2181 1448 2225 referre
1478 2181 1661 2239 longum

201 2251 282 2301 est,
300 2249 467 2306 gratias
497 2253 543 2293 et
569 2250 705 2294 debeo
728 2253 774 2294 et
800 2251 942 2294 habeo
961 2251 1191 2294 maximas.
1243 2250 1400 2308 Neque
1423 2251 1660 2294 tacendum

202 2320 270 2361 est
296 2317 350 2361 de
380 2318 495 2362 Preli
519 2318 861 2375 Clarendoniani
889 2319 1205 2378 Delegatorum
1234 2320 1400 2378 insigni
1431 2320 1661 2378 patientia,

202 2386 278 2443 qui
311 2387 422 2430 mihi
461 2388 508 2430 in
547 2403 690 2446 opere,
724 2389 842 2446 quod
876 2394 1036 2447 quarto
1075 2390 1237 2433 abhinc
1276 2404 1394 2433 anno
1433 2390 1661 2432 abwluere

201 2454 448 2508 debueram,
475 2457 555 2500 diu
582 2459 775 2501 moranti
804 2458 1117 2516 benignissime
1151 2460 1432 2517 ignouerunt,
1461 2459 1516 2502 de
1546 2459 1661 2516 ipso·

202 2537 300 2568 rum
334 2526 711 2584 typographorum
746 2542 853 2571 cura
887 2531 933 2571 et
966 2528 1173 2578 sollertia,
1204 2529 1258 2572 de
1293 2528 1660 2572 bibliothecarum

203 2592 361 2648 quibus
411 2609 517 2638 usus
565 2610 662 2639 sum
716 2600 971 2640 curatorum
1026 2597 1346 2648 beneuolentia,
1399 2598 1660 2655 praesertim

203 2691 266 2777 ω’
286 2694 516 2744 Pmccodinqs
531 2698 576 2743 of
589 2698 646 2733 the
662 2698 902 2735 Aristotelian
917 2700 1061 2746 Society,
1081 2699 1130 2735 11.
1148 2711 1182 2738 2.
1201 2699 1240 2745 ii,
1260 2700 1387 2744 Lond„
1410 2701 1511 2746 1893,
1531 2712 1593 2746 pp,
1615 2710 1658 2747 91

243 2751 530 2846 &jamnum
547 2792 658 2836 osche
673 2793 768 2828 mse.
786 2794 832 2845 οἱ·
839 2793 1038 2830 Mediam
1057 2795 1229 2840 wmuth,
1248 2793 1377 2839 Lena,
1394 2795 1495 2838 1884,
1510 2806 1574 2841 pp.
1590 2805 1657 2831 201

205 2844 327 2880 seqq.:
351 2836 448 2874 Duct.
466 2839 511 2883 qs
520 2839 604 2874 Nat.
621 2840 739 2884 Bioq„
757 2851 857 2883 xxix,
875 2851 938 2887 pp.
955 2850 1028 2887 439
1037 2852 1139 2887 seqq.

272 2915 368 2936 πω
390 2916 404 2937 ι
918 2898 947 2941 b
1497 2900 1545 2941 ix
