1994 3190
171 212 268 246 0312.
281 198 383 259 nx]
685 193 1123 240 POLICRATICVS
1625 215 1629 218 -
1653 202 1739 244 439
1758 192 1788 233 d

170 321 216 362 et
254 317 420 374 Iginus,
452 314 529 357 alii
570 313 663 356 sola
702 311 1033 370 imaginationis
1073 310 1242 353 uirtute
1281 310 1479 354 contenti
1518 313 1635 361 sunt,

169 385 277 443 quid
295 398 451 427 uerum
470 383 531 425 sit
550 381 795 425 doctiorum
822 379 984 422 iudicio
1011 382 1299 429 reseruantes,
1319 380 1428 423 satis
1454 381 1636 437 agentes

169 454 265 505 sibi,
281 451 517 496 dummodo
537 451 632 494 ueri
653 449 990 492 similitudinem
1010 450 1205 493 teneant.
1262 450 1483 506 Vtrosque
1503 449 1635 491 alter-

167 526 271 566 utra
299 520 537 578 astrologia
566 517 828 562 eruditionis
857 532 962 560 suae
992 516 1150 573 recipit
1178 516 1459 573 professores.
1518 517 1636 560 Sunt

131 613 150 648 5
167 592 255 642 alii,
275 591 351 648 qui
372 590 420 632 in
439 587 710 646 professione
730 590 952 630 astrorum
975 586 1157 628 ueritati
1186 586 1363 642 quidem
1384 586 1636 643 inuigilant,

167 676 218 705 eo
247 660 339 704 solo
367 657 576 708 contenti,
605 657 643 699 si
672 656 936 714 positionem
965 670 1118 698 ueram
1153 659 1410 712 motumque
1440 655 1634 698 siderum

166 730 469 785 rationemque
489 727 717 784 signorum
737 725 955 769 ueraciter
973 726 1283 782 assequuntur.

131 866 137 874 .
167 833 274 892 Cap.
299 845 363 890 19.
402 832 466 875 De
483 829 741 888 differentia
761 829 1099 873 mathematicae
1122 826 1390 872 doctrinalis
1414 830 1452 870 et
1472 826 1635 869 mathe-
1652 844 1738 884 440
1758 846 1788 875 a

280 902 342 946 sis
359 899 626 958 reprobatae,
645 903 683 943 et
702 898 950 942 traditione
968 896 1391 942 mathematicorum
1410 900 1448 940 et
1469 896 1634 939 errori-

109 989 150 1015 ιο
281 970 363 1015 bus
380 984 550 1014 eorwm.

222 1061 388 1104 Verum
417 1060 522 1117 quia
555 1058 782 1116 probabile
817 1060 885 1101 est
917 1057 1144 1101 celestium
1185 1057 1380 1114 aliquam
1410 1070 1503 1099 esse
1544 1056 1634 1098 uir-

164 1133 319 1182 tutem,
348 1144 448 1173 cum
478 1132 524 1172 et
552 1128 600 1170 in
630 1131 751 1171 terra
782 1142 872 1170 non
902 1127 1110 1170 credatur
1143 1126 1313 1183 aliquid
1346 1125 1485 1183 gigni,
1516 1125 1634 1182 quod

164 1214 192 1243 a
210 1213 346 1242 manu
366 1197 534 1256 opificis
555 1197 639 1240 Dei
663 1197 828 1240 bonum
856 1196 1047 1253 aliquem
1075 1210 1164 1239 non
1184 1196 1399 1238 sortiatur
1419 1195 1634 1244 effectum,

165 1268 242 1326 qui
294 1267 552 1311 curiosiores
606 1269 724 1317 sunt,
772 1265 1000 1310 celestium
1049 1265 1295 1322 potentiam
1346 1264 1633 1321 inuestigant,

36 1379 38 1382 .
107 1357 146 1392 15
165 1341 211 1382 et
239 1337 293 1380 de
322 1337 509 1394 singulis
539 1351 652 1394 quae
682 1336 730 1378 in
759 1335 990 1378 sublunari
1019 1335 1151 1393 globo
1182 1334 1462 1392 proueniunt,
1492 1336 1632 1376 astro-

164 1407 336 1451 nomiae
356 1421 461 1450 suae
481 1406 646 1464 regulis
672 1405 882 1448 nituntur
900 1405 1082 1448 reddere
1102 1404 1333 1448 rationem.
1382 1403 1463 1446 Est
1483 1405 1633 1446 autem

164 1475 456 1520 astronomiae
475 1475 637 1519 nobilis
660 1477 707 1518 et
734 1475 926 1532 gloriosa
948 1474 1144 1525 scientia,
1164 1473 1202 1516 si
1228 1472 1478 1517 clientelam
1505 1487 1632 1515 suam

163 1545 283 1589 intra
301 1545 615 1589 moderationis
635 1547 776 1588 metas
796 1544 1010 1595 cohibeat,
1034 1558 1167 1601 quam
1197 1543 1235 1586 si
1262 1543 1480 1586 licentiori
1505 1542 1631 1584 uani-

163 1617 257 1659 tate
277 1614 460 1665 excedit,
479 1629 569 1657 non
589 1617 682 1657 tam
710 1613 1014 1671 philosophiae
1038 1613 1202 1670 species
1227 1627 1360 1669 quam
1387 1611 1632 1668 impietatis

106 1702 149 1727 πο
164 1684 364 1742 decipula
393 1686 470 1727 est.
546 1683 604 1726 Et
630 1683 809 1740 quidem
833 1683 976 1726 multa
995 1686 1101 1726 sunt
1120 1682 1309 1725 mathesi
1330 1681 1564 1725 doctrinali
1585 1685 1630 1724 et

163 1753 456 1797 diuinatoriae
480 1753 669 1796 mathesi
693 1753 954 1803 communia,
974 1752 1051 1795 sed
1080 1752 1187 1795 dum
1217 1751 1436 1795 diuinatio
1466 1750 1628 1794 sobrie·
1646 1748 1676 1785 b

163 1822 270 1866 tatis
290 1837 540 1866 mensuram
560 1822 745 1870 excedit.
765 1826 862 1866 toto
881 1822 1098 1865 dissidens
1125 1822 1212 1864 fine
1238 1836 1329 1864 non
1348 1820 1533 1864 instruit
1552 1819 1629 1863 sed

162 1905 292 1935 suum
316 1891 498 1936 dedocet
526 1891 828 1949 professorem.
890 1892 1018 1946 Quod
1049 1892 1167 1934 enim
1196 1905 1329 1934 zonas
1359 1890 1629 1947 partiuntur,

163 1960 394 2019 parallelos
427 1961 750 2012 disterminant,
784 1976 885 2005 cum
919 1961 1059 2019 signis
1090 1961 1182 2004 suis
1217 1960 1450 2017 obliquant
1483 1959 1628 2002 zodia-

104 2045 147 2080 25
165 2044 275 2082 cum,
295 2030 412 2088 quod
431 2030 582 2074 orbem
602 2030 695 2074 fere
714 2034 860 2074 totum
887 2030 1048 2074 coluris
1067 2030 1265 2088 cingunt,
1290 2029 1408 2086 quod
1432 2028 1628 2072 laborem

163 2099 409 2143 metiuntur
427 2100 718 2158 planetarum,
738 2101 856 2158 quod
882 2101 1086 2158 aplanem
1116 2100 1284 2143 nullius
1307 2099 1468 2142 erroris
1488 2098 1628 2156 parti-

161 2169 302 2226 cipem
337 2168 519 2220 faciunt,
549 2170 666 2227 quod
696 2185 723 2213 a
757 2170 859 2227 polo
893 2170 1056 2214 arctico
1086 2170 1143 2212 ad
1173 2169 1467 2212 antarcticum
1497 2182 1627 2210 axem

162 2238 340 2289 ducunt,
371 2239 487 2295 quod
517 2239 645 2297 signa
674 2254 754 2296 per
783 2240 949 2298 gradus
984 2242 1030 2283 et
1063 2242 1230 2297 puncta
1258 2238 1479 2288 diuidunt,
1510 2237 1628 2294 quod

163 2307 398 2351 orientium
438 2315 484 2351 et
521 2309 813 2352 occidentium
853 2309 1092 2367 signorum,
1127 2311 1172 2352 et
1211 2308 1406 2351 siderum
1445 2322 1626 2364 propor-

105 2395 148 2429 30
163 2375 329 2419 tionem
349 2379 513 2427 tenent,
533 2378 711 2435 utrique
731 2392 960 2422 commune
981 2380 1059 2421 est.
1117 2377 1317 2434 Vtraque
1337 2380 1486 2420 tamen
1507 2377 1555 2418 in
1576 2390 1626 2419 eo

166 2466 546 2550 ιῇιέαὲὶὲιαῢὶοιιίεῌ
640 2470 663 2506 6
688 2481 705 2505 s
731 2469 861 2506 derum
874 2469 936 2506 CB
1032 2477 1057 2523 2
1080 2469 1356 2506 assecunturM
1449 2479 1498 2522 .²4
1519 2479 1628 2515 para—

163 2513 272 2607 12εέ108
234 2561 406 2608 syderum
351 2514 680 2598 Mcoblinquant
727 2516 784 2553 Bs
915 2525 959 2562 27
986 2518 1106 2553 artico
1123 2515 1184 2552 CB
1311 2518 1548 2552 antarticum
1566 2515 1627 2552 CB

208 2651 223 2677 1
250 2643 276 2676 I
271 2643 397 2687 qi:nus
424 2642 502 2680 scil.
516 2644 551 2680 Η
577 2656 689 2690 ginus
701 2657 743 2680 ιιι
755 2646 884 2681 Poetie.
897 2646 1042 2682 Astron.
1154 2656 1192 2681 11
1224 2646 1356 2680 Verum
1373 2646 1469 2681 etc:
1495 2644 1538 2680 in
1554 2644 1626 2699 hoc

165 2654 332 2734 capitulo
345 2689 540 2727 scribendo
551 2656 719 2728 {lacrob
735 2694 778 2727 de
790 2694 910 2728 Somn.
926 2694 986 2728 Sci
1013 2694 1075 2730 ‚et
1091 2692 1274 2728 Martiani
1291 2691 1468 2738 Capellae
1481 2691 1547 2727 lib.
1560 2691 1627 2727 viii

166 2746 253 2771 usus
270 2737 325 2771 est
343 2735 488 2773 Noster.
528 2737 698 2791 Vestigia.
713 2739 802 2775 libri
824 2739 1016 2776 Aristote
1006 2751 1038 2775 18
1059 2742 1102 2775 de
1125 2741 1241 2782 Caelo,
1259 2740 1306 2776 de
1330 2750 1404 2785 quo
1422 2739 1628 2775 Mannonis

167 2783 452 2836 commentarios
468 2783 603 2831 legisse
619 2785 802 2823 Ioannem
814 2786 1037 2832 suspicatur,
1050 2786 1236 2823 invenisse
1250 2786 1322 2822 sibi
1333 2786 1485 2822 videtur
1500 2786 1628 2822 Peter·

167 2828 292 2867 senius
307 2829 351 2866 in
366 2829 532 2868 editione
548 2843 616 2869 sua
631 2833 813 2869 Enthetici
829 2835 872 2870 de
889 2835 1123 2880 Doqmatibus
1137 2835 1438 2880 Philosophorum
1454 2846 1493 2880 p.
1510 2844 1568 2878 94.

1455 2913 1517 2948 ¹07
