1994 3190
205 170 304 203 CAP.
320 155 398 218 111]
711 156 1151 203 POLIGRATIGVS
1691 166 1762 208 ⁵1⁵
1781 165 1807 196 c

203 279 471 336 sanguinum
491 279 570 321 aut
589 276 810 320 homicida
829 276 1050 327 scribitur,
1063 277 1168 320 licet
1182 277 1313 335 Agag
1331 278 1674 336 pinguissimum

204 362 352 405 regem
391 347 604 390 Amalech
647 344 934 389 interfecerit.
994 345 1081 388 Hic
1124 346 1342 402 siquidem
1388 348 1564 405 gladius
1606 350 1674 390 est
1691 347 1721 388 d

203 415 442 468 columbae,
475 429 588 472 quae
619 414 715 458 sine
747 413 850 457 felle
879 413 1066 464 rixatur,
1098 414 1193 457 sine
1222 416 1452 459 iracundia
1480 417 1588 460 ferit
1617 420 1675 467 et,

202 499 303 530 cum
322 485 514 535 dimicat,
529 483 698 527 nullam
718 483 897 526 omnino
916 483 1108 540 concipit
1127 484 1481 528 amaritudinem.
1543 486 1676 536 Nam,

165 567 185 602 5
204 555 319 598 sicut
349 554 423 596 lex
456 553 609 610 culpas
639 552 920 610 persequitur
949 552 1043 595 sine
1074 552 1176 595 odio
1205 567 1504 609 personarum,
1534 555 1600 598 ita
1630 558 1676 597 et

202 623 405 681 princeps
421 622 725 679 delinquentes
740 621 980 664 rectissime
995 621 1138 678 punit,
1154 635 1242 664 non
1258 622 1407 678 aliquo
1423 623 1675 666 iracundiae

202 694 327 735 motu
348 691 426 735 sed
444 693 701 734 mansuetae
720 690 831 748 legis
850 690 1047 733 arbitrio.
1098 689 1229 741 Nam,
1245 691 1328 733 etsi
1350 706 1452 733 suos
1471 692 1675 749 princeps

203 761 412 805 uideatur
449 761 611 804 habere
650 760 838 812 lictores,
876 759 971 816 ipse
1017 762 1097 802 aut
1135 759 1255 802 solus
1294 762 1374 802 aut
1413 761 1675 817 praecipuus

203 830 446 875 credendus
478 832 546 873 est
579 829 720 882 lictor,
751 829 823 872 cui
858 828 992 872 ferire
1022 828 1196 872 licitum
1226 831 1295 872 est
1323 843 1403 886 per
1431 830 1676 886 supositam

145 918 189 943 10
205 915 397 943 manum.
456 899 519 942 Vt
545 899 664 942 enim
687 898 745 942 ad
770 898 943 942 Stoicos
966 898 1236 949 accedamus,
1261 897 1338 955 qui
1362 913 1516 941 causas
1536 899 1676 941 nomi-

203 984 312 1012 num
333 969 591 1027 diligentius
614 968 899 1026 inuestigant‚
918 968 1050 1011 lictor
1072 967 1248 1020 dicitur,
1269 968 1395 1024 quasi
1421 968 1531 1024 legis
1552 968 1676 1020 ictor,

200 1036 255 1083 eo
282 1039 400 1096 quod
426 1037 483 1081 ad
510 1038 649 1094 ipsius
674 1041 845 1094 spectat
871 1036 1061 1081 officium
1093 1036 1226 1080 ferire
1256 1052 1387 1094 quem
1412 1037 1485 1080 lex
1510 1037 1677 1081 iudicat

203 1107 465 1152 feriendum.
523 1107 651 1150 Vnde
679 1110 725 1150 et
750 1107 1000 1164 antiquitus
1027 1106 1297 1156 officialibus,
1325 1121 1514 1164 quorum
1541 1122 1678 1149 manu

205 1177 341 1221 iudex
366 1179 572 1220 nocentes
598 1176 741 1234 punit,
767 1191 868 1219 cum
902 1190 977 1219 reo
1006 1175 1183 1233 gladius
1218 1176 1483 1227 immineret,
1516 1181 1525 1199 ‘
1541 1175 1676 1219 Obte-

146 1262 187 1298 15
206 1261 358 1304 mpera
381 1246 491 1303 legis
522 1245 731 1288 arbitrio'
760 1245 1001 1297 dicebatur,
1021 1245 1095 1288 uel
1125 1245 1310 1303 ‘Legem
1343 1245 1504 1303 imple,'
1531 1248 1584 1289 ut
1614 1246 1677 1288 rei

204 1315 435 1360 tristitiam
456 1314 684 1373 mitigaret
703 1314 775 1358 uel
796 1314 1090 1358 mansuetudo
1109 1314 1357 1358 uerborum.

203 1442 312 1502 Cap.
341 1457 382 1501 3.
429 1443 559 1498 Quod
582 1443 797 1500 princeps
818 1443 1029 1488 minister
1055 1447 1112 1486 est
1143 1442 1424 1487 sacerdotum
1456 1448 1495 1487 et
1521 1444 1676 1487 mimn-
1693 1448 1768 1497 516
1789 1457 1818 1486 a

317 1513 408 1564 eim
457 1517 497 1557 et
536 1513 652 1571 quid
690 1513 749 1557 cit
792 1513 1106 1558 ministerium
1144 1513 1444 1570 principatus
1477 1513 1677 1571 fideliter

318 1597 476 1640 yerere.

145 1685 189 1711 ιο
263 1662 395 1707 Hunc
419 1677 524 1722 ergo
548 1662 747 1721 gladium
775 1663 830 1707 de
857 1678 992 1707 manu
1024 1663 1242 1707 Ecclesiae
1271 1664 1432 1721 accipit
1462 1664 1678 1722 princeps,

203 1747 304 1777 cum
338 1733 435 1790 ipsa
472 1736 623 1776 tamen
656 1733 855 1791 gladium
890 1733 1120 1791 sanguinis
1154 1734 1334 1777 omnino
1373 1749 1462 1776 non
1503 1734 1678 1778 habeat.

203 1802 355 1846 Habet
373 1805 523 1846 tamen
547 1806 593 1846 et
618 1803 767 1856 istum,
787 1803 863 1846 sed
892 1818 943 1847 eo
969 1803 1116 1846 utitur
1142 1818 1222 1861 per
1245 1803 1458 1860 principis
1482 1818 1676 1854 manum,

202 1872 273 1916 cui
300 1873 669 1916 cohercendorum
695 1888 927 1931 corporum
954 1873 1144 1917 contulit
1169 1876 1447 1930 potestatem,
1467 1873 1676 1930 spiritua-

203 1940 315 1984 lium
354 1941 438 1985 sibi
478 1942 526 1984 in
565 1942 848 1999 pontificibus
888 1942 1153 1987 auctoritate
1192 1947 1380 1986 seruata.
1452 1942 1533 1985 Est
1573 1957 1677 2000 ergo

147 2030 188 2066 ²⁵
205 2011 408 2069 princeps
437 2011 671 2055 sacerdotii
702 2012 879 2069 quidem
909 2012 1114 2056 minister
1142 2015 1188 2055 et
1218 2012 1294 2070 qui
1329 2027 1554 2056 sacrorum
1584 2011 1676 2055 offi-

205 2079 375 2124 ciorum
422 2080 545 2124 illam
595 2084 769 2138 partem
816 2085 991 2125 exercet
1034 2097 1148 2139 quae
1193 2082 1427 2126 sacerdotii
1471 2082 1676 2124 manibus

203 2149 384 2193 uidetur
409 2149 604 2207 indigna.
664 2150 900 2194 sacrarum
931 2166 1121 2208 namque
1151 2151 1299 2208 legum
1329 2166 1458 2194 omne
1485 2147 1695 2194 officium'

204 2218 458 2276 religiosum
478 2222 523 2262 et
546 2219 671 2276 pium
694 2223 773 2272 est,
795 2220 906 2263 illud
933 2224 1084 2264 tamen
1110 2220 1311 2272 inferius,
1331 2220 1448 2277 quod
1477 2220 1523 2262 in
1550 2221 1677 2278 penis

205 2287 439 2331 criminum
477 2291 709 2332 exercetur
748 2293 793 2347 et
828 2290 1051 2347 quandam
1091 2290 1304 2333 carnificii
1345 2293 1676 2347 repraesentare
1694 2294 1723 2333 b

148 2374 191 2408 30
206 2356 385 2399 uidetur
422 2356 671 2415 imaginem.
750 2359 879 2402 Vnde
918 2362 964 2403 et
1008 2359 1329 2403 Constantinus
1375 2359 1676 2403 Romanorum

204 2429 638 2490 W
685 2456 730 2483 10
754 2447 901 2492 stoycos
918 2446 951 2482 A
1092 2456 1140 2482 20
1165 2445 1324 2482 eclesiae
1342 2445 1375 2482 A
1469 2445 1618 2492 accepit
1636 2445 1675 2481 Μ

206 2501 252 2536 23
278 2491 614 2528 coercendorumA
707 2503 754 2538 24
778 2496 972 2531 reseruata
988 2493 1144 2539 Amary.
1161 2492 1228 2529 SM
1333 2504 1381 2539 30
1402 2493 1621 2540 ymaginem
1635 2493 1677 2528 M

254 2572 288 2607 2,
308 2572 328 2607 3
351 2563 498 2607 yladius
513 2563 713 2600 columbae.
738 2563 873 2600 Ierem.
892 2563 979 2600 xlvi.
1000 2564 1066 2606 16;
1093 2563 1140 2599 cf.
1160 2565 1218 2599 ira
1235 2564 1415 2600 columbae
1432 2563 1563 2600 Ierem.
1590 2574 1674 2598 xxv.

207 2610 275 2655 38;
300 2621 411 2654 quem
426 2608 551 2645 locum
573 2610 700 2647 deira.
721 2609 804 2655 Dei,
820 2613 907 2658 quia
932 2613 973 2646 in
997 2612 1116 2647 Deum
1141 2612 1295 2656 nullas
1262 2613 1411 2665 furoris
1434 2613 1518 2646 inae
1501 2612 1676 2647 eualitas

207 2655 856 2750 ⁸ffi²22²32oeff521⁶fftfff⁶ss3?301¹⁰⁸
876 2657 1197 2759 ἕὸῗκῗῖἰεῖἒῗέξ
1208 2658 1341 2749 -Χᾶξῗ
1346 2658 1623 2742 ..ζοῖἳτέοωέἐ
1628 2659 1675 2741 (ιὲ

207 2716 384 2787 ιιοοέὶηιΙί
402 2752 506 2786 lictor
514 2751 747 2798 etymologia
762 2755 892 2789 narret
908 2751 1056 2796 Noster,
1069 2752 1216 2797 nescim
1233 2753 1281 2790 cf.
1295 2752 1398 2789 infra
1415 2765 1446 2790 c.
1464 2763 1505 2790 12
1524 2753 1606 2799 (537
1622 2754 1673 2799 c).

208 2808 257 2836 20
279 2798 389 2834 Hunc
406 2809 485 2844 eryo
499 2799 666 2845 qladium
681 2800 777 2836 etc.:
804 2811 835 2836 v.
852 2799 954 2836 infra
969 2812 1007 2837 n.
1023 2799 1073 2836 ad
1089 2799 1134 2836 vi.
1155 2802 1176 2838 8
1197 2799 1283 2847 (600
1299 2801 1350 2848 c).

1502 2874 1566 2909 2³9
