1994 3190
279 169 358 220 578
378 179 404 210 c
747 167 1011 212 IOANNIS
1051 167 1566 229 SARESBERIENSIS
1732 168 1842 230 [ΜΒ.
1857 181 1889 214 v

420 289 651 346 repetitur.
728 287 901 346 Inspice
949 288 1087 332 uerba
1130 288 1241 346 legis
1286 292 1332 332 et
1371 292 1539 346 quanta
1581 288 1888 347 indignatione

418 358 586 401 crimen
625 358 708 401 hoc
745 360 1036 415 persequatur
1071 358 1281 401 attende:
1320 358 1384 401 Vt
1412 359 1557 412 unius,
1586 359 1745 416 inquit,
1773 373 1889 416 pena

419 430 566 470 metus
609 427 749 484 possit
787 441 880 470 esse
919 427 1173 480 multorum,
1213 428 1370 471 ducem
1409 428 1486 485 qui
1525 428 1640 471 male
1689 428 1782 486 egit
1830 427 1889 471 ad

419 496 707 553 prouinciam,
746 510 879 553 quam
922 497 1185 548 nudauerat,
1225 512 1325 541 cum
1369 497 1570 541 custodia
1619 497 1888 555 competenti

420 565 485 608 ire
518 565 825 623 praecipimus,
858 568 912 608 ut
942 580 1031 608 non
1065 566 1208 609 solum
1240 566 1358 623 quod
1387 566 1480 624 egit
1514 581 1604 610 non
1638 567 1782 610 dicam
1812 566 1888 609 do·
1907 582 1927 616 5

419 635 629 683 mesticus
662 635 739 678 sed
770 635 1091 692 manipularius
1123 638 1170 678 et
1200 635 1404 679 minister
1433 636 1615 693 accepit,
1647 650 1804 679 uerum
1835 638 1890 697 ut

419 703 466 746 id
496 703 614 760 quod
643 703 737 760 ipse
766 718 794 746 a
822 703 1168 760 prouincialibus
1197 704 1307 747 meis
1336 704 1488 761 rapuit
1517 707 1598 747 aut
1626 704 1821 756 sustulit,
1841 704 1890 746 in

372 774 402 814 cl
420 772 718 830 quadruplum
745 772 916 816 inuitus
943 773 1134 816 exoluat.
1194 772 1419 830 Itemque:
1451 773 1615 816 Omnes
1641 773 1890 831 cognitores

419 845 465 886 et
493 842 660 886 iudices
679 857 707 884 a
735 842 933 899 pecuniis
962 844 1097 899 atque
1125 842 1405 899 patrimoniis
1434 854 1592 885 manus
1622 842 1889 896 abstineant,

417 925 561 968 neque
596 910 790 954 alienum
825 911 1020 968 iurgium
1055 914 1216 968 putent
1256 926 1381 954 suam
1413 911 1635 969 praedam.
1711 911 1889 954 Etenim
1909 932 1952 958 10

372 986 375 988 ’
418 981 697 1038 priuatorum
737 980 885 1023 litium
924 981 1126 1038 cognitor
1171 981 1375 1038 idemque
1414 983 1633 1024 mercator
1671 983 1889 1024 statutam

419 1051 592 1108 legibus
640 1053 822 1108 cogetur
872 1050 1021 1093 subire
1070 1051 1297 1094 iacturam.
1378 1050 1437 1094 Et
1486 1050 1598 1093 illud
1619 1066 1628 1092 ε
1678 1050 1890 1094 Iubemus

419 1134 593 1177 quoque
625 1123 671 1162 et
705 1120 936 1163 hortamur
969 1122 1032 1171 ut,
1063 1120 1100 1163 si
1131 1120 1230 1177 quis
1261 1120 1379 1163 forte
1412 1120 1729 1164 honoratorum
1761 1119 1890 1163 decu·
1935 1121 1938 1124 ’

418 1189 593 1231 rionum
614 1203 911 1246 possessorum
931 1191 1153 1246 postremo
1173 1189 1309 1232 etiam
1334 1189 1588 1233 colonorum
1609 1203 1636 1232 a
1655 1188 1890 1233 cuiuslibet

417 1258 587 1301 ordinis
612 1258 756 1303 iudice
783 1257 922 1301 fuerit
948 1258 1098 1315 aliqua
1124 1259 1296 1302 ratione
1323 1273 1570 1311 concussus,
1589 1259 1628 1302 si
1655 1259 1754 1315 quis
1778 1258 1889 1302 sciat
1909 1275 1950 1311 15

418 1327 622 1370 uenalem
642 1327 696 1370 de
717 1326 812 1369 iure
833 1326 970 1370 fuisse
990 1327 1268 1380 sententiam,
1289 1327 1326 1370 si
1348 1328 1446 1384 quis
1466 1342 1625 1385 penam
1646 1327 1718 1371 uel
1745 1327 1889 1385 pretio

418 1397 646 1440 remissam
670 1396 745 1453 uel
772 1396 885 1439 uitio
913 1396 1172 1453 cupiditatis
1201 1397 1446 1454 ingestam3
1475 1397 1514 1440 si
1543 1397 1643 1454 quis
1668 1400 1891 1454 postremo

419 1480 694 1523 quacumque
710 1465 764 1508 de
785 1480 918 1509 causa
937 1465 1187 1523 improbum
1208 1466 1396 1510 iudicem
1417 1466 1614 1524 potuerit
1633 1466 1890 1524 approbare,

416 1536 455 1579 is
476 1535 547 1578 uel
562 1535 904 1578 administrante
919 1550 970 1579 eo
990 1535 1062 1579 uel
1082 1539 1183 1593 post
1197 1536 1627 1579 administrationem
1642 1536 1890 1594 depositam

416 1605 465 1647 in
504 1605 730 1662 publicum
766 1604 962 1662 prodeat,
998 1604 1172 1649 deferat
1210 1605 1389 1657 crimen,
1424 1605 1620 1649 delatum
1661 1605 1888 1663 approbet,
1908 1623 1953 1649 no

418 1688 520 1718 cum
559 1674 817 1731 probauerit
863 1676 908 1719 et
954 1674 1187 1717 uictoriam
1237 1677 1545 1732 reportaturus
1596 1677 1641 1718 et
1689 1674 1888 1732 gloriam.

272 1756 353 1795 579
373 1756 403 1785 a
419 1743 603 1786 Vtinam
635 1743 743 1786 haec
774 1743 846 1786 uel
879 1743 1122 1788 audiantur
1152 1758 1180 1786 a
1213 1744 1401 1797 nostris;
1439 1759 1543 1786 nam
1574 1747 1626 1787 ut
1656 1746 1892 1788 seruentur

418 1815 573 1870 optare
600 1812 680 1856 uix
706 1812 860 1856 audeo.
922 1812 1042 1865 Quos
1069 1813 1273 1870 quotiens
1297 1813 1556 1871 diligentius
1580 1813 1768 1866 intueor,
1787 1827 1889 1857 con-

418 1896 615 1926 cussores
638 1881 748 1925 mihi
779 1882 927 1939 potius
957 1881 1112 1925 uideor
1141 1883 1292 1926 uidere
1323 1898 1455 1940 quam
1486 1883 1663 1934 iudices,
1683 1897 1734 1926 ac
1763 1882 1801 1926 si
1830 1882 1888 1926 ad

419 1952 502 1995 hoc
530 1951 672 1994 solum
699 1951 794 1994 dati
820 1951 913 1995 sint
939 1954 992 1994 ut
1023 1952 1297 2009 prouinciam
1321 1953 1524 2010 spolient.
1583 1952 1672 1995 Sed
1698 1955 1744 1996 et
1769 1952 1888 2010 leges
1908 1968 1950 2004 ²5

419 2020 541 2078 ipsae
571 2023 616 2064 et
645 2020 995 2072 consuetudines,
1025 2021 1186 2077 quibus
1215 2036 1332 2066 nunc
1362 2022 1546 2073 uiuitur,
1570 2021 1756 2065 insidiae
1783 2023 1890 2066 sunt

420 2136 442 2172 8
468 2135 642 2172 exsoluat
659 2134 725 2171 SM
870 2145 912 2181 19
936 2134 1244 2172 amministrante
1262 2136 1302 2172 M

467 2250 488 2276 2
521 2241 563 2275 Vt
579 2241 691 2276 unius
707 2242 800 2276 etc.:
826 2238 918 2276 Cod.
935 2238 985 2274 ix.
1006 2248 1061 2283 27.
1083 2249 1111 2276 1.
1238 2249 1256 2286 5
1284 2241 1376 2285 eyn.-
1399 2241 1478 2276 εἰπε
1493 2238 1580 2277 Οοά.
1714 2242 1736 2277 8
1763 2241 1892 2279 Omnes

419 2289 613 2334 coynitores
635 2292 735 2324 etc.:
762 2286 851 2323 Cod.
878 2286 926 2322 ix.
950 2295 1007 2331 27.
1033 2297 1064 2332 3.
1209 2297 1251 2323 12
1277 2289 1446 2324 Iubemus
1468 2291 1565 2325 etc.:
1591 2287 1680 2324 eod.
1702 2286 1754 2325 ix.
1776 2297 1833 2334 27.
1854 2298 1890 2334 4.

419 2337 466 2372 26
484 2336 777 2371 consuetudines:
801 2333 1019 2371 Notandum
1035 2335 1093 2370 cst
1110 2333 1216 2370 illam
1231 2334 1501 2372 dissensionem
1515 2334 1618 2371 inter
1629 2334 1837 2372 Henricum
1851 2334 1889 2372 11

420 2385 460 2419 ct
471 2382 654 2419 'rhomam
673 2380 998 2428 archiepiscopum
1017 2380 1326 2419 cantuariensem
1343 2382 1404 2428 (ad
1422 2394 1547 2429 quem,
1562 2382 1650 2418 dum
1668 2382 1792 2421 adhuc
1806 2394 1891 2420 can·

421 2429 598 2467 cellarius
615 2432 707 2473 erat,
726 2428 886 2475 scriptun
904 2430 961 2465 est
980 2430 1229 2475 I’oln'cratt'cus)
1244 2430 1290 2467 de
1309 2429 1416 2476 regni
1430 2431 1749 2467 consuetudinibus
1766 2432 1890 2468 ortam

421 2489 499 2514 esse
517 2490 526 2520 ς
580 2489 647 2514 uae
662 2477 702 2513 in
716 2476 877 2513 concilio
890 2475 1134 2513 celeberrimo
1150 2477 1250 2523 apud
1264 2476 1542 2514 clarendonam
1555 2476 1687 2515 habito
1701 2479 1811 2523 exiyt't
1823 2489 1891 2515 rex

422 2527 481 2569 (ut
504 2535 567 2561 ver
596 2524 626 2560 is
646 2524 771 2561 Nostri
794 2523 833 2560 in
857 2525 924 2560 Va.
942 2526 976 2558 S.
998 2525 1151 2560 Ykomae
1168 2536 1198 2560 c.
1219 2533 1257 2571 15
1278 2525 1378 2570 utar)
1398 2526 1599 2561 instantius
1615 2530 1656 2561 ut
1673 2551 1680 2561 .
1697 2552 1705 2562 .
1723 2552 1732 2562 .
1745 2525 1889 2571 publico

421 2577 688 2608 recenserentur
701 2577 731 2607 et
748 2583 910 2617 expresso
927 2576 957 2606 et
975 2573 1131 2607 absoluto
1150 2574 1312 2607 omnium
1335 2574 1579 2619 epv’scopomm
1595 2584 1744 2608 assensu
1759 2575 1892 2618 fima—

420 2625 558 2664 rentur,
588 2621 691 2655 nulla
720 2620 866 2655 omnino
899 2620 1101 2654 conditione
1133 2621 1272 2655 adiecta
1307 2619 1443 2666 (qualis
1476 2619 1624 2656 scilicet
1657 2619 1782 2657 fuerat
1814 2619 1890 2658 ista

419 2666 586 2703 'l'homac
616 2666 777 2702 formula
808 2667 909 2702 saluo
942 2668 1068 2701 ordine
1100 2668 1204 2709 meo).
1263 2666 1317 2703 De
1346 2668 1598 2703 consuetudine
1624 2678 1656 2703 v.
1687 2668 1769 2713 Diy.
1798 2666 1823 2704 i.
1853 2677 1887 2714 3.

420 2725 478 2760 32,
496 2717 564 2760 385
590 2714 639 2751 cf.
665 2714 792 2750 lsidor.
818 2715 914 2759 Θήρ.
939 2712 977 2750 ii.
1006 2724 1049 2750 ιο
1072 2712 1090 2760 ξ
1111 2724 1131 2749 2
1152 2712 1300 2760 (Migne
1319 2715 1359 2749 Ρ.
1373 2716 1414 2750 L.
1434 2713 1565 2750 lxxxii.
1587 2713 1668 2760 130)
1695 2714 1761 2760 qui
1782 2713 1888 2752 iuris·

420 2761 677 2798 com-ultorum
712 2760 918 2797 sententias
957 2759 1009 2796 sic
1043 2760 1206 2797 breviter
1239 2761 1444 2807 expressit:
1490 2763 1715 2798 Consuetudo
1748 2767 1798 2799 est
1829 2764 1889 2799 ius

418 2811 598 2858 quoddam
615 2809 773 2846 mor-ibus
789 2810 1005 2854 institutum,
1023 2810 1117 2855 quod
1129 2820 1199 2856 pro
1215 2810 1287 2855 leqe
1303 2810 1504 2857 suscipitur
1517 2821 1597 2846 cum
1613 2810 1732 2856 dqfict't
1749 2810 1816 2847 lex.

531 2890 598 2924 3⁵0
