1994 3190
175 181 274 214 GAP.
289 168 420 224 XXIV]
681 162 1120 209 POLICRATICVS
1656 172 1735 214 455
1754 172 1779 202 c

175 289 334 335 sciolus
359 286 590 346 paululum
613 285 723 327 mihi
753 298 854 328 cum
880 283 1213 340 peripatheticis
1242 298 1348 340 prae
1374 283 1452 326 illo
1477 282 1643 332 uideor,

175 358 252 415 qui
291 357 424 400 huius
455 354 730 398 difficultatis
760 353 969 410 angustia
1002 352 1050 394 in
1082 352 1256 396 Athicis
1290 352 1508 396 Noctibus
1542 366 1643 396 con-

175 426 317 470 fessus
336 428 404 469 est
424 439 470 468 se
490 424 658 468 nescire
678 437 725 466 se
745 437 835 465 non
855 435 947 465 esse
967 420 1173 464 cicadam.

177 581 282 640 Cap.
315 594 381 636 24.
423 580 552 635 Quod
581 577 886 624 mathematici
917 576 1151 620 temerarii
1182 580 1302 626 sunt,
1333 576 1646 633 indifferenter

137 672 156 706 5
366 650 543 707 sutura
571 648 748 694 iudicio
777 662 857 691 suo
886 646 1081 691 subicere
1104 650 1453 702 praesumentes.

233 760 308 804 Illi
329 774 513 818 quoque,
532 759 636 803 licet
656 757 968 801 dissentiamus
994 756 1042 798 in
1068 755 1284 813 plurimis,
1303 770 1474 798 mecum
1499 755 1646 798 faten-

176 833 252 876 tur
285 845 332 874 se
371 829 519 874 omnia
553 843 643 872 non
682 827 860 878 nescire,
891 841 992 870 cum
1032 825 1194 882 quibus
1233 829 1355 868 astra
1393 824 1648 881 loquuntur,
1664 826 1693 865 d

177 903 223 944 et
257 900 334 958 qui
369 899 494 956 quasi
525 898 580 942 de
609 898 706 955 ipso
735 896 963 940 celestium
995 895 1096 938 sinu
1127 894 1373 938 extrahunt
1399 894 1647 937 ueritatem.

178 970 266 1024 Qui
305 984 412 1013 uero
451 983 602 1012 eorum
642 966 954 1010 modestissimi
993 968 1100 1008 sunt
1133 979 1213 1008 nec
1248 964 1467 1007 sideribus
1501 978 1648 1006 rerum

119 1063 162 1088 ιο
178 1039 443 1098 pollicentur
477 1037 657 1081 effectus
691 1051 771 1079 nec
810 1050 885 1079 eas
918 1034 1172 1078 necessitati
1211 1033 1307 1091 lege
1347 1033 1650 1090 dispositionis

178 1108 447 1166 astringunt,
466 1107 543 1150 sed
564 1106 669 1164 quia
684 1108 900 1149 uenturae
921 1107 1027 1147 sunt
1041 1103 1260 1160 certisque
1275 1102 1651 1160 praenuntiantur

176 1178 362 1229 indiciis,
382 1176 633 1235 praedicere
653 1190 742 1219 non
763 1178 986 1218 uerentur.
1046 1173 1135 1217 Sed
1155 1173 1192 1216 si
1221 1172 1476 1216 futurorum
1504 1175 1652 1230 potest

178 1247 287 1292 ordo
306 1246 484 1297 mutari,
504 1245 789 1290 temerarium
809 1248 877 1288 est
898 1259 990 1287 rem
1011 1243 1080 1286 sui
1101 1245 1265 1286 natura
1292 1242 1506 1286 incertam
1530 1245 1651 1286 certo

180 1315 370 1360 diffinire
389 1316 564 1359 iudicio.
623 1315 705 1359 Sin
726 1318 876 1358 autem
902 1313 1067 1356 mutari
1092 1327 1182 1355 non
1206 1315 1364 1370 potest,
1386 1312 1493 1368 quid
1517 1311 1650 1369 prod-

123 1407 162 1442 ¹⁵
181 1388 249 1430 est
274 1388 404 1429 tanta
429 1385 684 1429 curiositate
711 1383 913 1436 scrutari,
941 1382 1059 1440 quod
1087 1381 1212 1424 nulla
1241 1384 1387 1438 potest
1417 1381 1651 1438 diligentia

181 1454 425 1499 declinari?
484 1454 573 1498 Sed
608 1453 726 1497 forte
765 1453 849 1496 etsi
889 1452 1019 1495 aliter
1058 1465 1151 1494 esse
1192 1450 1344 1508 possit,
1376 1465 1446 1493 res
1480 1450 1651 1494 incerta

181 1539 270 1568 non
305 1527 383 1575 est,
418 1524 803 1580 temeritatemque
836 1522 988 1566 iudicii
1023 1523 1207 1564 excusat
1246 1520 1362 1563 ratio
1395 1520 1652 1563 indubitata

181 1594 419 1652 signorum.
496 1593 621 1637 Licet
651 1593 770 1637 enim
804 1592 1011 1650 possibile
1046 1591 1106 1634 sit
1135 1605 1229 1633 rem
1258 1589 1390 1633 aliter
1420 1604 1524 1640 esse,
1554 1605 1652 1633 eam

181 1666 331 1708 tamen
369 1663 435 1707 ita
474 1662 675 1707 futuram
715 1677 808 1706 esse
851 1661 1091 1705 manifesta
1133 1660 1262 1717 signa
1308 1660 1653 1716 praenuntiant;

124 1751 167 1776 πο
182 1747 262 1778 nec
300 1748 409 1784 mea,
445 1733 592 1790 inquit
631 1736 853 1777 astrorum
893 1730 1168 1781 secretariuS,
1198 1730 1386 1772 interest
1425 1744 1483 1772 an
1522 1729 1654 1772 aliter
1669 1733 1752 1782 456
1775 1742 1803 1770 a

183 1816 275 1846 esse
306 1803 456 1860 possit,
486 1803 593 1846 dum
624 1803 683 1853 id,
714 1802 769 1845 de
801 1816 888 1859 quo
919 1800 1082 1858 agitur,
1113 1799 1179 1842 ita
1213 1798 1418 1842 futurum
1442 1813 1535 1842 esse
1564 1813 1654 1842 non

183 1871 394 1918 dubitem.
471 1871 560 1916 Sed
610 1886 828 1929 quaenam
874 1874 943 1914 est
985 1870 1092 1913 haec
1131 1868 1353 1912 certitudo
1393 1868 1655 1926 signorum?

184 1941 355 2000 Nempe
385 1956 532 1985 rerum
572 1941 831 1999 plerumque
866 1939 1220 1996 experimentum
1260 1937 1402 1980 fallax
1441 1937 1655 1980 iudicium

185 2010 360 2055 difficile
408 2011 691 2069 ipsorumque
744 2010 972 2068 signorum
1021 2008 1149 2051 uaria
1201 2009 1269 2050 est
1318 2010 1364 2050 et
1418 2007 1655 2064 multiplex

129 2093 168 2128 ²⁵
186 2080 459 2138 significatio.
539 2081 675 2124 Porro
724 2080 919 2123 uarietas
968 2077 1308 2134 ambiguitatem
1356 2076 1556 2129 inducit;
1607 2077 1655 2119 in

186 2149 404 2208 ambiguis
433 2153 583 2194 autem
613 2150 758 2194 omnis
786 2149 994 2193 diffinitio
1023 2147 1269 2206 periculosa
1298 2149 1379 2190 est.
1437 2146 1526 2190 Sed
1561 2149 1656 2190 esto

189 2279 206 2307 1
233 2269 490 2318 peripateticis
507 2270 548 2307 M
706 2281 727 2308 2
753 2270 911 2308 atthicis
929 2269 962 2305 A
1119 2279 1142 2314 4
1168 2266 1213 2305 3²
1228 2270 1279 2304 ad
1296 2280 1374 2314 cap.
1392 2269 1490 2304 xxiv.
1509 2269 1656 2304 titulum

186 2329 265 2364 cap.
282 2330 365 2356 xxv.
377 2321 560 2365 praefluit.
703 2328 724 2364 7
749 2319 930 2356 locuntur
946 2317 971 2354 S
1114 2326 1163 2353 20
1186 2315 1285 2362 mea]
1304 2315 1346 2351 in
1363 2326 1410 2351 ea
1426 2315 1466 2351 M

237 2437 254 2464 1
280 2429 430 2465 sciolus:
453 2441 486 2465 v.
507 2427 594 2465 Isid.
615 2429 853 2474 Differentiae
869 2426 893 2464 i.
917 2435 994 2474 505.
1173 2436 1207 2468 2,
1226 2436 1246 2471 3
1271 2427 1313 2461 in
1329 2426 1473 2461 Athieis
1487 2424 1659 2460 Noctibus

189 2475 259 2511 etc.
275 2488 284 2511 :
299 2474 406 2511 Nihil
414 2475 492 2512 tale
503 2476 603 2523 apud
616 2476 781 2513 Gellium
794 2474 958 2522 reperire
971 2472 1096 2520 potui;
1114 2473 1162 2510 cf.
1176 2475 1305 2509 tamen
1316 2472 1416 2508 xviii.
1435 2483 1488 2519 13,
1502 2470 1603 2506 xviii.
1618 2481 1656 2513 23

189 2532 312 2576 neque
340 2522 434 2559 haec
461 2526 616 2560 narrata
642 2534 720 2560 esse
748 2521 979 2569 impossibile
1006 2523 1064 2558 est
1088 2520 1129 2556 in
1154 2520 1238 2556 libr.
1263 2520 1340 2556 viii.
1369 2532 1451 2566 cap.
1482 2530 1526 2554 10
1551 2518 1657 2555 euius

190 2568 316 2605 amissi
332 2571 456 2606 exstat
471 2570 650 2616 periocha
666 2573 710 2607 ut
725 2569 896 2616 sequitur
909 2570 1034 2614 Qualis
1050 2570 1142 2604 mihi
1148 2570 1269 2614 suerit
1285 2570 1326 2603 in
1342 2569 1475 2614 oppido
1486 2567 1657 2602 Eleusine

119 2623 121 2627 ’
189 2617 396 2661 disceptatio
421 2629 501 2653 cum
525 2620 760 2663 qrammatico
782 2619 937 2664 quodam
958 2618 1202 2662 praestiyioeo,
1228 2621 1388 2661 tempora
1415 2614 1597 2649 verborum
1625 2618 1658 2648 et

189 2664 442 2700 meditamenta
458 2667 621 2710 puerilia
641 2667 838 2710 iqnorante,
857 2669 1073 2700 remotarum
1097 2669 1217 2698 autem
1237 2665 1486 2708 quaestionum
1508 2662 1659 2696 nebulas

190 2714 224 2745 et
243 2711 464 2755 formidines
488 2714 673 2758 capiendis
695 2714 945 2758 imperitorum
970 2713 1107 2747 animis
1129 2715 1347 2752 ostentante;
1380 2709 1427 2746 cf.
1454 2707 1654 2754 Augustin.

191 2761 316 2792 contra
344 2759 572 2795 Academicos
599 2758 655 2796 iii.
685 2770 728 2796 10
757 2758 776 2806 ξ
804 2769 862 2797 22.
988 2769 1011 2803 4
1041 2758 1130 2803 Cap.
1159 2767 1226 2802 24:
1260 2757 1355 2793 Cum
1380 2767 1467 2803 cap.
1493 2755 1581 2791 xxiv
1607 2755 1655 2791 cf.

191 2803 382 2841 Abailard.
402 2805 501 2842 Diaz.
519 2804 556 2840 11
572 2807 683 2843 Anal.
700 2807 762 2843 Pr.
781 2806 838 2842 111
857 2806 980 2853 (Ouvr.
998 2807 1101 2841 Ined.
1118 2816 1155 2851 p.
1175 2804 1275 2852 288).

1488 2883 1551 2916 133
