1994 3190
174 212 272 246 ou.
287 199 370 260 xx]
689 197 1127 244 POLICRATICVS
1603 231 1611 238 .
1654 211 1740 252 ,443
1758 203 1788 242 b
1808 226 1810 229 -

173 322 245 365 Ab
273 335 324 364 eo
355 334 459 378 ergo
487 333 568 362 sua
602 321 798 376 potestas
830 318 1052 362 attributa
1086 323 1152 363 est
1191 320 1380 378 singulis
1413 321 1640 372 creaturis,

173 389 221 432 in
251 390 410 447 quibus
438 403 527 431 non
547 387 746 445 oportuit
775 387 952 430 celestia
982 387 1125 431 locum
1158 392 1308 433 tenere
1338 391 1640 441 nouissimum,

172 463 218 504 et
252 473 364 516 quae
403 457 606 515 digniora
639 459 746 500 sunt
786 456 885 498 aliis
924 456 1086 499 habere
1126 458 1359 501 minimum
1395 460 1640 516 potestatis.

173 527 249 571 Eis
269 527 418 584 itaque
439 528 656 583 quantum
685 524 830 567 uoluit
860 525 1050 568 contulit
1071 526 1158 582 qui,
1180 526 1263 568 etsi
1293 527 1378 570 sibi
1406 529 1642 572 retinuerit

133 622 153 657 5
171 597 315 655 operis
344 595 655 654 principatum,
679 594 906 652 signorum
937 594 1026 637 illis
1055 595 1111 637 ad
1142 595 1290 638 minus
1319 596 1486 640 indixit
1515 598 1639 641 obse-

170 666 336 724 quium.
416 664 542 707 Vnde
580 664 663 707 etsi
702 678 792 706 non
836 678 966 720 saepe
1012 663 1182 707 faciant
1220 678 1354 721 opera
1401 666 1639 722 signorum,
1658 682 1683 711 e

170 740 318 780 tamen
337 736 514 777 auctore
542 733 637 776 Deo
662 732 876 776 exhibent
901 732 1161 776 ministeria.
1223 733 1342 777 Hinc
1364 734 1480 778 forte
1506 735 1638 778 illud:

173 804 267 848 Geli
287 806 497 847 enarrant
516 802 703 860 gloriam
725 802 820 853 Dei,
833 805 878 845 et
898 816 1032 859 opera
1051 817 1263 845 manuum
1285 804 1380 846 eius
1401 805 1640 848 annuntiat

170 874 509 918 firmamentum.
569 871 663 915 Nec
693 872 868 923 mirum,
897 886 996 914 cum
1028 875 1074 914 et
1108 886 1214 915 aues
1248 875 1294 915 et
1328 872 1417 915 alia
1447 873 1640 930 plurima

113 961 155 986 10
172 942 452 986 institutione
472 941 556 984 Dei
576 944 622 984 et
648 944 836 984 naturae
856 941 1066 984 beneficio
1086 941 1303 998 quaedam
1325 941 1481 984 futura
1501 943 1640 1000 signis

170 1012 475 1071 praeueniunt.
553 1011 603 1054 Si
642 1010 783 1068 igitur
816 1010 995 1054 celestia
1028 1011 1157 1068 signa
1191 1014 1298 1054 sunt
1337 1026 1484 1053 rerum
1526 1027 1638 1068 quae

169 1082 320 1140 procul
340 1081 474 1124 dubio
494 1083 709 1123 uenturae
730 1083 835 1123 sunt
855 1080 1110 1130 necessario,
1131 1094 1231 1124 cum
1253 1095 1326 1123 eas
1347 1080 1638 1124 immutabilis

170 1151 399 1208 dispositio
433 1149 720 1200 ordinauerit‚
759 1149 867 1206 quid
906 1149 1113 1206 prohibet
1153 1164 1205 1192 ea
1251 1164 1364 1206 quae
1410 1150 1637 1194 celestium

170 1220 542 1279 praenuntiantur
566 1218 728 1262 indicio
758 1218 859 1262 sciri
889 1219 947 1262 ab
971 1219 1148 1262 homine
1175 1222 1221 1262 et
1249 1219 1417 1262 homini
1449 1219 1639 1263 inuicem

112 1305 152 1340 15
171 1289 383 1334 indicari?
442 1289 581 1346 Signa
610 1289 828 1345 siquidem
858 1288 1111 1332 hominibus
1141 1289 1248 1331 data
1271 1292 1378 1332 sunt
1407 1289 1462 1332 ad
1495 1290 1638 1332 erudi-

169 1359 347 1410 tionem,
380 1373 469 1402 non
500 1358 589 1402 illis
629 1358 705 1415 qui
739 1357 967 1402 celestium
1001 1359 1163 1402 conscii
1198 1362 1465 1402 secretorum
1505 1359 1639 1403 nullis

169 1428 370 1486 indigent
388 1428 539 1486 signis.

171 1580 278 1639 Cap.
302 1595 367 1626 20.
407 1581 536 1636 Quod
557 1580 858 1638 prwidentia
883 1595 1041 1624 rerum
1067 1586 1293 1625 naturam
1318 1597 1414 1626 non
1435 1583 1638 1640 perimit,

285 1666 425 1707 ‘neque
453 1651 581 1694 serias
609 1665 767 1694 rerum
795 1650 1012 1694 immutat
1041 1652 1405 1708 prouidentiam,
1440 1657 1479 1696 et
1519 1653 1639 1709 quod

113 1738 156 1763 ιο
183 1747 186 1752 -
285 1719 478 1764 liberum
497 1718 751 1763 arbitrium
769 1723 924 1763 manet
944 1735 1048 1763 cum
1063 1721 1380 1777 prouidentia.

228 1823 477 1867 Probabilia
501 1823 678 1880 quidem
703 1827 809 1866 sunt
833 1824 940 1867 haec
961 1839 1074 1880 quae
1101 1829 1367 1882 proponunt,
1387 1826 1464 1869 sed
1484 1829 1634 1870 tamen
1652 1830 1681 1870 d

169 1907 386 1936 uenenum
417 1893 488 1937 hic
518 1893 601 1936 sub
632 1893 761 1937 melle
796 1893 919 1937 latet.
980 1893 1181 1936 Fatalem
1216 1895 1380 1938 etenim
1412 1897 1636 1952 quandam

169 1962 471 2008 necessitatem
502 1963 634 2005 rebus
660 1962 897 2019 imponunt
923 1963 1007 2006 sub
1034 1967 1273 2020 praetextu
1305 1965 1573 2008 humilitatis
1593 1970 1638 2008 et

169 2032 441 2076 reuerentiae
475 2032 571 2084 Dei,
602 2032 810 2075 timentes
844 2047 900 2075 ne
932 2032 1048 2076 forte
1092 2034 1232 2090 ipsius
1271 2038 1512 2078 euacuetur
1550 2035 1636 2078 dis-

113 2119 153 2154 ²⁵
170 2101 342 2158 positio,
361 2101 446 2144 nisi
466 2116 614 2144 rerum
635 2104 822 2144 euentus
842 2103 1078 2146 necessitas
1097 2104 1345 2147 comitetur.
1405 2104 1638 2148 Praeterea

170 2170 451 2227 priuilegium
472 2171 650 2213 diuinae
670 2171 916 2214 maiestatis
935 2172 1203 2229 irrumpunt,
1223 2173 1453 2217 scientiam
1483 2174 1636 2217 uendi-

169 2242 319 2282 cantes
358 2253 446 2295 qua
484 2242 683 2296 tempora
717 2240 1008 2296 praeuideant
1042 2244 1088 2284 et
1122 2246 1347 2285 momenta
1387 2258 1500 2299 quae
1534 2243 1636 2285 Filii

170 2307 422 2351 testimonio
452 2308 597 2352 Patris
626 2312 851 2352 reseruata
880 2312 986 2352 sunt
1015 2311 1239 2367 potestati.
1303 2312 1428 2356 Adeo
1457 2313 1636 2370 quidem

170 2379 223 2420 ut
241 2376 497 2420 abscondita
519 2377 611 2420 sint
629 2377 687 2420 ab
712 2377 850 2422 oculis
874 2393 1037 2430 eorum,
1057 2380 1218 2436 quibus
1239 2380 1322 2424 Dei
1345 2382 1484 2425 Filius
1504 2397 1635 2439 quae-

111 2463 154 2497 30
170 2459 355 2502 cumque
370 2461 397 2488 a
411 2446 541 2489 Patre
557 2447 759 2490 audierat
773 2448 995 2504 patefecit.
1040 2449 1211 2493 Deinde
1224 2455 1394 2494 mentes
1407 2452 1635 2494 hominum

170 2516 342 2557 tumore
362 2515 565 2558 elationis
586 2515 807 2559 extollunt
827 2519 908 2560 aut
928 2517 1247 2575 desperationis
1266 2521 1635 2578 pusillanimitate

175 2642 217 2669 12
240 2631 366 2670 nescio
384 2632 408 2669 S
550 2644 596 2680 30
618 2634 792 2672 audierat
807 2647 831 2672 a
847 2638 958 2683 patre
976 2636 1016 2672 M

220 2742 242 2777 8
270 2742 344 2777 Geli
361 2742 453 2779 ete:
471 2743 529 2779 Ps.
546 2743 647 2782 xviii.
661 2754 694 2781 2.
789 2755 831 2782 21
851 2747 1058 2783 Probabilia
1076 2749 1168 2784 etc.:
1185 2747 1231 2784 In
1245 2748 1423 2795 capitulis
1441 2750 1632 2796 sequenti-

172 2788 241 2824 bus
257 2788 458 2835 Augustini
475 2792 514 2826 et
530 2790 679 2828 Boethii
696 2792 866 2838 sequitur
882 2793 1028 2830 Noster.
1213 2805 1257 2840 27
1283 2803 1461 2834 momenta
1479 2801 1549 2834 etc.
1566 2812 1573 2834 :
1599 2810 1630 2833 v.

172 2835 256 2871 Act.
275 2835 372 2882 App.
391 2836 416 2872 i.
435 2845 468 2881 7.
610 2848 656 2884 29
678 2852 914 2887 quaecumque
932 2843 1004 2878 etc.
1022 2855 1031 2878 ι
1056 2854 1087 2879 v.
1109 2843 1238 2879 Ioaun.
1258 2855 1315 2879 xv.
1342 2853 1394 2890 15.

230 2906 310 2926 WEBB
886 2911 911 2944 Q
1463 2917 1525 2949 113
