1994 3236
926 198 1381 244 PROLEGOMENA

484 316 698 359 SENECAE
732 314 869 358 libros
902 314 956 358 de
988 313 1222 372 Beneficiis
1255 329 1347 358 non
1385 313 1530 364 semel,
1564 313 1792 370 Epistolae
1827 314 1891 358 ad

421 385 657 428 bacilium
687 384 938 441 saepissime
969 384 1092 429 citat.
1151 384 1360 440 Dialoyos
1390 399 1449 426 an
1483 384 1641 441 legerit
1669 384 1887 427 incertum

421 457 500 497 est.
559 453 813 497 Versiculus
838 453 886 496 in
909 453 1075 497 Polior.
1096 453 1188 495 viii.
1213 466 1266 510 23
1287 452 1506 502 laudatus,
1525 453 1663 496 Ferro
1682 453 1889 496 rimatur

420 523 598 567 uiscera
625 523 801 575 matris,
819 523 867 565 in
896 526 1090 566 mentem
1119 525 1298 566 reuocat
1321 522 1512 565 Senecae
1535 522 1713 565 Medeae
1733 537 1888 566 uersus

426 606 549 645 1012,
584 606 708 649 1013,
743 607 852 649 quos
891 592 1057 635 deleuit
1100 592 1349 634 Fridericus
1389 591 1478 634 Leo
1517 591 1563 646 (i.
1606 593 1720 647 208),
1756 606 1886 648 quem

420 664 597 705 secutus
626 665 694 705 est
718 661 770 705 G.
795 661 978 705 Richter
1006 662 1054 704 in
1084 661 1276 704 editione
1306 660 1625 704 Teubneriana.
1686 660 1810 703 Libri
1834 661 1887 703 de

420 730 726 775 Naturalibus
755 730 1100 784 Quaestionibus
1133 730 1359 787 exemplar
1392 729 1595 773 ecclesiae
1625 729 1888 773 Carnotensi

419 803 687 843 testamento
735 800 904 858 legauit
952 799 1153 851 Ioannes,
1193 814 1280 856 quo
1328 801 1479 841 tamen
1528 798 1575 840 in
1619 797 1889 842 Policratico

419 869 649 913 scribendo
682 884 772 912 non
803 883 910 912 usus
942 872 1023 912 est.
1097 868 1352 911 Sententiae
1386 867 1442 910 de
1476 867 1642 910 Seneca
1680 882 1708 910 a
1747 867 1886 920 Quin·-

420 938 578 982 tiliano
607 941 654 982 et
683 939 957 995 Hieronymo
987 937 1102 980 latas
1127 937 1175 979 in
1204 937 1367 980 Polior.
1399 936 1491 979 viii.
1521 950 1573 994 13
1604 936 1754 979 refert.
1814 936 1888 979 Ad

422 1008 642 1065 Epistolas
661 1006 1020 1065 pseudographas
1050 1006 1239 1050 Senecae
1269 1006 1326 1049 ad
1353 1005 1398 1049 S.
1419 1005 1607 1048 Paulum
1627 1010 1672 1048 et
1692 1005 1736 1048 S.
1759 1006 1887 1048 Pauli
1913 1057 1920 1066 .

419 1076 477 1119 ad
498 1076 709 1120 Senecam
727 1076 880 1120 eodem
903 1076 998 1119 loco
1017 1075 1208 1132 respicit,
1223 1089 1248 1118 e
1268 1074 1428 1131 quibus
1447 1077 1598 1118 tamen
1617 1074 1730 1117 nihil
1751 1074 1895 1132 (quodi

419 1146 574 1204 sciam)
593 1146 793 1203 sumpsit.

478 1214 706 1258 Lvomu
727 1217 907 1271 poetam
930 1213 1251 1265 doctissimum,
1271 1213 1312 1256 si
1335 1217 1489 1257 tamem
1512 1217 1646 1270 poeta
1669 1213 1888 1257 dicendus

417 1288 478 1328 est
498 1284 582 1341 qui
600 1298 712 1327 uera
732 1283 1001 1327 narratione
1031 1297 1189 1326 remum
1219 1282 1280 1326 ad
1306 1282 1534 1327 historicos
1555 1282 1702 1339 ‘mamb
1721 1282 1887 1327 accedit

418 1352 602 1411 (Pola-r.
623 1353 669 1395 ii.
701 1352 782 1410 19),
808 1356 988 1409 poetam
1015 1351 1350 1408 mauis-simum
1379 1355 1476 1403 aut,
1505 1351 1546 1396 si
1572 1351 1709 1395 iuoeta
1738 1352 1884 1406 Quin-

419 1423 642 1466 tilianum
670 1422 800 1474 (Inet.
823 1421 897 1464 Or.
919 1436 962 1465 x.
986 1435 1004 1463 1
1030 1423 1054 1478 ᾖ
1076 1422 1148 1476 90)
1175 1420 1340 1465 rectius
1367 1420 1511 1464 dicere
1539 1421 1758 1465 malueris
1783 1437 1886 1466 ora·

418 1495 557 1536 torem
577 1491 756 1547 (Polior.
776 1490 868 1533 viii.
894 1492 977 1547 23),
996 1490 1160 1547 passim
1182 1493 1228 1532 et
1247 1490 1501 1547 saepissime
1524 1490 1647 1534 citat,

477 1561 659 1614 Pensm,
668 1574 798 1618 quem
810 1560 947 1603 tacito
959 1559 1136 1602 nomine
1149 1559 1278 1602 modo
1291 1559 1486 1604 ethicum
1499 1559 1629 1603 modo
1641 1560 1884 1604 satiricum

418 1634 562 1681 uocat,
582 1630 774 1673 multum
794 1643 902 1672 usus
922 1631 1002 1673 est.

478 1699 706 1743 Psi-noun
746 1713 878 1756 quem
912 1698 1157 1742 Arbitrum
1192 1702 1403 1743 nostrum
1435 1698 1506 1742 bis
1534 1702 1677 1750 uocat,
1711 1699 1884 1743 Satiras

418 1769 582 1826 passim
620 1769 743 1818 citat,
781 1782 862 1812 nec
901 1768 1143 1826 exemplari
1183 1783 1270 1826 quo
1310 1782 1416 1812 usus
1460 1771 1528 1812 est
1576 1769 1724 1813 defuit
1762 1771 1883 1814 Cena

420 1836 782 1890 Tamalchwnis,
811 1850 944 1893 quam
978 1836 1026 1879 in
1060 1835 1206 1879 codice
1241 1835 1524 1893 Traguriensi
1554 1836 1668 1880 circa
1698 1852 1739 1881 a.
1774 1840 1884 1893 1650

418 1906 588 1963 primus
618 1905 910 1949 recentiorum
938 1905 1111 1948 inuenit
1140 1905 1340 1948 Marinus
1370 1905 1588 1949 Statilius.
1648 1906 1720 1949 Ab
1750 1907 1883 1950 huius

418 1974 579 2019 codicis
617 1975 829 2032 scriptore
864 1974 1035 2018 Genam
1074 1974 1389 2032 transcriptam
1429 1989 1523 2018 esse
1557 1989 1614 2017 ex
1652 1975 1885 2032 particula

418 2044 629 2088 Petronii
666 2058 798 2101 quam
848 2058 872 2087 e
912 2044 1146 2087 Britannia
1184 2058 1230 2087 se
1270 2043 1440 2087 misisse
1479 2043 1650 2087 fatetur
1689 2044 1883 2103 Poggius

420 2112 719 2157 Bracciolinus
753 2113 799 2156 in
835 2113 977 2169 Epist.
1012 2113 1056 2157 ii.
1094 2127 1133 2170 3,
1164 2113 1290 2157 cuius
1324 2113 1518 2170 aliquam
1558 2127 1658 2157 cum
1700 2113 1883 2159 Ioannis

418 2182 761 2226 Saresberiensis
790 2182 1030 2239 exemplari
1060 2182 1366 2238 cognationem
1395 2182 1609 2240 suspicari
1640 2183 1753 2235 licet,
1782 2199 1881 2242 pro-

418 2250 625 2295 babiliter
662 2251 849 2295 coniecit
888 2251 941 2295 A.
981 2250 1030 2296 C.
1072 2250 1212 2295 Clark
1261 2251 1492 2306 (Classical
1531 2252 1715 2306 Revisw,
1757 2253 1880 2311 Sept.

421 2321 542 2377 1908,
556 2334 627 2378 pp.
645 2323 738 2375 178,
758 2319 871 2378 179).
931 2320 1159 2364 Nonnulla
1175 2321 1440 2364 Petroniana
1461 2321 1506 2364 in
1528 2321 1794 2366 Petra-ramo
1806 2338 1883 2367 ex-

417 2390 585 2434 stantia
604 2404 716 2447 quae
738 2405 807 2433 mo
826 2389 931 2433 olim
953 2390 1191 2440 latuerant,
1206 2389 1315 2432 mihi
1337 2389 1650 2447 benignissime
1666 2391 1882 2436 indicauit

417 2459 672 2517 Stephanus
692 2459 872 2502 Gasclee
900 2474 923 2502 e
950 2458 1146 2515 Collegio
1167 2458 1319 2515 Regali
1340 2459 1459 2516 apud
1481 2458 1884 2518 Cantabrigienses.

476 2529 598 2573 Stml
631 2528 812 2572 ITAmc1
845 2528 1082 2572 uersiculos
1112 2528 1324 2585 quosdam
1355 2528 1431 2583 (iv.
1454 2540 1551 2585 352,
1572 2530 1674 2588 353)
1704 2535 1883 2575 reuocat

418 2598 464 2641 in
485 2600 676 2641 mentem
698 2596 862 2641 Polior.
882 2597 937 2640 vi.
957 2601 982 2638 6
1004 2597 1020 2655 (
1025 2598 1107 2652 598
1123 2597 1178 2648 D,
1193 2597 1325 2640 huius
1345 2597 1412 2640 ed.
1434 2600 1539 2642 tom.
1563 2598 1608 2642 ii.
1638 2612 1700 2654 19,
1723 2600 1806 2658 20),
1826 2600 1882 2644 de

416 2667 579 2725 quibus
593 2666 695 2710 uide
707 2667 1070 2710 commentarium
1093 2670 1292 2710 nostrum
1306 2666 1362 2709 ad
1384 2666 1462 2711 loc.
1523 2667 1639 2711 Hinc
1655 2671 1771 2712 certe
1793 2684 1882 2713 non

415 2736 619 2793 colligere
650 2750 880 2793 possumus
915 2735 1125 2779 Ioannem
1156 2736 1202 2779 in
1235 2735 1439 2780 manibus
1470 2736 1676 2781 habuisse
1705 2742 1880 2795 poetam

416 2820 546 2863 quem
563 2804 717 2848 laudat
737 2807 836 2862 post
859 2803 1091 2847 Sidonium
1109 2804 1408 2862 Apollinarem
1429 2818 1567 2862 usque
1587 2805 1643 2849 ad
1666 2806 1881 2865 Poggium

419 2874 738 2919 Bracciolinum
759 2887 887 2918 nemo
901 2873 1164 2931 scriptorum
1178 2887 1365 2931 quorum
1386 2873 1515 2918 hodie
1536 2878 1715 2919 exstant
1735 2890 1880 2934 opera.

531 2958 659 2987 xxxii
