1994 3190
144 209 246 243 GAP.
261 195 310 258 x]
666 195 1104 240 POLICRATICVS
1543 232 1550 239 ,
1628 203 1715 247 495
1733 197 1764 236 a'

144 319 206 362 sie
249 320 389 361 morte
435 317 562 374 quasi
607 331 792 374 sompno
833 316 1028 360 resoluta
1074 320 1153 360 est.
1226 317 1348 360 Psilli
1393 315 1610 373 siquidem
1629 326 1660 356 a

143 387 336 444 Augusti
382 386 594 429 mandato
640 386 842 436 adhibiti,
878 386 954 442 qui
1001 386 1219 428 malitiam
1263 386 1423 429 ueneni
1467 386 1612 428 solent

143 456 307 514 linguis
327 456 520 506 educere,
537 470 587 498 eo
615 454 732 512 quod
760 470 856 498 sero
876 455 1025 500 uocati
1053 459 1211 505 essent,
1231 470 1358 511 opem
1384 455 1500 498 ferre
1520 469 1610 497 non

142 526 390 569 ualuerunt.
449 524 598 582 Digna
633 524 811 581 quidem
851 524 913 567 sic
952 524 1097 581 perire
1131 525 1344 567 meretrix
1378 539 1611 574 uenenosa,

105 611 124 646 5
142 598 249 638 nata
286 609 429 638 mores
460 608 738 651 corrumpere
773 593 1076 650 nobiliumque
1110 594 1309 636 uirorum
1349 594 1610 650 pudicitiam

143 678 408 722 expugnare.
483 663 687 707 Profecto
729 667 863 706 antea
911 663 1090 720 regibus
1141 663 1452 720 imperauerat,
1492 666 1610 719 post-

141 733 320 777 modum
360 733 521 776 misera
560 747 639 775 nec
682 731 946 775 miserabilis
985 732 1069 774 sibi
1111 732 1227 774 forte
1267 732 1498 788 tragicum,
1534 731 1611 774 sed

142 803 341 846 Romano
370 802 567 859 imperio,
592 801 708 858 quod
733 801 990 844 subuertere
1014 801 1291 852 moliebatur,
1315 801 1448 842 finem
1479 800 1611 843 comi-

141 886 242 917 cum
277 871 397 915 fecit.
468 872 594 915 Inter
625 875 771 915 cetera
805 871 1065 914 clarioribus
1099 870 1294 928 Augusti
1327 870 1473 913 titulis
1509 884 1611 913 con-

10 991 11 995 *
84 956 126 983 ιο
142 945 403 985 numeratur
423 941 540 998 quod
561 941 607 983 in
628 943 782 984 tantae
802 940 940 998 pestis
960 955 1196 999 congressu
1217 940 1382 983 mansit
1403 939 1610 982 inuictus.

143 1010 460 1054 Verumtamen
499 1010 547 1053 in
583 1010 787 1067 Scipione
820 1010 1045 1053 Affricano
1085 1010 1254 1067 aliquid
1294 1024 1384 1052 non
1424 1008 1612 1051 inferius

142 1079 381 1131 inuenitur,
413 1079 490 1136 qui
530 1082 631 1137 post
671 1079 942 1136 singularem
984 1080 1039 1122 de
1079 1079 1333 1122 Hannibale
1377 1078 1611 1122 uictoriam

142 1148 379 1206 singularis
405 1149 704 1192 continentiae
731 1148 905 1205 insigne
936 1149 1217 1206 praeconium
1249 1148 1424 1191 meruit.
1487 1148 1611 1190 Han-

141 1217 263 1260 nibal
302 1232 492 1274 namque
542 1217 841 1261 Romanorum
890 1218 1049 1261 cecidit
1092 1217 1336 1260 exercitum
1377 1231 1515 1273 usque
1554 1216 1611 1258 ad
1630 1219 1659 1257 b

84 1303 125 1340 15
143 1286 337 1330 hostium
377 1287 641 1338 satietatem,
681 1290 727 1331 et
765 1287 902 1331 donec
948 1287 1221 1344 praeciperet
1267 1286 1399 1329 militi
1440 1300 1520 1328 suo
1561 1289 1613 1328 ut

143 1355 215 1399 uel
245 1355 364 1399 ferro
393 1360 605 1414 parceret.
666 1356 733 1400 De
765 1371 987 1400 caesorum
1020 1356 1310 1400 cadaueribus
1340 1356 1387 1398 in
1415 1358 1612 1398 torrente

142 1425 322 1483 Vegello
345 1440 456 1483 pons
480 1426 646 1470 solidus
674 1426 820 1470 factus
847 1430 915 1469 est
944 1426 1127 1470 uictoris
1149 1426 1284 1469 iussu.
1346 1425 1447 1468 Duo
1475 1426 1611 1468 modii

142 1495 374 1539 anulorum
419 1494 704 1554 Cartaginem
751 1496 874 1539 missi
919 1500 1037 1548 sunt,
1079 1496 1198 1540 unde
1244 1496 1433 1539 Martem
1481 1510 1611 1538 suum

142 1563 294 1608 Libiae
342 1565 587 1622 praesidem
637 1581 771 1609 aureo
819 1566 960 1623 clipeo
1009 1566 1065 1609 ob
1108 1566 1327 1623 insignem
1378 1564 1611 1607 uictoriam

80 1648 127 1677 no
143 1633 390 1686 honoraret,
415 1638 615 1692 essetque
638 1635 927 1692 proculdubio
954 1638 1061 1679 tunc
1084 1635 1225 1678 Roma
1254 1635 1371 1677 diem
1403 1634 1612 1676 ultimum

143 1703 364 1756 habitura,
385 1704 423 1748 si
444 1704 671 1748 Hannibal
692 1705 1062 1762 quemadmodum
1082 1704 1258 1748 uincere
1278 1704 1340 1747 sic
1361 1707 1406 1746 et
1426 1703 1614 1746 uictoria

143 1772 211 1816 uti
250 1773 393 1818 sciret.
471 1774 527 1817 In
566 1774 812 1818 uindictam
854 1775 1042 1818 istorum
1082 1789 1109 1816 a
1148 1777 1306 1817 senatu
1346 1773 1506 1816 missus
1545 1776 1613 1816 est

143 1841 290 1900 Scipio
321 1843 583 1894 Affricanus,
613 1844 690 1901 qui
720 1860 748 1887 a
778 1844 973 1888 Pireneis
1007 1844 1234 1888 montibus
1267 1843 1324 1886 ad
1354 1843 1612 1900 columpnas

144 1910 348 1956 Herculis
378 1916 425 1957 et
459 1913 706 1958 Occeanum
740 1929 878 1971 usque
913 1917 1041 1958 tanta
1081 1913 1295 1957 felicitate
1335 1913 1611 1970 prouinciam

85 1996 127 2032 ns
144 1982 422 2039 recuperauit
440 1982 660 2035 amissam,
673 1986 725 2026 ut
744 1983 825 2026 uix
845 1984 1012 2027 sciatur
1020 1981 1158 2027 'citius
1171 1998 1228 2026 an
1245 1982 1420 2026 facilius
1440 1982 1612 2026 uicerit.

145 2049 232 2103 Qui
251 2050 386 2094 etiam
405 2051 605 2109 captiuos
624 2067 783 2110 pueros
799 2056 844 2109 et
863 2053 1033 2110 puellas
1049 2053 1250 2110 egregiae
1265 2052 1612 2110 pulchritudinis

144 2119 341 2164 restituit
369 2121 580 2172 barbaris,
610 2137 689 2166 nec
720 2123 767 2165 in
797 2126 1078 2179 conspectum
1113 2137 1242 2165 suum
1275 2136 1427 2164 eorum
1460 2136 1609 2178 quem·
1629 2134 1654 2164 c

143 2188 262 2246 piam
285 2190 437 2234 uenire
462 2206 617 2249 passus
645 2195 723 2243 est,
743 2207 799 2235 ne
826 2192 933 2249 quid
961 2193 1015 2235 de
1046 2192 1323 2250 uirginitatis
1350 2191 1610 2248 integritate

144 2257 299 2301 saltem
325 2260 461 2304 oculis
490 2261 755 2318 praelibasse
780 2262 1020 2305 uideretur.
1080 2261 1284 2315 Qualiter
1310 2261 1351 2304 ei
1382 2261 1610 2303 Hannibal

86 2343 128 2378 30
145 2328 332 2378 cesserit,
354 2331 400 2372 et
427 2329 711 2374 manifestam
740 2331 973 2375 uictoriam
1004 2335 1111 2374 nota
1140 2331 1187 2373 in
1218 2330 1357 2388 puppi
1387 2330 1611 2387 praetoria

147 2455 168 2490 3
194 2448 317 2483 essent
332 2448 460 2485 uocati
476 2449 509 2486 A
663 2459 705 2495 17
731 2450 900 2498 uergello
917 2450 1032 2487 A²SM
1189 2451 1234 2487 26
1259 2449 1533 2498 pulcritudinis
1550 2449 1609 2486 AS

146 2502 193 2539 29
216 2493 458 2541 praelibasse]
474 2495 657 2535 delibasse
674 2497 790 2535 A²SM

195 2611 211 2638 1
239 2603 347 2656 fse‘lli
362 2605 431 2640 etc.
449 2617 458 2642 :
483 2617 515 2642 v·
533 2605 632 2644 Suet.
649 2609 742 2654 Any.
764 2618 817 2653 17.
1014 2619 1054 2654 13
1080 2609 1273 2644 Hannibal
1290 2610 1387 2645 etc.:
1413 2619 1446 2642 v.
1467 2606 1565 2644 Flor.
1583 2605 1610 2642 i.

147 2658 192 2685 22
221 2649 278 2695 (u.
304 2650 328 2686 6
357 2650 398 2697 §§
427 2654 568 2699 17-19).
686 2665 731 2692 22
763 2657 811 2692 In
835 2658 1038 2692 uindictam
1066 2658 1162 2693 etc.:
1199 2669 1229 2691 v.
1258 2655 1356 2692 Flor.
1380 2655 1405 2690 i.
1433 2664 1478 2690 22
1505 2653 1559 2699 (ii.
1586 2654 1610 2690 6

148 2694 190 2742 ἕξ
219 2696 360 2742 37-40).
501 2710 558 2746 29,
582 2711 629 2747 3ο
651 2703 842 2739 Hannibal
865 2706 1025 2739 cesserit:
1051 2716 1085 2738 v.
1114 2703 1212 2740 Flor.
1238 2702 1262 2739 i.
1289 2714 1333 2739 22
1361 2702 1417 2743 (ii.
1441 2703 1464 2737 6
1491 2700 1508 2748 ξ
1534 2701 1609 2745 61).

148 2753 194 2788 30
225 2745 458 2799 mnifeetanq
481 2748 576 2784 etc.:
606 2748 701 2786 Flor.
727 2749 752 2786 i.
777 2761 821 2796 23
849 2750 903 2791 (ii.
930 2760 949 2796 7
975 2750 995 2805 ᾗ
1021 2752 1073 2804 7),.
1097 2750 1163 2796 qui
1187 2753 1315 2787 tamen
1339 2750 1412 2786 hoc
1441 2748 1482 2784 in
1500 2747 1609 2802 .b‘?¹¹⁰

146 2789 390 2828 Macedonico
400 2804 534 2838 pruno,
547 2794 662 2832 classe
671 2796 843 2833 Romana
856 2797 1035 2836 Graeciae
1048 2797 1163 2835 litora
1175 2800 1418 2846 peragrante,
1429 2796 1610 2832 accidisse

147 2839 288 2873 narrat.
383 2845 486 2876 nota:
510 2847 598 2878 nata
613 2842 730 2880 habet
748 2844 890 2881 Florus.

213 2909 294 2928 wne
824 2911 853 2938 n
873 2899 900 2939 d
1429 2914 1491 2938 201
