1994 3190
237 249 367 289 5442

712 237 974 283 IOANNIS
1010 238 1527 284 SARESBERIENSIS
1697 236 1806 298 [mn.
1820 251 1854 284 v

385 363 576 407 habetur
614 366 695 407 aut
728 379 757 408 a
793 367 956 408 natura
987 367 1068 408 aut
1106 364 1164 408 ab
1203 364 1344 409 officio
1377 366 1458 407 aut
1488 377 1517 406 a
1545 360 1743 406 moribus
1773 361 1855 403 aut

385 446 412 475 a
441 432 692 476 conditione
722 437 802 477 aut
830 448 858 477 a
888 433 1082 477 fortuna.
1144 433 1322 476 Natura
1355 435 1560 490 parentes
1589 443 1855 473 ueneramur

386 506 432 545 et
471 502 631 546 liberos
671 505 716 546 et
760 517 869 560 quos
906 503 1034 546 nobis
1067 517 1168 546 caro
1199 503 1442 553 coniunxit,
1470 503 1634 558 utputa
1668 513 1854 542 uxorem

339 577 368 615 b
385 574 596 629 cognatos
630 575 677 615 et
707 571 870 617 affines.
929 572 1056 615 Vnde
1086 575 1132 615 et
1164 572 1365 629 gentium
1393 571 1490 614 iure
1520 572 1745 626 receptum
1774 570 1854 618 est,

342 1486 366 1516 C

336 2302 364 2343 d

386 654 438 683 eo
469 640 587 697 quod
615 655 833 698 peraeque
864 641 918 684 fit
947 641 1066 698 apud
1091 656 1247 684 omnes
1275 643 1442 698 gentes.
1499 639 1572 682 Ad
1601 639 1683 681 hoc
1718 637 1854 680 etiam
1873 653 1893 688 5

386 713 432 753 et
466 709 620 753 diuino
652 710 748 753 iure
777 724 989 768 urgemur
1023 710 1100 767 qui
1135 711 1350 768 scriptum
1389 709 1621 752 nouimus:
1671 707 1855 750 Honora

382 782 554 836 patrem
581 783 709 822 tuum
734 783 780 823 et
805 782 1005 830 matrem,
1026 782 1078 822 ut
1102 779 1163 822 sis
1187 779 1402 836 longeuus
1420 792 1555 835 super
1572 779 1757 829 terram3
1785 778 1853 820 et:

384 848 472 901 Qui
498 848 617 906 patri
641 849 714 892 uel
740 849 874 892 matri
904 849 1196 899 maledixerit,
1216 853 1358 892 morte
1386 848 1612 891 morietur.
1671 845 1854 890 Liberos

383 931 473 960 non
502 918 694 961 multum
722 918 922 975 oportuit
950 918 1258 968 commendari,
1288 932 1339 960 eo
1369 917 1487 974 quod
1515 930 1645 959 nemo
1674 930 1852 959 carnem

383 1001 509 1030 suam
535 987 637 1030 odio
663 987 896 1040 habuerit3
925 987 1002 1030 sed
1029 1002 1109 1030 nec
1138 1002 1334 1038 uxorem,
1354 989 1535 1044 propter
1561 1000 1695 1042 quam
1719 986 1851 1030 homo
1871 1000 1914 1025 ιο

383 1059 556 1113 patrem
586 1056 798 1113 relinquit
827 1060 873 1099 et
902 1060 1101 1107 matrem,
1128 1057 1344 1099 adherens
1372 1056 1503 1099 uxori
1533 1070 1650 1107 suae,
1678 1058 1732 1099 ut
1760 1056 1852 1100 sint

383 1125 473 1168 duo
502 1126 550 1168 in
579 1140 710 1169 carne
735 1140 839 1170 una.
898 1126 1002 1169 Non
1030 1129 1180 1169 tamen
1204 1126 1252 1169 in
1278 1127 1361 1169 hac
1387 1129 1514 1183 parte
1538 1125 1716 1168 diuinae
1742 1125 1854 1183 legis

383 1195 596 1238 mandata
624 1195 797 1246 desunt,
825 1196 909 1238 etsi
926 1191 1120 1253 'propter
1149 1199 1336 1239 naturae
1366 1195 1608 1247 stimulum,
1638 1195 1714 1252 qui
1744 1196 1854 1240 satis

384 1268 526 1322 urget,
553 1266 697 1308 rarius
727 1266 992 1317 inserantur,
1019 1265 1348 1322 protenduntur
1376 1268 1527 1308 tamen
1555 1265 1613 1308 ad
1642 1267 1853 1323 cognatos

384 1337 430 1377 et
449 1334 601 1377 affines
622 1349 731 1391 quos
750 1349 830 1391 per
849 1349 895 1377 se
915 1337 1078 1377 natura
1096 1335 1384 1378 commendat.
1873 1350 1912 1385 15

442 1403 645 1446 Officium
685 1418 791 1447 uero
831 1407 899 1446 est
938 1403 1137 1447 debitum
1177 1403 1423 1461 exequendi
1463 1418 1575 1461 quae
1614 1403 1852 1461 unicuique

386 1486 442 1515 ex
474 1473 696 1516 institutis
731 1475 812 1515 aut
846 1473 1044 1516 moribus
1078 1473 1251 1531 agenda
1285 1476 1403 1517 sunt.
1476 1473 1546 1516 Ex
1580 1488 1631 1516 eo
1661 1488 1852 1530 namque

383 1542 580 1598 personis
609 1542 796 1599 singulis
825 1543 993 1599 proprii
1028 1546 1279 1600 congruunt
1313 1546 1448 1586 actus.
1507 1542 1562 1585 In
1597 1542 1668 1586 his
1701 1545 1852 1586 autem

382 1626 495 1668 quae
534 1612 595 1654 sic
635 1611 807 1668 agenda
846 1615 962 1663 sunt,
1002 1613 1091 1655 alia
1129 1612 1187 1655 ad
1226 1613 1462 1670 publicum,
1496 1612 1585 1655 alia
1623 1612 1681 1656 ad
1719 1627 1850 1656 suum

381 1681 592 1738 cuiusque
612 1681 838 1738 pertinent
858 1685 1038 1725 statum.
1099 1682 1168 1724 Ex
1189 1697 1276 1739 quo
1297 1682 1438 1739 liquet
1457 1681 1697 1726 officiorum
1716 1697 1848 1739 quae-
1869 1699 1914 1723 πο

381 1750 484 1792 dam
514 1750 701 1807 publica,
732 1751 948 1807 quaedam
978 1751 1158 1808 priuata
1192 1752 1505 1795 conuenienter
1537 1752 1636 1797 diei.
1697 1752 1850 1796 Priua-

382 1823 529 1863 torum
550 1834 656 1862 uero
677 1823 805 1863 tanta
826 1820 1134 1877 multiplicitas
1153 1824 1221 1864 est
1241 1823 1410 1878 quanta
1425 1820 1517 1865 fere
1533 1824 1600 1864 est
1615 1821 1852 1866 diuersitas

381 1904 679 1947 personarum.
740 1889 922 1933 Publica
957 1890 1134 1947 quidem
1168 1891 1317 1934 omnia
1355 1891 1613 1934 referuntur
1643 1891 1700 1935 ad
1739 1891 1851 1936 duas

381 1959 569 2016 species3
598 1962 678 2002 aut
698 1959 814 2002 enim
837 1974 864 2002 a
887 1959 1040 2002 diuino
1061 1963 1141 2003 aut
1161 1960 1218 2002 ab
1238 1960 1432 2003 humano
1452 1960 1547 2003 iure
1568 1961 1849 2005 descendunt.

384 2026 504 2070 Haec
525 2030 673 2071 autem
694 2042 750 2070 ex
771 2028 895 2070 libris
916 2028 1171 2072 Officiorum
1192 2029 1327 2072 latius
1347 2033 1513 2086 patent,
1529 2030 1605 2073 sed
1624 2030 1851 2087 pertinent
1871 2040 1911 2076 ²⁶

382 2095 438 2139 ad
484 2101 758 2154 praesentem
806 2098 1041 2141 articulum
1086 2101 1138 2141 ut
1177 2099 1364 2155 publicis
1408 2099 1561 2142 officiis
1602 2099 1852 2143 reuerentia

382 2166 678 2223 impendatur.
749 2166 894 2210 Tanta
924 2182 1113 2224 namque
1143 2168 1329 2211 debetur
1357 2168 1420 2212 eis
1450 2171 1618 2225 quanta
1647 2172 1715 2212 est
1744 2169 1850 2212 emi·

382 2235 535 2278 nentia
559 2235 769 2292 cuiusque
799 2236 1100 2292 magistratus.
1162 2237 1290 2280 Hanc
1321 2237 1497 2294 quidem
1528 2240 1608 2280 aut
1635 2237 1744 2281 facit
1770 2241 1852 2283 aut

383 2304 550 2348 indicat
570 2305 913 2362 uniuscuiusque
934 2309 1185 2363 competens
1206 2306 1461 2357 iurisdictio,
1482 2320 1580 2350 cum
1602 2307 1852 2351 reuerentia

382 2374 724 2432 magistratuum
756 2378 836 2418 aut
870 2378 1150 2433 contemptus
1185 2375 1402 2419 redundet
1437 2375 1483 2418 in
1526 2376 1735 2419 honorem
1770 2381 1850 2421 aut
1868 2391 1912 2425 30

381 2443 692 2487 contumeliam
721 2444 1030 2487 subiectorum.
1091 2444 1217 2487 Vnde
1246 2444 1291 2487 in
1318 2445 1709 2489 constitutionibus
1728 2446 1849 2503 prin-

380 2513 539 2570 cipum,
579 2512 921 2570 magistratuum
972 2513 1128 2556 edictis
1173 2516 1253 2557 aut
1294 2514 1723 2572 promulgationibus
1771 2530 1851 2574 per

381 2661 447 2735 ὲῖί
464 2651 601 2689 habuit
631 2651 669 2688 M
873 2661 913 2699 15
951 2658 1030 2699 pout
1058 2654 1097 2690 et
1125 2655 1210 2690 add.
1241 2653 1288 2690 ml
1316 2653 1356 2690 M
1566 2657 1613 2693 28
1646 2654 1849 2694 cuiuslibet

427 2831 450 2866 6
476 2831 623 2866 Honora
642 2830 735 2866 eta:
764 2827 882 2867 Exod.
900 2840 960 2867 xx.
984 2839 1034 2873 ια,
1054 2828 1129 2866 xxi.
1155 2838 1216 2875 ¹73
1242 2842 1273 2867 v.
1295 2829 1403 2867 Matt.
1422 2842 1479 2868 xv.
1498 2841 1532 2876 ⁴·
1699 2842 1723 2878 9
1746 2843 1848 2871 nemo
1870 2825 1878 2835 ’

381 2888 526 2913 carnem
543 2879 614 2913 etc.
633 2890 640 2914 ;
669 2876 765 2924 1³:911.
784 2888 816 2913 v.
836 2886 890 2923 29.
910 2887 966 2923 31.

493 2963 558 2997 ²90
