1994 3190
236 178 315 217 401
334 166 364 206 b
714 163 976 208 IOANNIS
1007 161 1522 208 SARESBERIENSIS
1709 162 1820 218 [ΜΒ.
1835 171 1854 203 Ι

383 284 568 342 spiritus
597 283 778 327 Domini
807 283 951 327 malus
979 283 1158 327 Saulem
1189 283 1437 333 inuasisset,
1463 282 1681 339 psallebat
1705 281 1855 324 Dauid

384 355 573 411 cythara
603 354 652 395 in
681 368 818 396 manu
852 368 944 405 sua,
966 353 1103 396 donec
1134 353 1318 410 spiritus
1353 367 1380 395 a
1415 352 1532 409 regis
1568 351 1856 394 infestatione

385 424 641 480 quiesceret.
699 423 762 465 Vt
781 437 888 466 uero
907 423 1105 465 nondum
1125 422 1349 465 reueletur
1375 422 1560 478 spiritus
1580 421 1657 478 qui
1676 421 1788 464 latet
1807 420 1856 463 in

385 493 548 544 littera,
585 492 898 549 aequissimum
938 495 1006 535 est
1045 492 1239 534 animam
1279 491 1459 548 cognati
1495 491 1670 548 generis
1708 490 1857 548 gratia

385 576 688 605 mansuescere
733 565 778 604 et
823 577 998 604 omnem
1038 561 1260 605 dediscere
1308 561 1632 611 alienationem,
1667 575 1767 604 cum
1815 560 1856 603 ei
1877 575 1894 609 5

344 647 368 677 c
385 631 591 689 propriae
629 635 867 674 concentus
906 631 1091 689 originis
1123 634 1170 674 et
1208 634 1397 673 naturae
1429 629 1623 672 melioris
1663 631 1856 673 archana

385 701 617 744 resultant.
677 700 787 742 Eam
819 715 875 743 ex
904 701 1205 743 consonantiis
1236 700 1416 743 musicis
1446 714 1539 742 esse
1569 699 1856 756 compositam

385 786 519 827 quam
558 770 754 827 plurium
790 770 940 827 opinio
979 770 1052 813 uel
1092 770 1314 813 sententia
1349 772 1429 813 est.
1502 769 1657 811 Totius
1692 768 1857 811 etenim

385 840 690 897 philosophiae
724 839 928 896 princeps
961 839 1088 882 Plato
1123 839 1179 897 (si
1219 843 1370 882 tamen
1402 838 1667 881 Aristotilici
1702 837 1856 894 adqui-

386 908 568 967 escunt),
577 924 676 952 cum
690 923 787 951 eam
801 924 856 951 ex
869 909 1121 952 substantia
1136 909 1321 951 diuidua
1337 912 1382 951 et
1395 908 1629 950 indiuidua
1642 907 1856 959 finxisset,
1877 917 1919 943 10

386 984 432 1022 et
472 979 624 1022 eadem
664 981 827 1021 natura
858 979 1098 1035 plasmaret
1131 981 1176 1021 et
1210 979 1399 1030 diuersa,
1433 978 1575 1035 ipsam
1610 992 1700 1020 non
1731 991 1859 1033 posse

386 1051 587 1092 constare
617 1048 816 1098 credidit,
841 1048 927 1090 nisi
958 1048 1164 1100 limitum,
1195 1048 1272 1104 qui
1308 1048 1533 1104 utrimque
1567 1046 1859 1103 multipharia

387 1118 578 1161 sectione
622 1117 679 1159 ab
722 1118 895 1160 unitate
942 1118 1258 1174 profluxerant,
1298 1117 1619 1168 dissidentiam,
1660 1115 1858 1166 emioliis,

388 1187 582 1244 epitritis
629 1189 674 1229 et
717 1186 925 1243 epogdois
971 1186 1132 1238 uniret,
1171 1186 1338 1229 limatis
1385 1188 1431 1229 et
1474 1186 1658 1229 comatis
1703 1185 1859 1228 habita

388 1256 572 1307 ratione,
607 1258 660 1298 ut
698 1255 781 1298 sub
821 1256 1101 1312 expressione
1140 1270 1380 1312 paucorum
1421 1256 1460 1298 ei
1501 1258 1857 1312 quantacumque
1879 1267 1925 1303 15·

388 1325 604 1368 distantia
624 1325 970 1382 repugnantium
995 1325 1227 1368 concordia
1256 1325 1432 1382 cognati
1453 1325 1627 1382 generis
1648 1325 1858 1367 societate

388 1395 599 1438 doceatur
645 1409 738 1437 esse
781 1394 985 1437 finitima.
1058 1394 1186 1436 Vnde
1231 1395 1422 1437 archano
1470 1395 1660 1451 quodam
1707 1396 1859 1436 meatu

389 1467 577 1507 naturae
612 1463 878 1519 secretisque
913 1463 1128 1506 cuniculis
1162 1464 1419 1507 uiuacitatis
1451 1479 1555 1506 suae
1590 1464 1743 1521 uigore
1778 1477 1859 1520 per

346 1535 375 1574 d
392 1534 601 1577 uniuersa
632 1533 854 1583 discurrit,
885 1536 930 1576 et
965 1533 1107 1576 cuiuis
1139 1537 1326 1577 naturae
1361 1534 1721 1591 substantiaeque
1756 1548 1858 1577 con-

392 1603 547 1647 formis
572 1603 758 1646 rationis
779 1617 931 1645 sensus
959 1603 1079 1646 uitae
1101 1603 1149 1645 in
1170 1604 1356 1661 singulis
1376 1619 1456 1661 pro
1483 1604 1661 1647 diuinae
1682 1604 1856 1661 dispen-
1878 1615 1923 1640 πο

389 1673 574 1716 sationis
614 1672 789 1715 decreto
829 1671 1065 1715 efficaciam
1114 1673 1380 1717 modulatur.
1450 1673 1668 1716 Omnibus
1707 1674 1859 1730 itaque

389 1743 601 1785 alimenta
630 1742 869 1799 dispensat,
901 1745 946 1785 et
976 1741 1044 1784 sui
1076 1742 1272 1799 puritate
1312 1743 1436 1800 uiget
1465 1743 1512 1785 in
1542 1742 1741 1799 singulis,
1772 1742 1859 1786 nisi

390 1812 519 1855 molis
558 1826 790 1868 corporeae
831 1811 1054 1868 grauitate
1094 1815 1335 1868 prematur,
1368 1815 1447 1855 aut
1486 1812 1859 1868 tranquillitatem

390 1881 575 1938 spiritus
627 1881 897 1923 exteriorum
943 1881 1219 1924 tumultuum
1271 1882 1405 1924 turba
1454 1882 1688 1925 concutiat.
1760 1881 1860 1934 Qua

369 1950 599 2001 .irruente,
620 1950 727 2007 quid
755 1953 902 2007 potest
932 1965 1024 1993 esse
1054 1950 1275 1994 salubrius
1302 1966 1434 2007 quam
1461 1951 1511 2002 si,
1531 1954 1583 1994 ut
1610 1951 1675 1993 ita
1704 1951 1860 2002 dicam,
1880 1962 1920 1997 ²5

390 2020 482 2063 suis
510 2023 697 2062 naturae
724 2019 906 2062 uocibus
927 2034 954 2061 a
974 2020 1294 2077 compressione
1321 2020 1553 2063 turbarum
1574 2020 1630 2062 ad
1652 2035 1697 2063 se
1718 2020 1860 2077 ipsam

390 2090 540 2132 anima
561 2090 826 2132 reuocetur?
886 2089 1005 2141 Quid
1026 2089 1215 2146 denique
1243 2092 1493 2133 nostrorum
1515 2089 1691 2146 spiritui
1714 2092 1861 2146 potest

391 2174 484 2201 esse
505 2159 694 2201 similius
715 2159 851 2201 uoce?
882 2173 994 2214 quae
1015 2173 1114 2201 cum
1137 2159 1207 2202 hic
1229 2158 1456 2209 formetur,
1471 2163 1561 2202 tam
1584 2158 1704 2201 facili
1726 2173 1858 2215 quam

392 2228 605 2270 inuisibili
647 2231 692 2271 et
732 2228 944 2270 ineffabili
995 2228 1189 2271 transitu
1235 2229 1476 2271 multorum
1520 2228 1860 2285 circumquaque

392 2298 534 2354 replet
577 2297 793 2349 auditum,
830 2300 875 2339 et
914 2297 961 2339 ui
1001 2312 1081 2339 sua
1120 2312 1350 2355 corporum
1395 2298 1614 2354 integram
1655 2299 1861 2354 penetrat
1881 2317 1924 2350 30

241 2373 326 2412 402
346 2373 375 2402 a
392 2365 671 2417 densitatem,
697 2369 742 2408 et
766 2365 891 2421 quasi
920 2368 1042 2408 tactu
1072 2366 1261 2422 quodam
1288 2369 1437 2409 mouet
1467 2365 1676 2418 animum,
1705 2369 1750 2408 et
1780 2380 1861 2423 pro

392 2442 817 2515 '1],0}‚2'1>1‚}v'1‹142a‹1.'11{
835 2468 872 2502 Μ
1039 2479 1059 2504 2
1085 2468 1233 2505 cithara
1250 2467 1307 2504 As
1462 2470 1482 2505 8
1509 2468 1612 2505 enim
1634 2468 1671 2503 M

392 2516 711 2607 l);¹y1lgltttl}1lillossc
726 2529 733 2551 z
761 2515 1032 2562 philosophyac
1053 2516 1081 2551 B
1099 2528 1107 2551 :
1135 2515 1386 2563 phylosophia
1404 2515 1436 2551 A
1581 2515 1809 2552 aristotelici
1828 2478 1862 2552 ἓ

440 2671 463 2706 9
490 2661 614 2695 Plato:
644 2673 675 2695 v.
707 2661 796 2696 Tim.
816 2669 857 2706 35
879 2659 920 2701 A,
941 2660 994 2701 133
1019 2659 1065 2695 cf.
1092 2659 1224 2696 Boeth.
1242 2661 1284 2695 de
1301 2661 1396 2695 Mus.
1418 2659 1440 2694 i.
1465 2669 1477 2695 1
1498 2671 1505 2703 ;
1535 2659 1582 2695 cf.
1609 2659 1724 2696 etiam
1748 2661 1862 2697 Enth.

393 2709 474 2753 982.
556 2718 594 2751 14
613 2709 767 2742 limatis:
784 2710 906 2753 potius
919 2709 1109 2748 limmatim
1135 2709 1443 2752 Ιίηιηιη-ελοῐμμη,
1460 2707 1495 2742 id
1509 2710 1575 2749 est,
1591 2707 1837 2744 semitonium
1853 2720 1862 2750 ς

394 2766 425 2790 v.
457 2754 619 2790 Macrob.
638 2757 680 2789 dr
697 2758 818 2790 Somn.
837 2756 931 2800 Scip.
959 2765 991 2791 2.
1016 2764 1026 2790 1
1051 2754 1067 2800 ξ
1090 2765 1156 2799 24:
1188 2754 1319 2790 booth.
1341 2756 1384 2789 (le
1402 2756 1495 2790 Mus.
1522 2754 1559 2790 ii.
1587 2764 1642 2799 27.
1693 2757 1861 2792 comatis:

392 2805 515 2849 pvtiun
531 2805 733 2847 comrn‹stt'n;
759 2805 1073 2848 co»araeaa==x‹5pp‹1;
1099 2814 1119 2838 ν
1151 2802 1286 2838 Boeth.
1304 2804 1346 2837 de
1364 2803 1457 2838 Mus.
1477 2801 1515 2838 ii.
1536 2812 1592 2848 30,
1611 2802 1666 2838 iii.
1686 2813 1717 2848 4,
1739 2804 1774 2840 8.

505 2882 550 2915 4ο
