1994 3190
284 158 364 199 532
385 158 410 187 ο
748 113 1010 190 10ANNIS
1051 144 1564 191 SARESBERIENsls
1714 145 1826 208 [mn.
1841 157 1892 192 tv

386 281 411 309 c
429 266 657 309 uidebitur
694 266 919 317 diuturna,
953 267 991 310 si
1031 281 1084 310 ea
1120 266 1263 310 fidelis
1302 270 1348 310 et
1386 270 1599 325 perpetua
1637 267 1787 311 anima
1825 270 1892 311 est

429 335 708 391 quantolibet
741 337 938 392 tempore
973 349 1148 379 emenso
1182 336 1408 380 caritura?
1470 336 1559 380 Sed
1598 351 1679 395 ego
1716 337 1764 379 in
1798 337 1893 380 loco

428 405 527 454 isto,
553 407 607 447 ut
634 407 785 448 tamen
814 405 908 448 sine
936 405 1206 462 praeiudicio
1235 405 1480 448 sententiae
1496 406 1696 449 sanioris
1725 406 1893 449 dictum

429 473 720 530 intelligatur,
759 474 881 531 longi
919 474 1131 531 temporis
1170 489 1356 531 regnum
1395 474 1481 518 dici
1520 475 1713 519 arbitror
1754 475 1894 532 ipsius

429 542 603 585 animae
631 542 922 586 indeficientis
951 546 1116 586 etatem
1151 557 1285 599 quam
1320 557 1401 600 pro
1430 543 1539 587 bene
1568 543 1893 587 amministrato
1912 561 1932 595 5

429 626 567 669 regno
605 615 783 655 eternae
817 612 1107 655 beatitudinis
1144 612 1286 670 gloria
1325 612 1562 656 coronabit.
1622 612 1736 657 Cum
1775 613 1894 656 enim

429 684 599 724 certum
631 681 692 724 sit
725 682 842 738 quod
875 681 996 724 Deus
1030 681 1331 724 remunerabit
1368 696 1502 739 opera
1540 682 1815 740 singulorum
1849 686 1894 725 et

430 750 629 792 omnium
670 750 718 792 in
752 750 1054 794 misericordia
1083 750 1207 793 uberi
1243 750 1316 793 uel
1346 750 1519 794 iustitia
1548 751 1746 808 pleniori,
1786 766 1895 808 quos

429 819 596 862 lumine
616 820 790 863 clariori
811 820 1015 877 respiciet
1041 835 1174 876 quam
1200 819 1299 863 illos
1320 819 1397 876 qui
1417 834 1568 862 omnes
1594 820 1651 862 ad
1675 820 1895 863 iustitiam

430 892 637 932 exercent
677 889 748 932 uel
787 904 934 932 secum
974 891 1210 932 traxerunt
1249 889 1305 931 ad
1344 891 1562 932 mortem?
1626 889 1752 932 Sicut
1790 903 1895 948 ergo
1915 907 1956 932 10

430 961 633 1015 potentes
653 961 858 1015 potenter
881 961 1104 1001 tormenta
1129 958 1370 1014 patientur,
1389 957 1451 1001 sic
1478 960 1523 1001 et
1550 958 1748 1002 iustitiae
1770 973 1896 1016 prae-

430 1027 532 1070 miis
572 1027 780 1070 fruentur
818 1027 1003 1084 plenius,
1043 1027 1082 1070 si
1121 1029 1239 1070 recte
1278 1027 1556 1070 exercuerint
1593 1030 1875 1084 potentatum
1887 1042 1898 1082 ;

384 1100 413 1139 d
432 1099 477 1140 et
497 1099 670 1139 tantam
691 1097 738 1139 in
759 1096 914 1140 futuro
933 1111 1039 1154 prae
1060 1096 1250 1139 subditis
1270 1096 1498 1140 habebunt
1516 1096 1714 1154 gloriam,
1730 1100 1898 1154 quanta

431 1166 602 1209 uirtute
634 1181 706 1209 eos
746 1167 793 1208 in
826 1181 989 1223 magna
1023 1166 1308 1223 delinquendi
1343 1166 1523 1209 licentia
1555 1170 1898 1223 praecesserunt.

433 1235 596 1287 Potuit,
626 1235 784 1292 inquit,
814 1235 1078 1293 transgredi,
1109 1237 1154 1277 et
1182 1249 1272 1278 non
1302 1237 1370 1278 est
1398 1237 1723 1293 transgressus3
1754 1234 1899 1279 facere
1918 1250 1958 1285 15

431 1304 560 1355 mala,
573 1308 619 1347 et
637 1319 727 1347 non
740 1304 870 1357 fecit;
891 1305 990 1348 ideo
1010 1304 1210 1348 stabilita
1233 1307 1339 1347 sunt
1354 1305 1470 1347 bona
1489 1304 1609 1347 illius
1629 1304 1676 1347 in
1696 1304 1898 1348 Domino.

432 1374 504 1416 Ad
545 1375 764 1417 iustitiam
810 1389 1001 1431 namque
1040 1374 1314 1432 principibus
1352 1377 1587 1431 reputatur
1625 1374 1759 1417 etiam
1799 1389 1900 1418 cum

432 1447 683 1500 temperant
730 1444 787 1487 ab
835 1444 1037 1496 iniuriis;
1087 1447 1132 1487 et
1171 1443 1362 1487 facultas
1401 1443 1684 1501 delinquendi
1723 1446 1792 1487 est
1836 1444 1900 1488 eis

430 1514 619 1556 materia
658 1514 928 1556 meritorum.
1002 1513 1234 1557 Declinare
1277 1527 1304 1556 a
1342 1512 1459 1556 malo
1499 1513 1546 1555 in
1585 1513 1649 1556 eis
1687 1528 1899 1571 magnum

431 1585 512 1635 est,
532 1582 707 1625 etiamsi
732 1597 896 1640 magna
922 1583 1038 1626 bona
1063 1597 1153 1626 non
1185 1581 1368 1634 faciunt,
1389 1582 1496 1625 dum
1522 1585 1672 1626 tamen
1699 1583 1899 1628 subditos
1918 1599 1959 1623 πο

432 1652 712 1710 indulgentia
741 1652 958 1695 malorum
988 1667 1077 1695 non
1107 1652 1339 1709 perimant.
1400 1651 1560 1695 Nonne
1589 1667 1802 1710 magnum
1832 1655 1900 1697 est

433 1722 550 1778 quod
596 1721 887 1765 beatitudinis
900 1769 911 1778 ‚
928 1736 1061 1778 quam
1110 1721 1273 1765 habere
1318 1721 1542 1773 uidentur,
1586 1722 1660 1774 eis,
1699 1722 1737 1765 si
1783 1725 1900 1766 recte

432 1791 616 1848 egerint,
637 1791 917 1848 promittitur
945 1791 1252 1834 continuatio?
1311 1790 1590 1848 Impossibile
1619 1791 1775 1835 dicunt
1805 1791 1900 1849 qui-

433 1860 535 1902 dam
577 1863 623 1903 et
662 1860 733 1903 hic
771 1860 926 1903 florere
965 1874 1065 1903 cum
1107 1860 1273 1904 mundo
1306 1863 1352 1903 et
1391 1861 1438 1903 in
1473 1863 1674 1904 eternum
1707 1861 1900 1918 gaudere

433 1943 533 1972 curn
555 1928 757 1980 Christo;
787 1933 832 1972 et
858 1930 1080 1972 sententia
1104 1929 1281 1986 quidem
1307 1944 1414 1973 uera
1441 1932 1519 1980 est,
1539 1929 1577 1973 si
1604 1930 1722 1973 inter
1743 1930 1900 1973 mundi
1920 1948 1960 1981 ²5

434 1999 563 2042 flores
597 2002 774 2056 reputes
803 1998 1019 2042 lenocinia
1049 1999 1273 2042 uitiorum.
1332 1999 1472 2056 Atqui
1508 2002 1554 2043 et
1588 2014 1712 2057 reges
1746 1999 1901 2045 florere

290 2085 369 2124 533
389 2085 417 2113 a
436 2071 621 2125 possunt
655 2072 700 2111 et
736 2068 1028 2111 mundialium
1063 2069 1222 2111 florum
1258 2069 1532 2112 dulcissimos
1564 2071 1610 2112 et
1643 2068 1901 2113 utilissimos

437 2138 481 2180 in
503 2141 704 2180 eternum
730 2152 908 2195 carpere
937 2137 1120 2181 fructus.
1181 2138 1299 2191 Quid
1320 2141 1469 2181 autem
1490 2137 1662 2180 beatius
1682 2140 1749 2181 est
1768 2153 1902 2195 quam

434 2207 470 2249 si
503 2207 556 2250 de
587 2207 759 2250 diuitiis
788 2207 844 2249 ad
876 2207 1069 2257 diuitias,
1097 2207 1151 2250 de
1182 2206 1350 2250 deliciis
1380 2206 1436 2250 ad
1464 2206 1653 2258 delicias,
1680 2206 1734 2250 de
1761 2206 1903 2265 gloria

435 2276 491 2318 ad
531 2276 718 2333 gloriam
759 2276 978 2333 principes
1018 2275 1359 2327 transferantur,
1394 2276 1448 2319 de
1489 2276 1805 2333 temporalibus
1844 2276 1901 2320 ad
1920 2294 1963 2327 30

436 2348 620 2389 eterna?

439 2475 456 2512 5
485 2465 725 2502 ministrato
744 2465 798 2501 13:
825 2463 1090 2502 administrato
1109 2463 1133 2501 S

489 2585 525 2612 ιι
550 2580 710 2629 potenfes
725 2577 796 2629 etc.
814 2585 822 2610 :
850 2573 937 2621 Sap.
955 2573 1001 2611 vi.
1019 2583 1062 2619 7;
1088 2573 1136 2611 cf.
1154 2585 1268 2621 supra
1284 2585 1316 2630 c.
1335 2574 1358 2610 6
1377 2573 1461 2620 (524
1473 2573 1523 2618 o).
1714 2583 1754 2621 15
1781 2576 1902 2611 Potuit

438 2625 535 2677 920*
564 2621 678 2659 Eoch.
699 2633 799 2659 xxxi.
822 2632 874 2667 ιο,
896 2632 948 2659 ιι.
1136 2631 1178 2668 19
1205 2623 1396 2659 Decimam
1417 2633 1441 2657 a
1464 2622 1558 2658 malo
1576 2623 1671 2659 eta:
1697 2634 1729 2659 v.
1759 2632 1775 2660 1
1802 2621 1902 2660 Petr.

440 2682 491 2706 ιιι.
514 2679 565 2707 11.

551 2849 617 2883 268
