1994 3190
192 172 292 205 OAP.
313 158 400 220 Νὴ]
701 158 1138 204 POLICRATIOVS
1667 162 1749 210 482
1767 162 1796 200 b

190 273 338 316 uarias
366 273 602 316 affectuum
632 271 825 315 alternat
854 270 1001 324 facies,
1021 271 1316 314 incolumitati
1345 286 1552 315 sensuum
1583 272 1649 314 in-

189 341 325 386 sidias
343 344 473 399 parat
492 344 538 384 et
556 340 760 384 sordidus

533 437 743 481 auriculis
771 437 928 480 alienis
957 437 1127 494 colligit
1156 451 1298 489 escas3

159 553 169 562 ·
189 539 246 588 et,
266 537 304 580 si
335 536 595 579 histrionem
627 535 763 579 uerbo
795 534 1048 585 diffiteatur,
1079 549 1179 576 eum
1209 535 1406 577 moribus
1436 539 1480 578 et
1509 537 1649 593 turpi-

151 625 171 660 5
189 606 344 650 tudine
373 607 609 650 confitetur
621 619 631 658 ;
662 605 779 662 quod
809 604 1095 647 assentatoris
1125 604 1353 660 proprium
1381 607 1458 654 est,
1487 605 1562 660 qui
1594 605 1651 647 ad

188 676 370 720 alterius
390 676 508 718 uiuit
527 678 688 718 nutum
715 677 772 727 et,
793 677 1032 730 antequam
1059 687 1187 716 suum
1209 672 1408 730 proferat
1428 673 1651 722 iudicium,

188 744 243 788 de
272 744 459 802 singulis
489 746 693 802 expectat
719 736 924 786 alienum.
983 741 1191 786 Ceterum
1221 742 1365 799 palpo,
1396 742 1472 798 qui
1503 746 1652 784 tamen
1671 757 1696 786 c

189 814 475 858 assentatoris
495 813 566 856 uel
588 813 830 856 adulatoris
845 814 1049 855 censetur
1068 811 1256 861 nomine,
1269 810 1478 867 quoniam
1499 810 1652 852 eadem

189 897 260 926 res
307 883 461 926 multis
510 884 693 925 notatur
732 881 918 931 indiciis,
958 880 1188 923 hominum
1228 882 1398 922 mentes
1438 879 1653 936 explorat,

131 973 174 999 ιο
189 954 443 1010 praetentat
471 951 762 1003 uoluntatem,
793 953 845 993 ut
879 950 950 993 cui
985 949 1049 992 rei
1079 949 1272 992 uolueris
1301 963 1455 990 sensus
1485 962 1653 990 accom-

189 1022 350 1073 modet,
380 1024 432 1064 ut
461 1021 653 1079 gratiam
683 1020 803 1063 illius
833 1020 1011 1076 quicum
1042 1019 1192 1076 agitur
1222 1018 1530 1060 fraudulenter
1559 1032 1654 1059 sur-

189 1091 335 1148 ripiat.
395 1090 536 1134 Nouit
566 1090 684 1133 enim
716 1089 771 1132 de
806 1103 1019 1132 concursu
1050 1102 1258 1131 sensuum
1290 1090 1336 1130 et
1370 1087 1654 1130 uoluntatum

189 1160 352 1204 unione
382 1160 507 1217 quasi
537 1159 705 1202 riuulos
736 1159 958 1202 amicitiae
984 1157 1210 1202 scaturire.
1280 1156 1404 1199 Idem
1436 1156 1654 1213 siquidem

189 1229 302 1273 uelle
329 1232 375 1272 et
404 1229 519 1272 nolle
540 1229 610 1287 (ut
637 1229 703 1272 ait
732 1227 985 1286 historicus)
1010 1242 1062 1271 ea
1091 1227 1269 1270 demum
1299 1227 1429 1269 1ιιιιι8,
1459 1226 1655 1269 amicitia

46 1305 52 1311 ·
131 1318 173 1353 15
188 1286 266 1343 εει.
326 1298 523 1352 Quidni?

362 1390 623 1435 Consentire
652 1391 744 1433 suis
774 1390 935 1433 studiis
965 1390 1041 1446 qui
1071 1388 1309 1432 crediderit
1338 1391 1394 1438 te,

362 1449 514 1492 fautor
543 1452 731 1506 utroque
761 1452 890 1492 tuum
921 1448 1123 1491 laudabit
1152 1447 1308 1505 pollice
1338 1446 1506 1489 ludum.

192 1547 304 1592 Cum
325 1562 432 1591 uero
450 1547 745 1605 praesenserit
764 1546 1055 1598 uoluntatem,
1075 1546 1138 1588 sic
1158 1545 1323 1602 palpat,
1344 1544 1406 1588 sic
1426 1543 1656 1593 demulcet,

189 1621 318 1662 tanta
348 1617 586 1660 suauitatis
619 1616 830 1674 perungit
861 1616 1019 1673 gratia,
1051 1618 1104 1658 ut
1132 1614 1293 1658 uirtuti
1326 1628 1558 1670 sompnum
1589 1613 1655 1655 in-

132 1703 176 1728 ²0
191 1687 336 1738 ducat,
365 1690 411 1730 et
451 1689 591 1730 totam
631 1685 956 1736 moderationis,
997 1685 1091 1728 sine
1133 1699 1221 1741 qua
1259 1697 1502 1739 numquam
1538 1686 1655 1726 reete

190 1756 374 1808 uiuitur,
402 1755 590 1799 formam
610 1755 765 1798 Lethei
789 1755 986 1798 fluminis
1010 1753 1233 1797 infusione
1259 1753 1506 1796 subuertat.

476 1842 663 1900 Magnas
692 1844 842 1900 grates
872 1856 1002 1899 agere
1034 1840 1170 1883 Thais
1196 1839 1364 1883 michi?
1670 1849 1699 1888 cl

190 1928 411 1973 Iocundus
441 1931 509 1972 est
538 1929 655 1972 enim
687 1928 877 1972 comicus
910 1931 955 1971 et
985 1930 1117 1984 aptus
1147 1926 1223 1984 qui
1253 1940 1299 1969 se
1329 1925 1461 1982 nugis
1491 1924 1654 1967 nostris

160 2016 162 2018 ’
191 1997 447 2056 frequenter
478 1998 732 2042 immisceat.
793 1997 1014 2055 Ingentes,
1049 1996 1209 2052 inquit.
1279 1994 1444 2038 Fuerat
1476 1993 1655 2050 quidem

127 2086 174 2122 '²⁵
193 2068 301 2112 satis
330 2068 368 2111 si
397 2082 590 2124 may‘nas
618 2067 925 2125 respondisset.
986 2066 1086 2118 Sed,
1115 2065 1220 2122 quia
1251 2063 1496 2107 adulatoris
1531 2062 1656 2105 fraus

192 2138 340 2181 omnia
373 2138 550 2181 extollit
587 2137 635 2179 in
679 2137 821 2180 maius
862 2140 907 2180 et
941 2136 995 2179 de
1035 2150 1115 2179 suo
1154 2133 1324 2191 aliquid
1363 2133 1499 2176 adicit
1538 2132 1655 2175 unde

191 2206 276 2250 sibi
296 2207 487 2264 gratiam
507 2206 713 2256 cumulet,
734 2207 936 2263 i'nyentes
956 2205 1114 2262 inquit.
1169 2204 1257 2247 Sed
1277 2217 1357 2246 nec
1377 2202 1655 2245 mendacium

192 2276 420 2324 erubescit.
480 2276 567 2329 Qui
588 2276 705 2319 enim
733 2276 817 2319 sibi
838 2275 1102 2333 persuadere
1131 2273 1280 2331 potuit
1299 2276 1351 2315 ut
1378 2273 1655 2315 honestatem

192 2345 382 2388 hominis
402 2348 554 2389 tantae
581 2344 876 2402 turpitudinis
895 2345 1069 2388 macula
1088 2343 1360 2387 decoloraret
1380 2355 1655 2398 quacumque

193 2472 215 2498 2
240 2460 408 2498 sordibus
423 2461 456 2497 A
579 2471 602 2506 4
625 2460 835 2497 diffiteatur
850 2459 967 2495 uerbo
985 2459 1018 2494 A
1140 2468 1184 2495 10
1207 2458 1443 2504 pretemptat
1460 2455 1492 2490 A
1617 2464 1655 2490 11

193 2521 278 2546 curn
305 2520 378 2554 quo
403 2508 503 2544 ASM
684 2518 728 2555 19
751 2519 927 2544 somnum
941 2506 988 2543 S:
1015 2505 1229 2553 sompnium
1247 2506 1286 2541 M
1467 2504 1511 2539 28
1530 2502 1659 2549 potuit

193 2556 419 2603 persuadere
437 2556 476 2590 M

243 2670 264 2706 3
289 2659 466 2695 auriculis
481 2659 574 2694 etc-2
599 2657 699 2694 Pers.
719 2659 796 2694 Sat.
815 2657 839 2692 i.
860 2667 916 2693 22.
1103 2664 1123 2700 7
1147 2656 1282 2702 palpo:
1308 2653 1410 2691 Pers.
1427 2655 1503 2689 Sat.
1522 2665 1557 2690 v.
1580 2653 1657 2696 176.

197 2717 239 2752 13
266 2707 368 2742 Idem
383 2707 471 2741 uelle
489 2706 584 2742 etc.:
617 2703 767 2740 Sallust.
790 2706 896 2741 Catil.
918 2714 966 2740 20
992 2702 1010 2750 ξ
1034 2714 1068 2748 4.
1263 2703 1306 2737 16
1336 2702 1544 2737 Consentire
1561 2702 1656 2735 etc.:

197 2754 288 2790 Hor.
314 2755 384 2799 Ep.
408 2752 434 2788 i.
455 2753 507 2788 18.
532 2753 554 2788 6
580 2779 588 2791 .
606 2753 663 2789 66.
822 2762 863 2788 21
891 2752 1016 2787 Lethen·
1033 2751 1225 2796 fluminis:
1250 2749 1364 2794 Verg.
1391 2750 1482 2783 Aen.
1503 2748 1548 2782 vi.
1576 2757 1656 2791 714.

196 2812 242 2839 22
260 2803 418 2847 Magnas
434 2800 528 2836 etc.:
585 2810 636 2836 er.
654 2800 752 2836 Eun.
770 2798 824 2835 ιιι.
846 2809 876 2835 ι.
898 2809 927 2835 1.
1025 2808 1071 2843 24
1087 2799 1274 2844 Inyentes:
1300 2796 1382 2832 Ter.
1395 2797 1494 2831 Eun.
1507 2794 1560 2830 iii.
1581 2805 1610 2831 1.
1627 2804 1658 2829 2.

1486 2873 1549 2909 179
