1994 3236
899 160 1356 207 PROLEGOMENA

393 280 665 327 Policratico
695 279 938 339 uestigium
967 280 1090 338 (nam
1122 293 1323 325 munera
1346 279 1568 336 fortunae
1599 279 1781 324 uiscata
1813 278 1861 321 in

393 347 531 392 Enth.
561 347 625 391 ad
657 346 824 391 Polior.
857 361 1015 391 uocare
1046 347 1196 405 potius
1228 361 1258 390 a
1291 346 1458 390 Seneca
1491 360 1625 402 quam
1656 360 1684 388 a
1718 345 1862 388 Plinio

395 417 584 475 didicit),
628 431 784 474 neque,
832 430 939 474 pace
987 416 1348 468 Reifferscheidii,
1396 414 1701 472 Panegyriei3
1758 413 1862 456 uide

392 486 759 531 commentarium
793 488 994 529 nostrum
1028 485 1087 529 ad
1120 485 1182 529 iii.
1227 498 1281 538 14
1319 489 1365 528 et
1403 483 1524 527 infra
1561 483 1646 527 sub
1682 483 1863 526 nomine

393 555 611 601 CAECILII
638 556 800 599 BALBI.
860 554 990 609 Quod
1018 554 1074 598 de
1102 554 1199 612 ipso
1225 554 1372 597 Plinio
1400 554 1450 596 in
1478 553 1537 597 iv.
1569 552 1594 594 8
1624 551 1776 604 refert,
1806 566 1863 595 ex

394 625 550 669 Orosio
570 624 829 682 desumpsit.

452 693 682 738 Svn'romt
709 694 764 737 de
801 692 908 737 Vita
935 693 1183 737 Caesarum
1205 692 1368 735 librum
1391 691 1557 750 passim
1586 691 1708 734 citat.
1767 690 1863 734 Sub

393 763 527 806 finem
557 762 723 806 Polior.
744 762 835 805 viii.
860 762 912 805 18
933 762 988 806 de
1015 761 1230 806 Suetonio
1254 765 1300 805 et
1325 761 1488 805 Sereno
1513 763 1560 804 et
1591 758 1864 816 Tranquillo

393 837 448 877 ut
467 833 522 876 de
547 832 693 876 tribus
719 831 1087 890 historiographis
1113 831 1336 888 loquitur;
1376 845 1488 888 quae
1508 833 1658 873 tamen
1682 829 1864 873 nomina

393 902 543 945 omnia
561 902 694 945 unius
714 904 891 944 tantum
911 901 1010 951 uiri,
1032 901 1197 944 scilicet
1217 900 1265 944 C.
1288 900 1472 944 Suetoni
1493 900 1755 957 Tranquilli,
1770 913 1863 943 esse

393 971 628 1022 uidentur;
659 970 762 1014 uide
782 970 1146 1014 commentarium
1166 972 1367 1014 nostrum
1388 969 1446 1012 ad
1465 969 1545 1013 loc.

452 1041 599 1085 FLom
625 1039 842 1097 Epitoma
864 1054 971 1083 usus
998 1043 1090 1092 est;
1119 1054 1279 1083 nomen
1298 1042 1448 1082 autem
1467 1053 1687 1096 nusquam
1712 1037 1863 1082 refert.

393 1108 465 1154 Cf.
500 1110 553 1154 O.
584 1109 808 1153 Rossbach
842 1108 980 1166 praef.
1009 1109 1068 1151 ad
1102 1108 1167 1152 ed.
1198 1108 1365 1152 Teubn.
1400 1110 1523 1165 1896,
1550 1123 1595 1166 p.
1624 1123 1720 1151 xxv
1749 1122 1792 1151 n.
1822 1121 1862 1165 3.

394 1178 507 1223 Vide
526 1179 647 1222 infra
665 1179 749 1223 sub
769 1179 996 1223 IOBDANE.

451 1249 638 1301 Gmn,
667 1263 797 1306 quem
826 1251 880 1292 ut
908 1248 1042 1292 ceteri
1071 1247 1206 1291 medii
1236 1247 1335 1290 aeui
1363 1247 1600 1305 scriptores
1629 1246 1864 1303 Ayellium

394 1316 482 1369 (i.e.
498 1318 715 1374 A(ulwm)
749 1317 964 1374 Gellium)
989 1319 1135 1368 uocat,
1160 1315 1312 1360 Noctes
1339 1317 1515 1360 Atticas
1542 1316 1706 1374 passim
1735 1316 1862 1360 adhi-

397 1387 480 1431 bet.
538 1386 768 1431 Nonnulla
794 1401 907 1444 quae
932 1386 981 1429 in
1009 1386 1159 1430 eodem
1180 1400 1311 1444 opere
1335 1389 1515 1430 exstant
1534 1401 1591 1430 ex
1609 1386 1865 1444 Augustino

392 1456 446 1499 (Ie
466 1456 666 1500 Ciuitate
695 1456 779 1500 Dei
804 1459 851 1499 et
879 1455 1102 1499 Macrobio
1126 1455 1174 1498 in
1200 1455 1527 1499 Saturnalibus
1552 1455 1674 1499 citat.
1734 1455 1864 1509 Quod

395 1525 440 1568 in
461 1524 627 1569 Polior.
655 1525 699 1568 ii.
722 1539 774 1583 23
796 1524 935 1568 refert
954 1539 1010 1567 ex
1030 1524 1195 1568 Atticis
1215 1523 1433 1569 Noctibus
1452 1524 1507 1568 de
1528 1524 1784 1581 quaestione
1803 1539 1863 1568 an

393 1595 496 1639 sciri
523 1595 694 1652 possint
720 1609 834 1652 quae
862 1608 952 1637 non
982 1596 1088 1637 sunt
1114 1593 1370 1646 necessaria,
1401 1608 1491 1637 non
1519 1593 1733 1637 exhibent
1758 1593 1864 1637 libri

393 1678 503 1721 quos
515 1664 751 1717 habemus;
777 1667 823 1707 et
835 1662 1023 1707 fortasse
1039 1663 1245 1720 prouenit
1256 1677 1313 1707 ex
1325 1662 1440 1707 libro
1455 1663 1536 1706 viii
1553 1663 1629 1720 qui
1641 1663 1864 1707 codicibus

393 1733 557 1778 nostris
580 1733 729 1786 deest;
758 1732 862 1776 uide
880 1732 1245 1776 commentarium
1266 1735 1468 1776 nostrum
1488 1732 1547 1776 ad
1566 1732 1647 1777 loc.

452 1803 719 1847 Fnon‘roms
736 1802 1015 1860 manitatem
1040 1805 1219 1846 auctore
1247 1802 1523 1859 Hieronymo
1550 1804 1865 1846 commemorat

394 1873 440 1916 in
457 1871 624 1917 Polior.
642 1872 702 1915 iii.
719 1886 760 1928 9.
786 1871 1096 1929 Epistolarum
1110 1885 1220 1928 quas
1236 1871 1283 1914 in
1298 1871 1446 1915 codice
1461 1870 1668 1915 Bobiensi
1689 1871 1864 1915 inuenit

395 1941 593 2000 Angelus
619 1941 776 1992 Maius,
797 1940 921 1983 nulla
946 1940 1067 1998 apud
1093 1955 1194 1983 eum
1219 1940 1430 1984 memoria
1449 1943 1611 1985 exstat.
1674 1940 1742 1984 De
1767 1940 1864 1998 ipso

395 2011 617 2055 Frontone
631 2013 797 2062 narrat,
810 2024 898 2067 quo
912 2014 1090 2053 auctore
1104 2010 1264 2063 nescio,
1277 2024 1379 2053 eum
1392 2009 1633 2054 secundum
1650 2010 1864 2067 quosdam

393 2080 620 2124 Plutarchi
651 2082 855 2137 nepotem
886 2078 1023 2123 fuisse
1053 2078 1237 2134 (Polior.
1258 2079 1353 2122 viii.
1378 2093 1445 2137 13,
1469 2080 1564 2135 19);
1606 2082 1651 2123 et
1674 2079 1863 2123 eundem

394 2149 530 2193 fuisse
549 2163 601 2193 sc
621 2148 888 2192 Frontonem
911 2147 1037 2191 illum
1057 2147 1112 2191 de
1132 2162 1220 2205 quo
1240 2147 1440 2205 loquitur
1460 2147 1687 2191 quenalis
1707 2147 1753 2191 in
1770 2149 1863 2193 Sat.

394 2218 421 2262 i.
445 2230 497 2262 12
520 2216 700 2275 (Polior.
724 2217 814 2260 viii.
840 2216 934 2274 13);
962 2216 1152 2274 denique
1178 2217 1414 2260 asseruisse
1441 2216 1652 2261 Senecam
1672 2216 1733 2261 sio
1753 2217 1863 2262 uni-

394 2301 544 2332 uersos
558 2286 856 2331 etz-terminare
874 2300 1044 2330 errores
1065 2290 1115 2330 ut
1137 2300 1283 2330 aurea
1307 2285 1526 2331 uideatur
1550 2285 1699 2331 secula
1723 2286 1865 2344 refor-

392 2370 521 2401 mare
532 2360 569 2399 et
582 2355 681 2400 deos
691 2354 748 2399 ab
758 2355 964 2399 hwmavw
973 2370 1129 2411 ρατιονε
1140 2355 1372 2399 eoeulantes
1382 2355 1481 2399 eius
1489 2369 1625 2412 opem
1636 2359 1864 2401 reuocatos

391 2423 656 2471 hominibus
668 2428 895 2469 contracta
907 2424 1104 2471 socictate
1118 2425 1297 2468 miscere
1310 2423 1495 2482 (Polior.
1504 2424 1595 2468 viii.
1613 2438 1629 2468 1
1638 2423 1696 2483 3).
1739 2425 1864 2470 Haec

392 2494 447 2539 de
462 2494 629 2539 Seneca
643 2493 764 2538 dicta
782 2508 810 2537 a
829 2493 1050 2537 sententia
1071 2508 1203 2551 quam
1226 2493 1272 2537 in
1294 2493 1504 2552 Epistolis
1524 2508 1634 2551 quas
1649 2494 1863 2539 habemus

392 2564 447 2609 de
478 2563 630 2608 eodem
666 2562 817 2621 prodit
849 2562 1015 2607 Fronto
1045 2562 1102 2608 M.
1136 2562 1352 2607 Antonini
1385 2566 1641 2621 praeceptor
1669 2563 1862 2607 maxime

391 2633 653 2691 discrepant.
709 2631 820 2675 Vide
841 2646 954 2689 quae
975 2631 1029 2675 de
1052 2632 1133 2675 hac
1155 2646 1201 2675 re
1223 2631 1380 2689 scripsi
1402 2631 1448 2674 in
1470 2632 1784 2676 commentario
1804 2632 1862 2676 ed

390 2701 554 2747 Polior.
577 2701 667 2744 viii.
695 2714 758 2758 13,
782 2714 830 2756 19
856 2703 901 2744 et
922 2701 1133 2745 Classical
1155 2700 1339 2753 Review,
1361 2700 1422 2752 xi,
1445 2714 1516 2759 pp.
1538 2712 1622 2758 305
1643 2715 1730 2759 seq.

449 2770 650 2815 Arum
684 2770 819 2814 libros
851 2769 905 2815 de
940 2770 1030 2815 Deo
1064 2770 1262 2815 Socratis
1297 2773 1343 2814 et
1380 2769 1435 2815 de
1468 2769 1659 2815 Platone
1694 2774 1734 2815 et
1764 2770 1862 2817 eius

507 2853 650 2883 xxxiv
