1994 3190
704 218 1090 264 ENTHETICVS
1653 222 1736 272 382
1754 231 1780 262 c

165 335 363 394 Angelus
394 350 418 379 e
447 335 624 394 specula
653 338 799 379 totum
827 337 1125 394 circumspicit
1153 338 1316 391 orbem,

223 405 282 449 Et
310 419 468 462 corpus
497 405 655 462 pennis
683 405 895 448 subuehit
924 409 1058 463 atque
1090 407 1215 463 tegit.

164 473 239 518 Sic
267 473 392 517 uidet
422 489 446 517 e
475 474 664 531 specula,
695 474 758 517 sic
787 475 983 532 protegit
1013 475 1162 518 omnia
1191 476 1362 533 pennis,

221 542 284 586 Vt
313 542 383 586 ius
412 558 502 586 non
531 543 695 586 habeat
724 543 865 586 hostis
895 544 943 586 in
973 544 1078 587 orbe
1108 558 1200 588 suo.

124 625 144 660 5
164 611 251 656 Hic
280 615 566 670 tempestates
595 614 884 670 praenuntiat
907 617 1042 670 atque
1071 628 1300 666 serenum3

221 681 468 725 Ventorum
498 682 666 725 rabiem
696 685 916 739 temperat
946 686 1080 740 atque
1111 683 1259 727 maris.

163 750 234 794 Ne
264 751 371 808 quid
401 751 552 794 obesse
581 754 727 808 queat,
758 766 847 794 non
877 752 1043 795 dormit
1073 756 1213 804 nocte,
1240 752 1399 809 dieque
1650 754 1679 795 d

221 820 336 873 Stat,
367 821 472 878 quia
501 820 721 864 subiectos
751 821 947 878 undique
978 825 1096 864 stare
1128 821 1250 866 facit.

164 890 387 934 Accedens
416 890 610 947 propius,
641 889 810 934 Christi
840 891 1098 948 properabis
1128 892 1186 934 ad
1216 891 1378 944 aulam,

105 973 148 998 10
221 960 285 1004 Vt
313 961 491 1004 ueniam
520 960 661 1018 culpis
692 975 969 1018 promereare
999 961 1103 1006 tuis.

163 1029 261 1073 Illic
290 1030 408 1074 finiti
437 1030 668 1074 soluentur
696 1033 804 1074 uota
832 1031 1021 1074 laboris:

221 1099 308 1142 Hic
337 1099 552 1152 lacrimas,
582 1099 787 1157 gemitus,
818 1100 890 1144 hic
919 1100 994 1157 pia
1023 1100 1158 1143 thura
1187 1100 1326 1144 dabis.

163 1167 367 1226 Excipiet
397 1168 588 1212 fratrum
619 1170 823 1213 reducem
855 1173 899 1213 te
928 1173 1025 1213 tota
1054 1171 1235 1213 chorea:

222 1237 281 1280 Et
309 1237 463 1280 laudes
492 1252 573 1295 pro
602 1242 648 1282 te
677 1239 840 1296 sospite
871 1239 990 1282 laeta
1019 1243 1160 1283 canet.

105 1317 144 1352 1⁵
165 1306 386 1364 Quicquid
415 1307 551 1350 habes
581 1308 699 1364 quod
728 1309 791 1351 eis
820 1309 1004 1366 placeat,
1034 1309 1196 1366 largire
1226 1308 1441 1352 libenter:

222 1375 462 1430 Quidlibet,
491 1380 544 1420 ut
574 1377 712 1420 fuerit
742 1378 864 1430 utile,
895 1378 1054 1435 cuique
1084 1378 1223 1421 dabis.

163 1445 213 1489 Si
242 1449 379 1503 potes,
410 1446 555 1490 Odoni
585 1447 765 1490 studeas
794 1448 958 1491 donare
989 1448 1204 1491 salutem:

219 1515 508 1573 Accipiatque
538 1517 677 1570 Brito,
707 1520 752 1560 te
782 1518 1002 1570 ueniente,
1032 1533 1219 1562 crucem.

164 1623 251 1668 Hic
279 1639 460 1668 narrare
489 1625 557 1668 tui
586 1625 768 1668 tandem
798 1625 1054 1669 discrimina
1083 1626 1168 1669 fati

103 1706 147 1731 20
223 1693 503 1751 Exactaeque
534 1695 634 1737 uiae
663 1709 874 1752 prospera
902 1699 1062 1739 cuncta
1092 1696 1207 1739 licet.

164 1763 283 1817 Quid
313 1763 373 1806 sit
401 1764 498 1806 ouis
528 1765 612 1807 sub
641 1765 774 1822 uulpe
805 1765 961 1817 latens,
991 1765 1204 1822 uulpesue
1235 1765 1318 1808 sub
1347 1763 1481 1823 agno,

220 1832 338 1876 Pelle
366 1833 543 1876 leonina
572 1833 642 1877 dic
672 1834 779 1890 quid
809 1834 970 1877 asellus
1001 1838 1118 1891 agat,
1650 1832 1731 1882 383
1751 1842 1782 1874 a

162 1902 281 1956 Quid
310 1902 378 1946 leo
407 1903 514 1945 dum
544 1903 695 1954 seruit,
725 1903 832 1960 quid
862 1904 958 1961 agit
987 1904 1093 1947 dum
1124 1907 1283 1962 regnat
1312 1904 1485 1955 asellus,

219 1971 426 2015 Turturis
456 1972 503 2014 in
533 1973 674 2030 specie
703 1973 893 2030 passeris
923 1977 1022 2016 acta
1051 1989 1193 2017 canes.

105 2056 145 2092 ²5
162 2040 281 2095 Quid
309 2041 479 2085 faciant
502 2042 629 2099 pardi
659 2042 807 2085 timidi
837 2043 1092 2100 leporesque
1123 2043 1300 2094 feroces,

220 2111 279 2154 Et
308 2126 407 2168 spes
435 2112 635 2155 conuersi
665 2127 778 2169 quae
807 2113 867 2155 sit
897 2113 1101 2155 habenda
1129 2113 1237 2170 lupi.

161 2204 207 2241 26
231 2203 359 2248 QuiM

212 2300 252 2332 17
282 2292 421 2327 Odom‘:
457 2290 562 2327 Prior
590 2290 876 2327 Cantuaiiensis
902 2291 976 2328 fuit
1003 2303 1036 2328 a.
1070 2294 1231 2337 1167—76
1259 2294 1394 2339 postea
1422 2293 1546 2329 Abbas
1580 2294 1627 2331 de

161 2336 279 2374 Bello.
327 2338 422 2375 Vide
440 2338 478 2374 O.
498 2338 540 2374 A.
559 2338 776 2384 Kingsford'.
795 2340 890 2374 Dict.
909 2342 954 2385 of
963 2341 1047 2375 Nat.
1062 2342 1163 2385 Bioy.
1180 2340 1245 2376 ubi
1256 2343 1431 2377 auctores
1441 2341 1628 2378 inuenies.

161 2385 220 2421 Ad
242 2385 357 2421 istum
381 2385 532 2431 scripsit
557 2386 719 2422 Ioannes
741 2387 814 2432 Ep.
849 2396 925 2433 152.
987 2387 1180 2424 Incertum
1210 2390 1267 2424 est
1300 2400 1350 2424 an
1378 2388 1480 2426 idem
1514 2389 1630 2425 fuerit

162 2431 346 2479 Magister
378 2432 458 2469 Odo
493 2444 517 2469 a
549 2444 624 2479 quo
658 2433 1017 2480 interpretationem
1051 2435 1244 2471 cuiusdam
1273 2435 1419 2482 glossae
1448 2436 1629 2482 Augusti-

163 2478 301 2516 nianae
352 2479 441 2516 etiit
467 2482 596 2516 noster
624 2480 664 2516 in
691 2483 761 2526 Ep.
788 2483 867 2525 284.
918 2482 972 2517 cf.
1001 2482 1119 2518 etiam
1144 2484 1289 2518 Enthet.
1317 2485 1359 2519 de
1386 2485 1511 2528 Doym.
1532 2485 1630 2519 Phil.

166 2527 267 2571 1675.
349 2526 410 2563 ide
425 2526 740 2564 Schaarschmidt.
752 2530 901 2564 Johann
913 2542 976 2565 von
995 2531 1194 2575 Salisbury,
1207 2542 1242 2576 p.
1258 2540 1338 2576 273.
1447 2533 1487 2567 18
1505 2532 1629 2567 Brito:

162 2571 379 2609 willelmus
403 2574 510 2610 Brito
535 2574 576 2610 in
602 2575 762 2612 ecclesia
783 2575 1046 2612 Cantuariensi
1075 2577 1284 2624 subprioris
1308 2589 1466 2614 munere
1491 2579 1629 2625 funge-

163 2619 278 2655 batur
295 2631 327 2656 a.
349 2621 450 2665 1167.
497 2620 555 2657 Ad
577 2622 693 2658 istum
719 2624 815 2668 Epp.
843 2626 922 2666 218,
947 2633 1025 2668 247,
1050 2626 1128 2668 248,
1153 2635 1231 2670 290,
1257 2635 1335 2670 303,
1358 2626 1484 2661 forsan
1510 2626 1628 2662 etiam

165 2674 234 2711 205
254 2666 416 2720 ‘scripsit
449 2670 588 2711 noster,
613 2670 661 2705 ad
694 2671 855 2706 eundem
884 2673 1012 2707 autem
1045 2683 1131 2707 cum
1165 2672 1303 2708 ceteris
1335 2673 1424 2708 eccl.
1451 2672 1629 2708 cantuar.

166 2713 355 2749 officiariis
370 2714 617 2751 coniunctum
633 2718 704 2762 Ep.
721 2727 800 2762 299.
850 2717 944 2754 Vide
962 2718 1079 2754 etiam
1096 2720 1167 2764 Ep.
1184 2722 1224 2755 81
1245 2720 1294 2755 ad
1310 2719 1374 2754 fin.
1425 2718 1481 2756 De
1500 2719 1629 2755 Odone

165 2762 206 2796 et
223 2760 389 2802 Britone,
408 2761 455 2796 cf.
473 2763 615 2797 Enthet.
633 2765 675 2798 de
698 2764 823 2807 Doqm.
840 2766 937 2799 Phil.
963 2767 1184 2809 1167-1682.
1337 2777 1381 2802 22
1407 2768 1503 2802 Pelle
1532 2769 1603 2803 etc.
1620 2780 1628 2802 :

165 2806 330 2842 Avianus
342 2808 430 2842 Fab.
443 2819 464 2842 v
481 2809 553 2852 (ed.
566 2808 670 2851 Ellis,
682 2821 718 2855 p.
732 2812 783 2857 7).
895 2821 939 2856 23
965 2814 1053 2847 dum
1070 2818 1195 2857 reynat
1211 2815 1359 2849 asellus:
1392 2813 1441 2850 cf.
1458 2815 1630 2859 Reynard

165 2855 222 2889 the
237 2855 320 2890 Fox
335 2854 392 2892 ed.
410 2853 567 2901 Caxton,
585 2867 614 2892 c.
633 2867 688 2902 32.
806 2858 852 2894 26
869 2861 1032 2894 conuersi
1048 2860 1149 2905 lupi:
1178 2860 1360 2895 Fabulam
1380 2863 1422 2896 de
1435 2863 1629 2906 presbitero

1501 2924 1517 2957 7
