1994 3190
166 217 263 251 cAP.
279 203 349 265 XI]
634 215 636 219 ·
683 203 1119 250 POLICRATICVS
1645 208 1728 257 ⁵36
1747 217 1772 247 c

165 323 454 367 Teutonicum
484 322 663 366 aliudue
692 322 917 379 flagellum
947 322 1119 365 inducit
1146 322 1364 366 Dominus
1388 337 1521 380 super
1544 337 1629 373 eos,

165 395 212 436 et
237 394 467 449 permanet
494 405 652 434 manus
682 391 777 434 eius
807 393 1000 443 extenta,
1025 391 1162 434 donec
1192 391 1276 448 ipsi
1306 392 1364 434 ab
1392 392 1630 448 iniquitate

2 500 3 503 ,
164 474 244 518 per
271 459 563 516 penitentiam
594 462 878 502 reuertantur
890 473 899 511 ;
929 473 1017 514 quo
1046 459 1138 502 solo
1168 460 1360 502 remedio
1388 460 1507 517 apud
1531 460 1629 504 illos

0 528 23 588 p]
164 528 306 572 omnis
344 531 486 572 cessat
525 530 776 585 tempestas.
846 527 1080 570 Adiciebat
1128 528 1263 570 etiam
1310 529 1427 584 quod
1471 529 1630 572 merita

0 603 17 678 Ρ
126 617 146 652 ⁵
164 597 315 656 populi
335 611 510 640 omnem
538 599 756 640 euacuant
779 596 1079 653 principatum
1103 599 1183 639 aut
1210 611 1310 638 eum
1338 596 1510 640 faciunt
1537 612 1630 641 esse

5 653 25 689 ῤ’
164 666 459 716 mitissimum,
499 680 600 710 cum
640 681 664 708 e
707 666 928 709 contrario
975 668 1145 708 certum
1188 665 1248 707 sit
1288 666 1405 721 quod
1449 669 1631 723 propter

163 737 343 793 peccata
369 734 521 792 populi
551 734 774 791 permittit
802 734 923 776 Deus
951 747 1135 791 regnare
1161 732 1452 790 hypocritam,
1474 738 1518 776 et
1548 734 1628 776 im-

163 804 370 862 possibile
391 819 484 848 esse
503 806 556 847 ut
576 804 654 846 diu
675 818 812 861 regno
831 803 1025 860 gaudeat
1045 803 1121 859 qui
1141 803 1294 860 populi
1319 802 1628 846 humiliatione

0 915 22 935 ,a
164 875 210 917 et
223 873 402 930 proprio
418 872 600 930 fastigio
616 872 803 930 superbe
818 872 951 915 nimis
967 871 1152 915 exultat.
1213 870 1302 914 Sed
1318 871 1438 913 illius
1454 871 1627 914 dicebat
1644 872 1673 911 d

7 936 37 987 “³:³9
106 961 148 985 10
164 942 369 1000 protendi
388 942 698 1000 principatum,
714 942 791 999 qui
807 942 926 999 apud
941 956 987 984 se
1003 941 1057 984 de
1072 940 1339 984 conscientia
1359 940 1628 983 humilitatis

163 1025 335 1068 semper
363 1011 412 1054 in
441 1026 487 1054 se
517 1011 700 1069 angitur
729 1011 856 1068 quasi
886 1013 1042 1068 regnet
1076 1009 1260 1055 inuitus,
1332 1009 1454 1051 Haec
1495 1009 1629 1052 michi

162 1079 446 1123 Placentinus
465 1080 646 1137 hospes;
677 1082 733 1131 et,
753 1082 806 1122 ut
825 1079 966 1129 credo,
985 1078 1089 1122 fidei
1110 1081 1453 1122 consentaneum
1474 1080 1551 1120 est.

221 1149 326 1192 Tale
359 1149 529 1206 aliquid
556 1149 786 1192 inuenitur
810 1149 858 1191 in
883 1148 1059 1205 scriptis
1083 1148 1312 1190 maiorum.
1373 1146 1487 1190 Cum
1512 1147 1630 1190 enim

165 1218 323 1262 Helius
355 1219 519 1262 Romae
554 1218 879 1277 praefecturam
915 1218 1190 1275 splendidius
1225 1220 1387 1274 ageret,
1418 1231 1474 1259 ex
1504 1231 1629 1259 sena-

2 1327 9 1349 :-
104 1305 145 1340 15
165 1291 260 1332 tore
287 1288 528 1345 imperator
554 1291 729 1332 creatus
756 1290 849 1340 est3
880 1287 968 1344 qui,
988 1302 1089 1330 eum
1116 1287 1371 1330 obsecrante
1395 1288 1553 1328 senatu
1578 1289 1631 1329 ut

0 1349 25 1402 ’ζ’
98 1395 102 1400 .
164 1357 305 1401 filium
355 1356 574 1409 Cesarem,
624 1371 755 1414 quem
803 1357 1008 1408 habebat,
1057 1350 1313 1414 Augustum
1363 1355 1630 1413 appellaret:

0 1415 18 1438 ‘¹
163 1425 383 1476 Sufficere,
422 1426 583 1483 inquit,
627 1426 769 1476 debet,
813 1426 932 1483 quod
982 1440 1063 1483 ego
1113 1425 1206 1482 ipse
1257 1425 1428 1467 inuitus
1471 1440 1629 1482 regna—

162 1495 304 1555 uerim
333 1509 433 1538 cum
462 1510 552 1538 non
581 1509 782 1538 mererer.
843 1494 1123 1552 Principatus
1153 1494 1271 1536 enim
1300 1508 1390 1537 non
1423 1494 1631 1551 sanguini

163 1554 360 1615 debetur,
387 1564 464 1608 sed
494 1564 688 1616 meritis;
724 1567 770 1607 et
795 1563 1017 1607 inutiliter
1040 1565 1198 1620 regnat
1222 1563 1299 1620 qui
1327 1578 1407 1606 rex
1433 1563 1632 1606 nascitur

105 1650 148 1675 ιο
163 1647 253 1676 11011
272 1635 476 1676 meretur.
537 1633 596 1676 Et
625 1633 915 1690 proculdubio
944 1633 1142 1690 parentis
1169 1633 1375 1676 affectum
1402 1632 1528 1676 exuit
1552 1632 1629 1689 qui

163 1702 373 1760 paruulos
399 1716 502 1746 suos
531 1702 803 1759 importabili
830 1702 944 1746 mole
968 1702 1213 1759 superiecta
1233 1702 1470 1759 extinguit.
1531 1701 1628 1746 Hoc

163 1771 340 1830 quidem
361 1774 429 1816 est
448 1772 660 1816 suffocare
690 1771 861 1822 liberos,
881 1786 971 1814 non
994 1785 1263 1828 promouere.
1322 1771 1483 1814 Alendi
1504 1771 1628 1828 prius
1644 1782 1722 1824 537
1740 1786 1770 1814 a

162 1843 268 1884 sunt
294 1843 340 1884 et
366 1840 684 1884 in·uirtutibus
703 1840 962 1893 exercendi;
991 1844 1048 1891 et,
1072 1854 1172 1884 cum
1202 1840 1250 1882 in
1277 1854 1328 1883 eo
1347 1839 1628 1897 profecerint,

163 1912 217 1955 ut
263 1910 508 1968 probentur
556 1910 656 1954 illos
706 1910 952 1954 uirtutibus
1001 1909 1270 1959 antecedere,
1309 1923 1419 1966 quos
1467 1910 1630 1953 debent

103 1995 146 2031 ²5
165 1979 404 2023 honoribus
433 1980 614 2031 anteire,
634 1980 817 2024 inuitati
843 1979 1084 2024 ascendant
1113 1982 1159 2023 et
1187 1994 1234 2022 se
1258 1979 1423 2023 ciuium
1447 1994 1628 2023 suorum

163 2063 442 2108 nequaquam
487 2050 757 2094 subtrahant
794 2050 923 2093 uotis.
994 2049 1105 2103 Quis
1144 2049 1262 2093 enim
1302 2049 1401 2093 illos
1439 2050 1634 2107 ambigit

166 2187 182 2215 1
209 2177 476 2215 teuthonicum
503 2176 551 2214 S:
588 2176 856 2215 theutonicum
884 2176 926 2213 M
1087 2186 1107 2222 7
1131 2176 1393 2224 hipochritam
1419 2176 1506 2214 CB:
1538 2189 1627 2224 ypo-

162 2224 324 2262 chritam
340 2225 380 2260 M
542 2226 585 2262 16
609 2225 797 2272 apellaret
814 2224 840 2261 S
1006 2234 1064 2268 22,
1082 2234 1127 2271 23
1152 2226 1243 2262 sunt
1259 2224 1365 2272 prius
1381 2224 1415 2260 A
1580 2235 1601 2262 2
1607 2234 1624 2272 5

161 2271 303 2309 honore
319 2271 360 2308 M

211 2383 246 2426 6,
263 2390 284 2427 7
303 2387 458 2428 propter
470 2387 616 2428 peccata
632 2384 726 2420 eta:
752 2394 785 2418 v.
811 2381 878 2419 Iob
903 2381 1026 2418 xxxiv.
1051 2392 1107 2427 30.
1299 2391 1342 2424 14
1366 2382 1519 2417 Helius:
1546 2381 1625 2426 Quo

164 2430 319 2466 auctore
343 2429 414 2466 hoc
444 2429 656 2468 narraverit
688 2429 836 2474 Noster,
868 2429 1015 2472 nescim
1055 2440 1176 2483 neque
1208 2429 1254 2465 de
1287 2441 1361 2475 quo
1394 2428 1624 2475 imperatore

164 2475 331 2523 intelligi
348 2476 495 2513 debeat.
543 2476 585 2513 Si
601 2477 647 2513 de
665 2477 776 2514 Helio
792 2477 817 2513 i.
829 2489 860 2514 e.
879 2476 988 2514 Aelio
1014 2477 1220 2521 Hadriano,
1238 2478 1387 2513 constat
1409 2476 1519 2512 illum
1544 2477 1625 2514 siue

164 2522 270 2569 prole
296 2525 456 2560 mortem
485 2523 627 2561 obiise:
657 2524 688 2561 si
716 2525 762 2561 de
790 2524 983 2561 Antonino
1009 2524 1077 2560 Pio
1107 2523 1185 2571 (cui
1210 2526 1253 2560 ut
1279 2523 1328 2560 ab
1356 2524 1553 2560 Hadriano
1582 2523 1624 2560 in

165 2569 287 2606 filium
304 2571 483 2616 adoptato
503 2582 641 2608 nomen
658 2574 740 2608 erat
756 2571 910 2618 Aelius),
928 2583 1025 2616 eum,
1042 2583 1272 2617 quamquam
1293 2583 1316 2607 a
1335 2570 1508 2608 Gibbono
1527 2571 1567 2618 (i.
1585 2573 1624 2618 3)

164 2617 215 2653 ob
230 2616 370 2671 liberos
389 2628 412 2654 a
427 2616 615 2671 dignitate
634 2618 823 2665 imperiali
846 2618 1015 2656 exclusos
1036 2619 1245 2662 laudatum,
1264 2618 1353 2654 filiis
1373 2618 1450 2654 iam
1468 2618 1626 2656 mortuis

164 2666 249 2700 tum
278 2675 444 2710 prunum
472 2676 513 2701 111
543 2664 695 2712 imperii
725 2665 948 2704 societatem
987 2668 1221 2712 assumptum
1261 2676 1340 2702 esse
1382 2666 1626 2703 crediderunt

101 2735 103 2739 -
164 2710 374 2748 Wenckius
408 2711 457 2747 ad
485 2711 652 2750 Gibboni
682 2712 767 2756 loc„
797 2714 857 2750 W.
890 2714 1052 2760 Ramsay
1082 2713 1124 2749 in
1151 2715 1245 2750 D2'ct.
1278 2714 1390 2750 class.
1418 2715 1519 2760 Bioy.
1547 2726 1574 2750 s.
1590 2727 1623 2749 v.

165 2758 381 2812 Antoninus
398 2758 498 2794 Pius.
534 2758 590 2796 cf.
606 2761 738 2798 tamen
751 2761 847 2797 Hist.
859 2762 954 2807 Auy.
967 2773 999 2797 v.
1014 2772 1035 2807 3
1051 2760 1069 2808 ξ
1086 2770 1104 2808 5
1123 2761 1169 2797 de
1187 2760 1303 2797 Lucio
1318 2761 1428 2805 Vero,
1437 2760 1626 2798 Antonini

166 2805 225 2841 Pu
242 2806 320 2842 flho
339 2805 530 2851 adoptato,
548 2805 610 2843 cui
635 2819 699 2843 nec
713 2809 819 2843 aliud
834 2809 1128 2853 honorificentiae
1150 2810 1327 2845 adnomen
1349 2810 1561 2844 adiunctum
1579 2814 1629 2844 est

163 2865 274 2900 quam
289 2854 383 2900 quod
397 2854 555 2899 Auyusti
562 2855 672 2899 filius
686 2856 889 2901 appellatus
904 2861 966 2891 est.

1435 2931 1499 2971 ²7⁵
