1994 3190
164 205 262 238 oar.
276 192 349 253 11]
671 188 1111 235 POLICRATICVS
1217 231 1222 238 ,
1638 197 1717 238 533
1735 197 1767 228 a

370 348 474 406 Cap.
499 360 563 392 11.
613 347 736 402 Quae
754 345 814 390 eit
831 345 931 389 alia
949 360 1109 389 merces
1123 345 1413 404 pffncipum.

219 440 313 484 Nec
332 442 480 483 tamen
505 438 622 496 quod
644 438 820 481 litterae
846 437 991 495 prima
1014 435 1149 479 facies
1175 438 1399 494 promittit
1425 437 1622 488 excludo,

163 525 275 568 quae
325 511 370 552 et
412 508 534 566 longi
579 506 790 564 temporis
832 520 1019 563 regnum
1064 506 1288 562 promittit
1329 507 1532 563 patribus
1577 511 1623 550 et

162 578 356 623 eiusdem
381 577 695 621 successionem
721 575 948 633 protendit
974 574 1031 617 ad
1058 575 1172 617 fflios
1196 575 1284 630 qui,
1311 576 1427 618 sicut
1456 579 1622 633 tempo-

125 665 145 698 5
162 648 268 692 ralis
302 647 438 705 regni,
468 647 534 690 ita
566 648 699 689 erunt
729 647 776 688 et
809 646 986 688 eternae
1020 643 1311 686 beatitudinis
1345 659 1624 688 successores,

163 717 264 762 Scio
303 716 420 760 enim
461 715 565 772 quia
603 715 676 758 lex
713 713 879 758 carnali
919 712 1082 770 populo
1120 712 1394 768 loquebatur,
1435 713 1511 769 qui
1550 727 1626 756 cor

163 786 307 830 adhuc
338 785 504 828 habens
537 783 772 841 lapideum,
806 781 1134 826 incircumcisus
1172 784 1320 824 mente
1358 795 1448 823 non
1483 796 1624 831 carne,

3 841 23 882 ⁸²
163 855 305 900 uitam
347 869 403 898 ex
442 868 604 911 magna
641 855 767 910 parte
806 851 1028 895 nesciebat
1067 853 1277 902 eternam,
1306 849 1624 906 magnifaciens

3 916 7 929 ⁴
164 925 202 968 si
234 924 275 968 ei
309 924 424 967 bona
457 926 602 966 terrae
636 922 850 966 darentur
879 920 952 964 uel
986 920 1353 978 promitterentur
1387 920 1433 962 in
1465 919 1623 962 cibum.
1640 927 1669 965 b

9 1045 20 1050 .,
107 1009 149 1034 10
165 993 415 1039 Carnaliter
448 992 598 1049 itaque
637 991 827 1049 sapienti
866 990 986 1034 facta
1022 992 1090 1033 est
1127 989 1359 1047 promissio
1393 988 1549 1039 carnis,
1581 992 1626 1032 et

32 1070 73 1140 ᾗ
166 1063 206 1107 ei
245 1062 460 1121 promissa
491 1065 559 1106 est
592 1060 864 1104 diuturnitas
898 1059 1121 1116 temporis,
1152 1058 1229 1115 qui
1268 1058 1465 1101 nondum
1505 1072 1626 1115 spem

0 1124 22 1191 f*
163 1135 421 1189 conceperat
459 1135 635 1175 eternae
672 1129 972 1179 beatitudinis,
1012 1131 1058 1171 et
1096 1127 1336 1184 temporale
1375 1127 1423 1170 in
1462 1142 1627 1171 succes-

165 1201 332 1245 sionem
377 1201 569 1244 filiorum
612 1199 894 1257 protenditur
937 1212 1122 1255 regnum
1172 1196 1261 1240 illis
1306 1196 1382 1254 qui
1428 1196 1626 1240 nondum

0 960 27 998 31«

167 1270 438 1328 quaerebant
476 1273 687 1313 eternum.
766 1268 889 1311 Patri
935 1282 1040 1325 ergo
1083 1266 1387 1324 temporaliter
1431 1265 1626 1309 succedit

109 1353 146 1387 15
163 1340 293 1391 filius,
313 1340 351 1383 si
375 1339 515 1397 patris
538 1338 756 1382 iustitiam
782 1338 994 1381 imitatur.
1053 1336 1208 1387 Aufer,
1228 1335 1376 1392 inquit
1405 1334 1626 1387 Salomon,

163 1409 438 1467 impietatem
472 1409 526 1452 de
558 1408 688 1452 uultu
719 1407 847 1465 regis,
877 1410 924 1450 et
957 1406 1208 1449 firmabitur
1237 1404 1410 1448 iustitia
1440 1404 1628 1447 thronus

167 1479 272 1523 eius.
331 1479 381 1522 Si
406 1479 522 1522 enim
542 1493 570 1522 a
588 1477 731 1528 uultu,
752 1477 798 1520 id
819 1479 886 1520 est
906 1491 933 1519 a
952 1476 1196 1526 uoluntate,
1220 1474 1386 1518 recedit
1406 1474 1625 1531 impietas,

165 1548 304 1593 totius
333 1548 458 1606 regni
487 1562 621 1606 opera
649 1547 778 1605 uirga
807 1546 1045 1603 aequitatis
1074 1548 1119 1588 et
1149 1545 1272 1588 cultu
1299 1544 1496 1587 iustitiae
1521 1543 1628 1586 diri-

166 1620 346 1676 guntur.
415 1617 542 1660 Vnde
586 1616 724 1659 illud:
781 1615 878 1658 Rex
921 1615 997 1672 qui
1044 1614 1168 1657 sedet
1216 1613 1263 1656 in
1316 1613 1425 1656 solio
1476 1612 1628 1656 iudicii

109 1705 152 1730 πο
167 1687 352 1744 dissipat
375 1701 503 1730 omne
526 1686 693 1729 malum
719 1685 889 1728 intuitu
915 1699 1005 1727 suo.
1066 1684 1175 1727 Ecce
1202 1686 1369 1740 quanto
1396 1682 1630 1740 priuilegio

167 1757 391 1816 gaudeant
405 1756 635 1814 principes,
649 1755 809 1812 quibus
823 1753 894 1812 (ut
908 1754 962 1796 de
978 1757 1130 1796 eterna
1144 1752 1420 1796 beatitudine
1441 1751 1628 1809 taceam)

151 1829 456 1884 ⁴perpetuatur
485 1826 610 1883 regni
639 1825 780 1883 gloria
815 1824 950 1867 etiam
982 1823 1029 1865 in
1059 1837 1189 1866 carne
1219 1825 1265 1865 et
1293 1821 1508 1879 sanguine
1538 1836 1627 1864 suo.
1648 1835 1672 1864 e

167 1895 395 1940 Gloriatur
414 1895 630 1939 Dominus
657 1909 703 1938 se
722 1894 870 1938 uirum
894 1892 1115 1936 inuenisse
1141 1891 1381 1935 secundum
1406 1905 1481 1934 cor
1500 1905 1629 1933 suum

172 1967 229 2018 et,
249 1980 348 2009 cum
369 1979 469 2008 eum
498 1965 547 2007 in
572 1964 698 2022 regni
726 1964 894 2021 apicem
925 1961 1205 2020 postmodum
1233 1960 1512 2012 sullimasset,
1535 1974 1630 2004 suc-

112 2052 152 2087 ²5
169 2034 418 2079 cedentium
456 2034 540 2077 sibi
579 2034 770 2078 filiorum
809 2032 1026 2076 curriculo
1066 2046 1252 2089 regnum
1288 2030 1327 2073 ei
1367 2033 1629 2087 perpetuum

169 2104 410 2162 pollicetur.
480 2103 548 2147 De
587 2103 739 2147 fructu
778 2103 948 2146 uentris
987 2102 1067 2152 tui,
1105 2101 1263 2158 inquit,
1298 2114 1459 2157 ponam
1499 2114 1632 2157 super

170 2173 316 2217 sedem
330 2176 478 2226 tuam;
507 2176 573 2216 et:
604 2173 653 2216 Si
674 2172 964 2216 custodierint
985 2171 1065 2214 filii
1085 2171 1154 2214 tui
1169 2170 1381 2213 mandata
1400 2184 1498 2212 mea
1517 2184 1630 2226 quae

169 2242 259 2285 iam
278 2242 390 2294 dedi,
411 2245 455 2286 et
475 2242 728 2286 testimonia
747 2257 845 2285 mea
871 2255 983 2299 quae
1010 2255 1089 2298 per
1111 2255 1181 2282 me
1208 2239 1279 2282 uel
1304 2239 1492 2282 uicarios
1511 2253 1631 2281 meos

172 2311 333 2355 docebo
366 2312 477 2364 illos,
507 2315 552 2355 et
586 2312 671 2370 ipsi
701 2314 747 2356 et
775 2311 856 2355 filii
887 2325 1038 2354 eorum
1067 2309 1284 2352 sedebunt
1318 2323 1451 2366 super
1484 2308 1631 2352 sedem

175 2439 218 2472 12
245 2428 473 2466 aeternitate
489 2428 530 2464 M
674 2429 718 2466 16
742 2429 873 2465 tronus
888 2427 922 2464 A
1063 2438 1110 2472 24
1134 2426 1375 2462 sublimasset
1391 2423 1514 2461 CBAS

219 2538 425 2585 6quia1ex
441 2540 512 2575 etc.
528 2549 537 2573 ι
563 2550 596 2574 v.
612 2537 708 2584 Aug.
727 2543 852 2574 contra
862 2538 1115 2580 Adimantum,
1128 2535 1229 2572 xviii.
1249 2546 1284 2578 13
1309 2540 1432 2572 contra
1443 2536 1632 2579 Faustum,

171 2584 220 2621 iv.
239 2595 284 2627 2;
265 2551 351 2621 qudo
369 2587 484 2621 Gestis
499 2586 647 2631 Pezaqii,
667 2594 684 2632 5
705 2584 723 2632 ξ
746 2594 809 2629 14;
834 2587 873 2620 in
895 2586 1025 2620 Ioann.
1055 2586 1173 2621 Tract.
1195 2594 1282 2619 xxx.
1310 2592 1330 2628 7
1350 2581 1496 2628 (Migne
1520 2584 1563 2619 P.
1590 2584 1633 2618 L.

172 2631 254 2668 xlii.
278 2633 357 2677 162,
374 2641 546 2686 217—219‚
556 2632 643 2668 xliv.
662 2634 742 2678 328,
753 2643 861 2668 xxxv.
877 2633 978 2678 1635,
994 2632 1114 2677 1636).
1257 2632 1290 2675 6,
1309 2640 1329 2675 7
1347 2631 1631 2676 corlapideum:

173 2692 205 2715 v.
234 2679 370 2716 Ezech.
393 2678 443 2716 xi.
476 2689 528 2725 19.
683 2688 704 2724 7
730 2681 1002 2715 incircumcisus
1029 2684 1143 2715 mente
1170 2690 1244 2714 non
1270 2688 1399 2714 came:
1434 2689 1467 2713 v.
1497 2676 1631 2713 Ezech.

173 2726 261 2762 xliv.
280 2735 312 2771 7.
483 2734 523 2772 15
553 2727 779 2771 Aufer-etc&
805 2726 1062 2772 Prov.nv.5.
1239 2735 1282 2771 19
1307 2726 1385 2760 Rex
1401 2726 1500 2760 etc.:
1527 2724 1630 2760 Prov.

173 2785 234 2810 xx.
252 2774 284 2810 8.
466 2783 510 2818 23
535 2775 659 2809 uirum
673 2776 856 2810 inuenisse
872 2775 967 2810 etc.:
992 2785 1026 2809 v.
1043 2772 1126 2810 Act.
1143 2772 1241 2819 App.
1260 2771 1339 2808 xiii.
1358 2782 1402 2808 22
1422 2772 1486 2818 (ex
1506 2782 1520 2807 1
1541 2771 1632 2817 Reg.

174 2820 254 2858 xiii.
274 2820 346 2867 14).
489 2820 535 2857 26
560 2821 615 2856 De
621 2821 752 2866 fructu
768 2822 863 2858 etc:
888 2820 949 2857 Ps.
965 2820 1090 2858 cxxxi.
1111 2829 1165 2865 11,
1186 2830 1241 2856 12.

1460 2888 1526 2933 269
