1994 3190
234 154 314 196 475
331 156 362 186 a
708 142 971 187 IOANNIS
1009 142 1524 187 SARESBERIENSIS
1681 141 1790 204 [ΜΒ.
1805 152 1847 186 11

378 264 512 307 uiuus
547 266 593 307 et
628 263 794 314 efficax,
829 263 1145 320 penetrabilior
1178 263 1299 306 omni
1332 263 1482 321 gladio
1517 263 1713 320 ancipiti,
1747 277 1845 320 per-

377 334 557 390 tingens
577 347 716 389 usque
737 332 795 375 ad
821 333 1084 375 diuisionem
1109 333 1282 376 animae
1303 335 1348 375 et
1367 333 1563 390 spiritus,
1583 347 1847 390 compagum

379 417 553 460 quoque
580 405 626 445 et
650 402 955 453 medullarum,
979 403 1193 446 discretor
1220 403 1354 446 etiam
1381 402 1713 460 cogitationum.
1772 401 1846 444 In—

378 475 582 515 sensatus
621 474 689 514 est
728 471 804 528 qui
845 472 927 514 hoc
965 471 1115 529 gladio
1149 472 1408 515 imminente
1447 487 1537 515 non
1576 472 1716 514 timet.
1788 470 1848 513 Et

379 555 475 584 ecce
525 541 573 582 in
617 540 731 584 facie
771 540 989 583 Ecclesiae
1033 541 1080 583 in
1119 544 1357 598 conspectu
1396 541 1594 584 omnium
1633 540 1846 582 imminet.
1865 555 1888 589 5

378 610 582 667 Denique
621 613 668 653 et
707 610 754 652 in
787 624 939 653 omnes
979 610 1199 667 dirigitur.
1271 610 1427 667 Inquit
1466 611 1610 653 enim:
1660 609 1849 662 Quando

378 681 604 738 ingressus
638 679 778 723 fueris
811 683 977 723 terram
1010 694 1143 736 quam
1176 679 1393 723 Dominus
1426 680 1548 723 Deus
1579 683 1684 723 tuus
1723 678 1850 721 dabit

379 749 476 800 tibi,
496 763 604 792 caue
627 764 683 792 ne
702 748 871 791 imitari
898 748 1010 791 uelis
1037 748 1387 791 abominationes
1414 749 1592 791 illarum
1619 747 1849 805 gentium3

380 833 437 862 ne
476 818 734 861 inueniatur
776 818 823 860 in
859 821 904 860 te
939 818 1016 875 qui
1055 818 1216 860 lustret
1249 818 1391 860 filium
1431 832 1560 860 suum
1596 819 1677 860 aut
1710 816 1850 858 filiam

334 895 364 934 b
383 902 508 931 suam
540 887 705 930 ducens
742 902 822 944 per
860 887 1021 944 ignem,
1060 890 1140 930 aut
1179 887 1256 943 qui
1290 887 1451 930 ariolos
1485 886 1733 929 sciscitetur
1771 887 1851 928 aut
1870 896 1911 922 ιο

382 957 588 1000 obseruet
618 957 788 999 somnia
817 960 897 999 aut
926 956 1125 1013 auguria,
1155 971 1211 999 ne
1241 956 1301 999 sit
1330 956 1554 999 maleficus
1588 970 1668 998 nec
1701 955 1851 998 incan-

382 1029 514 1076 tator,
555 1040 697 1082 neque
737 1025 943 1082 phitones
982 1025 1184 1068 consulat
1219 1028 1264 1068 et
1303 1025 1479 1068 diuinos
1514 1027 1560 1067 et
1600 1027 1786 1081 quaerat
1825 1037 1852 1066 a

381 1095 570 1138 mortuis
590 1095 850 1146 ueritatem;
880 1094 1028 1137 omnia
1048 1094 1165 1136 enim
1186 1094 1294 1137 haec
1313 1094 1597 1137 abominatur
1622 1093 1853 1144 Dominus,

383 1167 429 1207 et
452 1167 634 1221 propter
663 1163 964 1206 huiuscemodi
989 1163 1152 1206 scelera
1179 1163 1345 1206 delebit
1374 1177 1448 1206 eos
1474 1163 1522 1205 in
1549 1163 1738 1206 introitu
1762 1165 1852 1206 tuo.

384 1233 612 1276 Perfectus
652 1233 739 1275 eris
778 1235 824 1275 et
863 1233 1028 1289 absque
1063 1232 1236 1275 macula
1275 1247 1375 1275 cum
1411 1232 1602 1275 Domino
1634 1232 1728 1275 Deo
1762 1234 1852 1275 tuo.
1873 1243 1912 1279 15

383 1302 548 1346 Gentes
570 1303 692 1353 istae,
714 1316 902 1358 quarum
929 1302 1173 1358 possidebis
1196 1305 1374 1352 terram,
1394 1316 1584 1359 augures
1612 1304 1657 1344 et
1677 1301 1853 1344 diuinos

383 1372 599 1424 audiunt3
630 1374 682 1413 tu
710 1375 859 1414 autem
888 1385 915 1413 a
942 1371 1133 1414 Domino
1163 1371 1258 1414 Deo
1278 1375 1357 1414 tuo
1378 1371 1509 1414 aliter
1535 1371 1771 1414 institutus
1795 1385 1852 1414 es.

385 1441 496 1494 Quis
517 1455 621 1498 ergo
641 1440 817 1482 dubitet
846 1440 954 1483 haec
974 1440 1233 1491 criminalia,
1254 1443 1300 1483 et
1329 1455 1419 1483 non
1445 1441 1574 1484 modo
1594 1441 1854 1498 languorem

385 1511 462 1554 sed
501 1510 604 1553 fidei
650 1509 965 1552 exterminium
1005 1524 1109 1560 esse,
1149 1509 1267 1566 quod
1306 1512 1435 1552 tanta
1473 1510 1707 1569 diligentia
1753 1523 1854 1567 pro-

385 1580 587 1637 pheticus
603 1579 738 1621 immo
754 1578 949 1635 Spiritus
965 1579 1107 1622 sancti
1123 1594 1265 1622 sermo
1281 1580 1454 1623 eradit‘l
1489 1579 1853 1623 Abominationes
1873 1592 1916 1618 20

386 1653 503 1700 sunt,
537 1649 710 1692 dicente
750 1648 967 1700 Domino;
1008 1652 1054 1691 et
1088 1649 1219 1691 homo
1251 1663 1298 1691 se
1330 1663 1465 1706 supra
1499 1649 1722 1692 hominem
1756 1648 1854 1692 fieri

345 1731 370 1760 c
387 1719 607 1776 opinatur,
627 1732 727 1761 cum
754 1717 941 1760 istorum
968 1722 1195 1761 assecutus
1226 1721 1293 1762 est
1320 1718 1608 1775 disciplinam.
1670 1718 1856 1775 Propter

387 1788 640 1831 huiusmodi
661 1787 825 1830 scelera
845 1787 1014 1830 deletae
1035 1791 1141 1830 sunt
1160 1790 1315 1845 gentes
1335 1791 1381 1832 et
1407 1789 1602 1836 humana
1628 1787 1856 1832 temeritas

387 1873 433 1902 se
455 1859 502 1900 in
524 1858 593 1900 his
615 1857 902 1914 multiplicari
923 1857 1117 1900 confidit.

574 2027 679 2085 Cap.
703 2041 768 2084 29.
828 2027 892 2070 De
918 2027 1109 2083 phisicis
1142 2028 1346 2072 theoricis
1376 2032 1415 2073 et
1440 2029 1670 2085 practicis.
1875 2044 1917 2080 ²5

448 2137 571 2180 Licet
599 2140 746 2179 tamen
773 2136 827 2179 de
857 2136 1022 2179 futuris
1042 2140 1094 2179 ut
1114 2136 1275 2193 aliquis
1294 2137 1562 2189 consulatur,
1581 2138 1646 2180 ita
1667 2138 1857 2195 quidem,

389 2207 425 2250 si
454 2210 533 2249 aut
557 2206 717 2263 spiritu
746 2206 910 2262 polleat
931 2206 1199 2263 prophetiae,
1221 2210 1300 2249 aut
1327 2221 1383 2249 ex
1413 2207 1692 2250 naturalibus
1718 2207 1858 2265 signis

389 2276 496 2334 quid
547 2276 591 2317 in
632 2275 887 2332 corporibus
931 2275 1188 2318 animalium
1230 2276 1407 2319 eueniat
1455 2276 1625 2334 phisica
1674 2277 1857 2321 docente

390 2413 411 2448 8
437 2410 763 2447 abhominationes
781 2409 847 2446 SM
981 2421 1016 2447 Η
1047 2410 1219 2457 sompnia
1237 2410 1309 2447 AM
1435 2421 1475 2458 13
1502 2410 1773 2448 abhominatur
1791 2411 1856 2449 SM

391 2458 590 2504 Dominus]
609 2458 700 2494 deus
719 2458 749 2493 A
894 2468 942 2493 20
966 2458 1307 2494 Abhominationcs
1326 2458 1392 2493 SM
1535 2469 1581 2504 23
1600 2458 1858 2497 huiuscemodi

391 2506 421 2542 Β
568 2515 609 2551 25
639 2504 793 2552 praticiu
811 2503 836 2540 S
855 2506 895 2541 δη
914 2518 942 2542 ν.
959 2518 987 2542 c.
1001 2518 1040 2552 p.
1183 2507 1230 2543 26
1255 2508 1298 2542 ut
1312 2506 1357 2542 de
1377 2505 1512 2542 futuris
1530 2506 1666 2553 aliquis
1685 2506 1749 2543 SM

444 2642 455 2668 ι
487 2633 597 2667 uiuus·
614 2634 684 2667 etc.
705 2644 712 2668 :
743 2631 853 2668 chr.
872 2629 917 2668 iv.
940 2641 991 2667 12.
1163 2633 1186 2668 6
1214 2633 1365 2676 Quando
1383 2634 1475 2669 etc.:
1503 2632 1613 2670 Dent.
1632 2632 1734 2671 xviii.
1753 2642 1859 2679 9-14.

392 2690 430 2716 2¹
462 2680 584 2714 homo:
612 2678 758 2714 Alludit
776 2678 821 2714 ad
840 2679 1119 2714 abominationes
1136 2680 1243 2724 quasi
1260 2681 1580 2716 abhominationes.
1812 2690 1854 2728 25

391 2728 578 2762 theoricis:
606 2727 653 2762 cs.
681 2727 789 2762 Enth.
819 2725 839 2761 Ι.
859 2736 949 2771 449ς
976 2738 1007 2762 v.
1030 2725 1160 2763 Boeth.
1180 2728 1226 2762 In
1244 2727 1376 2774 l’oeph.
1397 2729 1497 2765 Da'al.
1515 2727 1552 2775 i3
1581 2727 1692 2764 Bern.
1711 2726 1857 2766 Silvest.

391 2775 622 2811 Bmm'am'um
643 2773 697 2810 cd.
718 2772 862 2810 llamch
880 2777 911 2809 &
933 2773 1082 2811 Wrobcl
1102 2786 1140 2821 p.
1161 2775 1194 2811 6.

506 2843 568 2878 166
