1994 3190
203 181 303 215 σΑΡ.
317 167 388 230 vi]
719 165 1161 213 POLICRATICVS
1687 176 1770 219 ⁵50
1787 166 1818 207 b

202 287 505 334 testimonium
525 286 739 330 reddebat
757 285 904 336 michi,
925 300 976 329 eo
1003 285 1122 342 quod
1151 285 1404 330 liberassem
1430 300 1671 344 pauperem

201 357 520 402 uociferantem
540 358 586 398 et
605 355 824 412 pupillum
844 354 915 398 cui
936 369 1026 396 non
1046 358 1143 398 erat
1166 355 1356 400 adiutor.
1415 354 1673 399 Benedictio

201 425 390 485 perituri
419 439 553 482 super
581 438 652 466 me
681 422 901 474 ueniebat,
923 426 969 466 et
994 437 1070 467 cor
1095 423 1258 466 uiduae
1285 425 1535 467 consolatus
1561 439 1672 467 sum.

201 495 383 539 Iustitia
422 493 606 536 indutus
641 507 752 552 sum,
783 495 833 536 et
863 491 1028 535 uestiui
1062 506 1144 542 me,
1178 492 1293 535 sicut
1328 494 1596 537 uestimento
1628 496 1675 536 et

164 583 184 618 5
202 564 463 616 diademate,
496 562 659 606 iudicio
693 576 800 605 meo.
877 561 1044 605 Oculus
1078 560 1144 604 fui
1179 576 1279 604 ceco
1314 565 1360 604 et
1394 577 1471 619 pes
1505 563 1673 606 claudo.

203 633 336 677 Pater
356 647 476 676 eram
497 646 755 689 pauperum,
775 634 821 674 et
839 645 1031 682 causam,
1053 644 1186 687 quam
1207 630 1465 681 nesciebam,
1486 632 1672 688 diligen-

202 701 372 745 tissime
392 701 729 759 inuestigabam.
789 699 1082 745 Conterebam
1103 698 1242 742 molas
1261 699 1416 756 iniqui,
1429 703 1474 742 et
1493 700 1547 742 de
1568 701 1674 743 den-

203 771 325 815 tibus
356 771 477 814 illius
511 770 767 814 auferebam
802 769 1025 827 praedam.
1083 768 1403 825 Dicebamque:
1435 769 1489 811 In
1520 770 1673 813 nidulo
1689 788 1715 816 c

205 855 304 884 meo
324 840 500 891 moriar,
520 842 565 883 et
585 840 700 884 sicut
726 839 875 897 palma
901 838 1207 896 multiplicabo
1234 838 1341 882 dies.
1402 837 1549 881 Radix
1575 853 1674 881 mea

146 928 186 953 10
204 913 360 968 aperta
379 912 448 954 est
476 924 600 954 secus
627 924 777 967 aquas,
797 913 843 952 et
869 924 942 952 ros
961 908 1208 952 morabitur
1233 909 1280 951 in
1310 908 1525 951 messione
1553 922 1675 960 mea;

204 978 348 1038 gloria
380 994 480 1022 mea
510 994 682 1037 semper
720 978 1018 1028 innouabitur‚
1051 981 1098 1021 et
1130 992 1259 1021 arcus
1290 991 1414 1020 meus
1453 977 1499 1018 in
1539 991 1675 1019 manu

205 1062 304 1092 mea
324 1048 659 1091 instaurabitur.
709 1047 797 1101 Qui
818 1063 887 1090 me
907 1047 1161 1098 audiebant,
1181 1046 1447 1089 sententiam
1469 1050 1675 1103 expecta-

205 1117 327 1168 bant,
347 1121 393 1161 et
413 1118 576 1161 intenti
598 1117 805 1161 tacebant
831 1117 888 1160 ad
912 1116 1143 1161 consilium
1171 1131 1328 1159 meum.
1390 1116 1547 1159 Verbis
1568 1116 1677 1159 meis

161 1237 171 1252 ὓ
206 1186 368 1230 addere
403 1187 540 1230 nichil
572 1187 808 1247 audebant,
841 1189 886 1230 et
921 1200 1054 1244 super
1085 1186 1184 1229 illos
1219 1186 1418 1229 stillabat
1452 1186 1676 1243 eloquium

147 1276 184 1310 15
209 1271 368 1300 meum.
427 1255 477 1299 Si
507 1256 684 1312 quando
714 1255 911 1299 ridebam
941 1255 999 1298 ad
1028 1270 1114 1306 eos,
1133 1269 1222 1298 non
1251 1254 1501 1305 credebant,
1522 1259 1567 1298 et
1596 1255 1677 1298 lux

204 1326 359 1370 uultus
389 1325 476 1368 mei
505 1339 593 1367 non
622 1325 808 1368 cadebat
838 1324 885 1368 in
915 1329 1092 1368 terram.
1167 1324 1217 1368 Si
1256 1324 1494 1368 noluissem
1524 1324 1588 1368 ire
1618 1324 1676 1367 ad

205 1409 291 1446 coe,
310 1394 517 1438 sedebam
552 1394 752 1452 primus3
791 1409 979 1452 cumque
998 1394 1195 1437 sederem
1219 1395 1346 1451 quasi
1372 1408 1451 1437 rex
1478 1394 1676 1437 exercitu

204 1464 528 1522 circumstante,
567 1479 687 1508 eram
727 1467 878 1508 tamen
924 1464 1188 1508 merentium
1228 1464 1487 1508 consolator.
1566 1463 1676 1507 Eece

208 1533 423 1591 regnandi
444 1533 493 1575 in
511 1532 610 1576 uiro
631 1533 749 1576 iusto
764 1548 820 1576 ex
840 1548 1004 1591 magna
1022 1536 1149 1591 parte
1166 1547 1374 1591 expressa
1389 1535 1456 1576 est
1471 1531 1675 1583 formula,
1691 1535 1720 1575 d

147 1621 191 1646 ao
209 1618 342 1661 quam
372 1603 410 1646 si
437 1617 516 1660 per
545 1602 721 1660 singula
751 1604 911 1660 exequi
945 1603 1227 1654 uoluerimus,
1258 1603 1423 1661 integri
1452 1602 1554 1645 libri
1583 1616 1676 1645 ma-

207 1672 488 1731 gnitudinem
509 1672 776 1716 insertarum
804 1673 1025 1717 uirtutum
1050 1673 1184 1716 series
1211 1672 1282 1716 uel
1310 1673 1404 1716 sola
1427 1672 1677 1729 complebit.

207 1742 410 1800 Diligens
429 1743 566 1786 lector
586 1742 763 1801 singula
782 1743 920 1786 uerba
939 1742 1159 1794 discutiet,
1181 1743 1285 1800 quia
1312 1743 1360 1785 in
1384 1742 1454 1785 his
1473 1742 1679 1785 omnibus

208 1826 287 1856 nec
317 1812 410 1855 iota
438 1826 517 1856 nec
547 1826 663 1869 apex
692 1827 720 1855 a
749 1812 947 1855 misterio
976 1812 1134 1855 salutis
1154 1815 1295 1855 uacat.
1356 1811 1502 1854 Pauca
1528 1814 1678 1854 tamen

210 1895 322 1939 quae
351 1881 399 1924 in
429 1880 526 1939 ipsa
555 1881 784 1939 superficie
814 1881 1052 1925 uerborum
1087 1882 1295 1932 eminent,
1323 1884 1492 1938 quanta
1526 1885 1680 1938 potero

149 1966 192 2002 ²⁵
210 1950 431 1994 breuitate
469 1950 777 2007 perstringam.
857 1949 1056 2003 Quando,
1095 1950 1256 2007 inquit,
1293 1950 1501 1993 lauabam
1548 1949 1681 2006 pedes

209 2034 330 2063 meos
360 2019 511 2063 butiro
546 2022 591 2063 et
626 2022 754 2076 petra
786 2019 1004 2063 fundebat
1038 2019 1173 2063 michi
1203 2020 1324 2062 riuos
1355 2019 1464 2072 olei3
1502 2034 1603 2063 cum
1633 2018 1679 2061 in

207 2091 366 2147 parata
379 2088 590 2132 cathedra
604 2089 840 2133 residerem
861 2089 910 2132 in
929 2089 1088 2146 platea,
1100 2088 1484 2132 abscondebantur
1498 2088 1681 2131 iuuenes

209 2161 255 2202 et
273 2157 407 2201 michi
429 2172 555 2201 senes
575 2158 794 2201 astabant.
855 2158 1014 2201 Innuit
1034 2173 1139 2216 ergo
1160 2157 1265 2215 quia
1284 2172 1433 2200 rerum
1453 2158 1682 2200 affluentia

209 2227 542 2286 gratiarumque
561 2242 800 2270 concursus
821 2228 860 2270 ei
883 2228 1166 2285 prudentiam
1187 2242 1277 2270 non
1298 2227 1584 2277 excusserint,
1604 2226 1681 2270 sed

152 2311 195 2344 30
211 2295 260 2338 in
279 2295 348 2338 his
363 2296 566 2340 omnibus
583 2311 639 2340 ex
653 2297 920 2340 conscientia
935 2300 981 2340 et
995 2296 1250 2340 testimonio
1266 2296 1481 2339 bonorum
1498 2311 1680 2353 operum

213 2364 452 2408 auctoritas
482 2365 740 2410 inconcussa
774 2366 1031 2424 permansit.
1108 2365 1433 2423 Egrediebatur
1464 2365 1582 2408 enim
1622 2366 1680 2408 ad

193 2436 386 2490 ,portam
406 2435 483 2490 qui
502 2435 685 2481 latebris
705 2450 795 2479 non
817 2436 987 2494 egebat,
1007 2438 1053 2479 et
1074 2436 1150 2492 qui
1171 2435 1355 2478 docendi
1376 2438 1681 2492 promeruerat

213 2502 372 2553 sedem,
403 2517 557 2546 senum
592 2505 875 2562 prudentiam
915 2505 1114 2563 erigebat
1150 2505 1335 2548 leuitate
1375 2504 1560 2547 iuuenili
1601 2504 1678 2547 ab·
1694 2521 1763 2562 551
1784 2521 1814 2550 a

213 2570 425 2616 scondita.
503 2571 748 2618 Cessabant
797 2575 918 2632 loqui
967 2574 1200 2632 principes,
1239 2577 1286 2617 et
1323 2573 1478 2630 lingua
1517 2573 1679 2616 ducum

154 2659 194 2694 35
212 2639 387 2696 gutturi
407 2640 660 2693 adherebat,
678 2658 768 2686 non
788 2643 1002 2687 audentes
1028 2643 1217 2701 grandia
1237 2643 1371 2700 loqui,
1391 2646 1436 2686 et
1457 2643 1681 2699 imponere

214 2733 259 2769 23
285 2723 465 2769 mysterio
483 2724 523 2760 M
665 2727 711 2764 26
733 2727 870 2774 butyro
887 2727 928 2763 M
1071 2738 1118 2774 30
1140 2725 1216 2763 hiis
1233 2726 1257 2762 S

261 2799 307 2834 23
332 2790 484 2844 neo-‘iota
500 2801 564 2826 nec
579 2801 698 2836 apex:
722 2802 755 2827 v.
772 2790 884 2828 Matt.
902 2802 934 2827 V.
950 2791 1002 2828 18.
1148 2801 1169 2827 2
1174 2800 1192 2837 5
1221 2791 1564 2845 Quando-{quabam
1580 2790 1652 2826 etc.
1669 2801 1678 2825 :

216 2848 248 2873 v.
266 2835 331 2873 Iob
349 2847 448 2872 xxix.
465 2837 488 2873 6
505 2847 609 2883 seqq.
754 2846 797 2884 35
823 2839 1008 2884 imponere
1024 2839 1118 2874 eta:
1144 2850 1177 2875 v.
1194 2838 1306 2875 Matt.
1324 2848 1430 2874 xxm.
1447 2847 1480 2882 4.

1510 2901 1571 2933 301
