1994 3190
246 150 320 190 471
339 150 365 180 c
710 138 974 183 IOANNIS
1013 137 1529 184 SARESBERIENSIS
1683 137 1796 200 [mn.
1810 150 1850 184 11

382 258 560 316 quidem
599 258 904 316 philosophiae
942 259 1147 316 princeps
1176 259 1407 317 Pitagoras
1438 263 1484 303 et
1515 260 1716 304 Plotinus
1749 275 1850 318 pro-

380 328 612 371 hibitionis
643 328 776 372 huius
807 343 897 372 non
928 332 1023 372 tam
1055 332 1256 371 auctores
1295 332 1402 372 sunt
1435 344 1569 386 quam
1603 345 1851 387 praecones,

379 397 560 440 omnino
576 397 782 441 illicitum
796 412 889 441 8888
905 398 1101 441 dicentes
1114 397 1366 454 quempiam
1381 398 1568 442 militiae
1583 399 1851 442 seruientem

380 481 407 509 a
431 467 651 523 praesidio
675 470 721 510 et
745 467 977 510 commissa
1006 467 1090 510 sibi
1118 467 1310 510 statione
1336 467 1558 511 discedere
1584 468 1698 511 citra
1725 468 1851 512 ducis

379 536 452 578 uel
475 535 688 593 principis
713 536 962 579 iussionem.
1024 535 1160 579 Plane
1189 535 1382 594 eleganti
1409 537 1610 594 exemplo
1636 538 1706 580 usi
1733 540 1851 589 sunt,
1868 555 1890 591 5

379 619 431 648 eo
461 605 579 661 quod
610 606 772 649 militia
805 609 873 649 est
906 606 1004 648 uita
1038 605 1230 648 hominis
1259 619 1393 662 super
1425 608 1602 650 terram.
1662 606 1782 660 Quid
1812 606 1851 649 si

378 678 535 718 contra
582 676 767 719 iubeant
814 675 992 719 oracula
1040 678 1198 718 uatum
1244 675 1317 718 uel
1365 689 1573 732 responsa
1620 675 1852 733 phitonis?

379 744 536 788 Procul
576 744 712 788 dubio
750 745 932 788 minime
972 744 1181 787 audiendi
1221 746 1338 794 sunt,
1373 744 1479 800 quia
1517 758 1618 787 cum
1657 745 1852 802 periculo

378 814 657 857 innocentiae
696 829 825 857 nemo
864 814 1071 870 cuiquam
1110 813 1242 856 debet
1279 813 1423 856 fidem.
1498 813 1547 856 Si
1587 813 1722 857 michi
1761 829 1851 858 non

378 883 532 936 credis,
557 883 752 926 Numam
783 883 1083 926 Romanorum
1112 883 1430 940 imperatorum
1461 882 1555 926 fere
1583 883 1850 927 innocentis·
1869 898 1913 925 10

377 953 539 997 simum
563 957 740 1010 praeter
759 953 922 1003 Titum,
942 952 980 996 si
1008 953 1164 1010 placet,
1184 952 1376 996 attende.
1437 952 1557 995 Dum
1581 952 1853 996 inuitaretur

378 1022 435 1064 ad
465 1023 763 1073 homicidium,
792 1023 934 1080 petito
967 1022 1112 1079 capite
1147 1021 1205 1065 ad
1239 1022 1464 1073 sacrificia,
1493 1022 1666 1066 censuit
1699 1037 1852 1080 cepam

332 1098 361 1138 d
378 1106 471 1135 esse
502 1092 782 1144 caedendam,
810 1092 1039 1135 reflectens
1069 1091 1127 1134 ad
1155 1091 1454 1135 innocentiam
1484 1092 1619 1134 etiam
1653 1091 1850 1149 peruersi

378 1162 574 1204 numinis
623 1161 914 1205 uoluntatem.
993 1161 1057 1204 At
1103 1175 1205 1204 cum
1248 1167 1258 1184 ‘
1271 1161 1463 1204 hominis
1476 1161 1486 1177 '
1525 1160 1774 1204 adiceretur
1823 1175 1851 1204 a

377 1231 571 1282 numine,
602 1231 784 1288 capillos
824 1246 870 1274 se
901 1231 1125 1288 pollicitus
1159 1233 1227 1274 est
1261 1230 1526 1274 oblaturum.
1600 1229 1714 1274 Cum
1743 1245 1851 1275 uero
1871 1245 1911 1279 15

377 1300 562 1356 spiritus
605 1301 861 1344 immundus
904 1301 1052 1344 sitiret
1091 1303 1136 1344 et
1174 1300 1448 1358 sanguinem,
1487 1300 1651 1357 piscem
1694 1300 1849 1344 immo·

377 1369 561 1412 landum
588 1385 680 1413 esse
704 1370 943 1428 respondit.
1003 1370 1077 1413 Sic
1106 1370 1256 1427 itaque
1279 1384 1380 1413 cum
1403 1370 1519 1412 ratio
1546 1370 1640 1412 eius
1665 1369 1849 1413 circum-

377 1439 522 1482 ueniri
553 1454 642 1482 non
671 1442 821 1497 posset
850 1442 903 1482 ut
931 1440 1186 1482 traheretur
1214 1439 1271 1481 ad
1300 1438 1487 1496 culpam,
1519 1438 1850 1482 immundorum

377 1509 617 1566 spirituum
656 1509 911 1553 testimonio
948 1508 1165 1566 colloquio
1203 1508 1386 1551 deorum
1425 1508 1742 1566 pronuntiatus
1781 1511 1850 1552 est

377 1593 470 1622 esse
500 1579 797 1636 dignissimus.
867 1579 960 1622 Nec
989 1581 1056 1621 est
1086 1577 1203 1635 quod
1231 1578 1315 1620 sub
1345 1578 1687 1621 exorcismorum
1722 1592 1848 1635 prae·
1867 1593 1912 1618 20
1981 1587 1986 1592 ·

377 1651 508 1691 textu
547 1663 677 1692 suum
718 1648 818 1706 quis
864 1650 1046 1691 tueatur
1090 1662 1294 1697 errorem,
1334 1647 1410 1704 qui
1459 1646 1515 1690 ad
1562 1647 1849 1691 minuendam

377 1717 614 1760 demonum
658 1720 923 1775 potestatem
963 1720 1009 1760 et
1051 1716 1108 1759 ad
1148 1716 1485 1760 distrahendum
1525 1717 1644 1773 quod
1683 1718 1851 1762 habent

375 1801 475 1830 cum
526 1787 704 1830 homine
753 1786 1074 1829 familiaritatis
1122 1786 1431 1829 commercium
1482 1786 1680 1830 instituti
1731 1790 1849 1839 sunt,

375 1859 614 1912 carentque
660 1856 865 1913 propriae
908 1855 1092 1898 uirtutis
1142 1856 1299 1899 effectu
1345 1856 1431 1898 nisi
1482 1856 1531 1898 in
1575 1856 1660 1900 Dei
1707 1857 1850 1915 digito

375 1925 695 1968 conualescant.
762 1924 897 1968 Porro
940 1924 1135 1981 Spiritus
1175 1927 1353 1968 sanctus
1394 1924 1652 1982 disciplinae
1691 1926 1849 1985 effugit
1867 1939 1909 1975 σε

232 2008 312 2050 472
332 2009 362 2039 a
377 1994 542 2045 fictum,
572 1997 618 2037 et
648 2008 806 2051 corpus
841 1994 1030 2051 peccatis
1061 1994 1288 2037 subditum
1319 1995 1388 2037 sui
1419 2009 1512 2038 esse
1544 1995 1848 2039 habitaculum

377 2063 657 2121 dedignatur.
731 2062 951 2119 Quicquid
992 2077 1098 2106 uero
1138 2063 1391 2106 huiusmodi
1430 2066 1604 2121 agatur,
1639 2064 1848 2108 fictitium

377 2136 444 2175 est
464 2136 509 2175 et
530 2131 859 2189 phantasticum
886 2135 931 2174 et
957 2132 1163 2175 ueritatis
1186 2132 1482 2175 substantiam
1507 2132 1656 2176 nescit.
1716 2133 1848 2177 Vide-

375 2205 452 2244 tur
473 2202 648 2258 quidem
670 2201 833 2251 adesse,
854 2201 959 2243 dum
989 2202 1191 2258 precibus
1212 2205 1257 2245 et
1281 2202 1579 2245 oblationibus
1604 2202 1848 2255 inuocatur,

375 2275 422 2313 et
471 2270 629 2314 effectu
679 2270 945 2327 petitionum
1001 2273 1292 2327 persequente
1340 2271 1602 2329 sacrilegum
1657 2273 1848 2317 errantis
1864 2283 1909 2318 30

374 2339 549 2383 animae
579 2339 845 2382 desiderium
876 2340 1157 2397 adimpletur.
1216 2340 1359 2384 Abest
1393 2344 1542 2383 autem
1577 2344 1670 2384 tam
1706 2342 1848 2401 longe,

377 2477 391 2504 1
423 2466 672 2514 phylosophie
689 2467 717 2504 C
825 2466 1016 2514 principes
1034 2466 1100 2503 SM
1278 2477 1324 2513 24
1349 2467 1472 2516 digito
1489 2467 1552 2506 dei
1570 2468 1609 2505 Μ
1799 2470 1848 2508 28

376 2514 620 2551 fantasticum
640 2516 670 2550 Α

426 2644 437 2670 1
470 2635 681 2679 Pitaqoraa:
708 2647 741 2670 v.
760 2634 834 2672 Cic.
851 2637 894 2670 de
912 2636 992 2672 Seu.
1009 2645 1057 2671 20
1075 2634 1092 2682 ξ
1113 2644 1171 2682 73.
1354 2637 1544 2674 plotinus:
1571 2649 1602 2673 v.
1621 2637 1785 2676 Macrob.
1805 2639 1847 2674 in

373 2683 493 2717 somn.
510 2685 605 2727 Scip.
625 2681 648 2718 i.
673 2692 712 2727 ¹3
733 2682 750 2728 ξ
771 2693 803 2728 9.
949 2685 972 2719 6
1000 2684 1132 2719 militia
1150 2685 1222 2720 ctc.
1240 2696 1248 2720 t
1275 2682 1341 2720 Iob
1359 2684 1420 2720 vii.
1444 2695 1472 2721 ι.
1621 2696 1663 2721 10
1687 2687 1846 2722 Numam

375 2732 468 2823 ftcgz
495 2741 525 2765 v.
545 2729 649 2766 Ovid.
667 2729 766 2767 Face.
784 2729 839 2767 iii.
858 2740 927 2777 339
938 2743 1038 2777 seqq.
1224 2740 1267 2778 25
1295 2733 1456 2778 Spiritus
1471 2738 1619 2769 sanctus
1635 2734 1732 2770 eta:
1758 2733 1845 2781 Sap.

487 2846 551 2881 160
