1994 3190
141 193 242 227 σΑΡ.
257 179 430 241 xxvm]
663 177 1102 224 POLICRATICVS
1190 173 1192 176 ’
1618 187 1698 231 472
1716 191 1746 221 a

139 304 192 345 ut
224 302 451 345 subtracta
483 300 626 344 tutela
657 300 726 344 sui
758 315 843 351 eos,
877 315 986 358 quos
1015 301 1201 357 perfidia
1230 303 1360 345 tanta
1393 302 1604 359 exagitat,

139 370 276 414 uariis
305 371 678 414 ludificationibus
706 371 942 414 demonum
971 371 1091 413 trahi
1116 371 1334 414 sustineat
1358 371 1415 414 ad
1441 372 1603 428 gehen-

137 453 252 483 nam.
274 443 277 447 '
312 439 370 483 Se
389 439 605 496 siquidem
625 439 682 482 ad
702 439 954 482 huiusmodi
975 440 1147 496 flagitia
1166 440 1395 496 prohibuit
1419 440 1603 483 inuitari

136 507 313 565 publica
350 522 456 552 uoce
496 508 724 559 Ecclesiae,
753 508 967 551 aduersus
999 522 1132 564 quam
1168 522 1246 550 nec
1282 511 1436 564 portae
1468 508 1602 551 inferi

101 591 120 628 ⁵
136 577 466 634 praeualebunt.
525 577 639 621 Cum
666 592 771 634 ergo
800 577 941 621 sancti
969 576 1164 634 Spiritus
1190 577 1337 634 gratia
1361 578 1604 621 auctoritas

136 645 353 690 Ecclesiae
387 647 647 704 improbatis
681 647 961 690 subtrahitur
999 646 1264 696 exorcismis,
1300 646 1376 702 qui
1416 646 1478 688 eis
1513 661 1602 690 non

135 717 228 759 tam
258 718 449 759 utuntur
477 730 610 772 quam
640 716 899 766 abutuntur,
920 715 1151 759 offendunt
1180 715 1228 758 in
1258 715 1489 772 Spiritum,
1515 730 1602 772 quo

134 784 363 828 recedente
383 784 477 828 eius
495 785 580 828 sibi
601 785 809 829 nituntur
835 786 1050 829 uirtutem
1071 787 1117 828 et
1143 784 1378 828 efficaciam
1399 785 1599 828 retinere.
1619 786 1647 823 b

135 915 242 975 Cap.
275 917 339 960 28.
398 917 463 960 Dc
485 917 763 974 speculariis,
791 920 829 960 et
856 916 977 974 quod
1003 915 1206 972 maligni
1233 915 1429 972 spiritus
1456 916 1599 958 inter-

78 1008 119 1034 ιο
248 986 366 1030 dwm
394 985 571 1042 futura
611 991 913 1042 praenoscunt
957 990 995 1030 et
1039 985 1286 1030 subtilitate
1325 988 1522 1028 ‘naturae
1562 989 1600 1028 et

247 1055 383 1112 lo‘nya
409 1055 684 1112 emperie‘ntia
709 1055 920 1112 temporis
945 1059 983 1100 et
1014 1055 1287 1099 reuelatioue
1312 1053 1601 1111 superiorum

242 1127 528 1182 potestatum,
561 1128 601 1169 et
635 1126 754 1182 quod
785 1141 911 1182 saepe
943 1125 1180 1181 dedpiunt
1213 1128 1298 1168 aut
1337 1124 1602 1180 decipientes

248 1197 331 1238 aut
359 1194 539 1252 decepti,
569 1198 607 1239 et
637 1195 756 1252 quod
785 1195 1057 1253 specularios
1083 1195 1210 1238 ‘mala
1238 1194 1510 1238 indubitata
1540 1207 1600 1236 se·

247 1267 474 1320 qwautur.

78 1375 117 1410 1⁵
191 1354 377 1400 Frustra
417 1356 501 1399 sibi
541 1356 774 1414 specularii
821 1357 1125 1407 blandiuntur,
1166 1356 1284 1414 quod
1330 1356 1467 1400 nichil
1517 1356 1598 1398 im-

132 1424 311 1478 molant,
331 1426 443 1469 nulli
473 1429 644 1478 nocent,
667 1427 842 1484 saepius
866 1430 1052 1484 prosunt
1078 1427 1185 1470 dum
1218 1426 1341 1469 furta
1371 1426 1598 1482 detegunt,

131 1494 356 1538 maleficiis
375 1498 571 1552 purgant
593 1495 756 1548 orbem,
777 1498 822 1539 et
848 1496 986 1540 solam
1016 1496 1171 1540 utilem
1202 1498 1282 1538 aut
1308 1495 1597 1538 necessariam

132 1567 349 1622 appetunt
379 1566 628 1610 ueritatem.
693 1566 797 1609 Non
833 1567 894 1610 sic
930 1567 1067 1624 impii,
1107 1581 1197 1610 non
1236 1566 1308 1610 sic.
1380 1565 1467 1619 Qui
1508 1579 1598 1608 non

131 1633 310 1692 colligit,
338 1635 496 1692 inquit,
526 1650 708 1686 mecum,
738 1636 976 1693 dispergit3
1016 1639 1061 1679 et
1090 1637 1165 1693 qui
1197 1651 1286 1678 non
1316 1638 1384 1679 est
1414 1650 1598 1686 mecum,

75 1719 118 1744 πο
133 1706 286 1747 contra
319 1719 389 1747 me
423 1707 502 1749 est.
572 1705 691 1747 Dum
726 1706 834 1748 haec
866 1705 1057 1748 Domino
1092 1705 1354 1762 prohibente
1389 1707 1596 1748 exercent

132 1771 269 1830 impii,
287 1773 393 1830 quid
414 1773 535 1816 aliud
557 1773 729 1817 faciunt
754 1789 886 1831 quam
916 1775 1169 1818 calcaneum
1196 1775 1363 1832 erigere
1382 1775 1595 1817 aduersus
1615 1786 1638 1815 c

130 1841 466 1898 prohibentem'l
525 1842 656 1886 Certe
685 1843 818 1886 nimis
849 1846 916 1887 est
946 1844 1063 1901 quod
1098 1844 1310 1894 immolat,
1345 1844 1422 1900 qui
1457 1844 1595 1886 eiecto

131 1908 303 1967 Spiritu
332 1914 483 1954 sancto
512 1911 743 1955 idolatriae
774 1916 966 1956 mentem
996 1914 1239 1971 prostituit.
1299 1913 1499 1955 Nimium
1528 1916 1596 1955 est

131 1979 248 2036 quod
286 1979 497 2030 immolat,
530 1981 607 2037 qui
646 1981 839 2038 pollutas
874 1997 1003 2026 aures
1042 1983 1345 2026 demoniorum
1385 1982 1595 2025 sollicitat

13 2060 18 2067 ·
74 2061 116 2097 25
131 2061 236 2091 uoce
265 2048 455 2092 Domino
483 2054 746 2094 consecrata.
806 2051 1006 2094 Nimium
1037 2055 1104 2095 est
1134 2052 1250 2108 quod
1281 2051 1493 2100 immolat,
1518 2051 1594 2107 qui

129 2120 299 2160 motum
339 2119 532 2176 corporis
575 2121 874 2164 accommodat
917 2122 974 2164 ad
1014 2122 1274 2165 detestabile
1314 2121 1593 2178 sacrilegium

129 2187 437 2244 peragendum.
499 2188 616 2241 Quid
643 2189 830 2233 retinuit
853 2191 1051 2244 creatori,
1072 2191 1148 2248 qui
1174 2193 1367 2233 mentem
1394 2190 1593 2247 linguam

129 2268 286 2312 corpus
306 2256 563 2300 demonibus
583 2258 777 2302 obtulit'l
835 2259 908 2302 An
933 2275 1023 2303 non
1043 2260 1224 2303 ueritati
1246 2259 1352 2303 fecit
1372 2259 1593 2308 iniuriam,

130 2323 207 2380 qui
254 2324 555 2382 integritatem
598 2327 692 2370 eius
742 2327 789 2370 in
838 2331 967 2372 tanta
1010 2329 1291 2386 corruptione
1340 2328 1594 2385 quaesiuit?

71 2403 115 2437 30
130 2390 264 2435 Plane
285 2408 412 2436 nemo
430 2394 478 2436 in
497 2395 662 2438 talibus
688 2410 767 2453 per
790 2397 1089 2455 ignorantiam
1119 2401 1370 2441 excusatur.
1428 2397 1592 2440 Omnes

133 2518 151 2558 5
174 2511 340 2558 Spiritus
355 2513 478 2549 sancti
496 2513 535 2548 M
741 2525 782 2552 12
806 2515 994 2552 uirtutum
1020 2518 1060 2552 et
1085 2518 1319 2562 potestatum
1341 2515 1364 2551 S
1387 2517 1430 2551 in
1454 2528 1482 2551 r.
1501 2528 1528 2551 c.
1548 2528 1588 2561 p.

129 2559 361 2604 decipientes
376 2562 462 2597 sunt
481 2560 505 2597 S
521 2562 562 2596 in
577 2573 608 2597 r.
626 2574 652 2598 c.
666 2573 705 2608 p.
851 2574 892 2609 13
917 2563 1178 2600 indubitanter
1196 2563 1220 2600 S
1236 2565 1276 2599 in
1295 2577 1324 2599 r.
1343 2576 1370 2599 c.
1384 2575 1423 2608 p.
1543 2564 1589 2599 28

128 2605 273 2653 optulit
287 2605 321 2642 A

175 2726 199 2761 4
223 2718 396 2752 aduersus
411 2727 518 2760 quam
535 2716 607 2752 etc.
622 2728 631 2752 ε
656 2728 688 2753 v.
706 2715 816 2753 Matt.
834 2716 908 2755 xvi.
930 2719 982 2755 18.
1175 2720 1216 2755 18
1242 2720 1324 2755 Non
1340 2721 1392 2755 sic
1408 2721 1479 2755 etc.
1495 2731 1502 2754 :
1530 2718 1588 2756 Ps.

129 2762 154 2799 i.
173 2774 206 2808 4.
327 2762 397 2804 Qui
412 2773 486 2798 non
502 2764 595 2800 etc-2
622 2762 733 2800 Matt.
749 2764 816 2800 xii.
834 2775 890 2810 30.
1058 2775 1099 2802 21
1129 2769 1337 2802 calcaneum
1357 2768 1490 2812 eri-uere
1506 2779 1512 2802 :
1540 2766 1587 2802 cf.

129 2810 232 2848 Ioan.
249 2809 328 2848 xiii.
350 2809 400 2844 18.

195 2882 276 2901 wass
838 2888 868 2916 Y
955 2917 960 2923 Ι
1413 2893 1426 2916 1
1433 2883 1453 2915 6
1460 2893 1472 2916 1
