1994 3190
211 206 296 246 539
312 195 345 257 *d
690 191 950 237 IOANNIS
990 189 1504 236 SARESBERIENSIS
1566 146 1576 158 ο
1668 185 1779 249 [Lm.
1794 199 1825 231 v

359 316 594 359 auctorem.
665 313 876 372 Alioquin
904 315 1180 371 praesentem
1208 311 1440 371 epistolam
1468 313 1629 354 testem
1657 310 1828 360 inuoco,

360 384 465 441 quia
484 385 532 426 in
551 384 789 442 perniciem
808 383 982 442 imperii
1002 397 1092 428 non
1110 381 1259 440 pergis
1278 384 1457 425 auctore
1482 381 1700 424 Plutarco.

209 516 294 557 540
313 516 344 545 a
361 495 467 553 Cap.
500 509 538 540 2.
588 495 711 549 Quid
739 510 809 539 ‘res
842 494 1030 552 publica
1058 495 1304 538 secundum
1333 494 1623 544 Plutarcum,
1642 497 1682 537 et
1711 492 1828 550 quid

494 564 643 608 uicem
663 564 850 608 animae
867 565 920 608 i'n
943 565 1046 621 ipsa
1066 564 1261 609 obtineat
1281 568 1365 609 aut
1383 563 1699 608 membrorum.

420 645 679 702 Sequuntur
717 645 912 688 eiusdem
950 644 1155 702 politicae
1189 644 1518 688 constitutionis
1553 644 1748 701 capitula
1779 644 1828 686 in
1846 659 1866 694 5

360 714 509 758 libello
540 714 617 770 qui
660 714 918 757 inscribitur
957 714 1192 757 Institutio
1227 713 1418 765 Traiani,
1448 728 1561 770 quae
1590 728 1670 770 pro
1700 716 1828 770 parte

359 783 582 841 praesenti
616 783 825 840 opusculo
859 783 1013 826 curaui
1047 783 1250 833 inserere,
1280 782 1346 825 ita
1381 785 1531 825 tamen
1565 784 1618 824 ut
1653 784 1827 825 senten-

359 854 526 896 tiarum
565 853 756 910 uestigia
790 852 939 909 potius
977 852 1179 895 imitarer
1218 866 1351 908 quam
1386 865 1542 908 passus
1576 851 1827 894 uerborum.

360 923 441 966 Est
470 937 574 980 ergo
604 922 796 979 primum
826 922 1024 965 omnium
1055 924 1108 964 ut
1136 921 1340 978 princeps
1369 935 1415 964 se
1442 923 1589 964 totum
1615 920 1829 964 metiatur

358 996 405 1036 et
443 992 550 1049 quid
590 991 637 1034 in
669 994 764 1034 toto
800 1004 979 1047 corpore
1014 990 1078 1033 rei
1113 989 1327 1047 publicae,
1347 989 1472 1033 cuius
1503 989 1600 1032 uice
1635 988 1826 1041 fruatur,
1847 1001 1890 1027 ιο

358 1061 596 1118 diligenter
615 1060 833 1103 aduertat.
894 1059 977 1101 Est
1004 1061 1154 1101 autem
1175 1073 1245 1101 res
1271 1058 1460 1115 publica,
1479 1058 1595 1102 sicut
1622 1058 1828 1102 Plutarco

359 1131 514 1188 placet,
553 1144 712 1187 corpus
751 1128 973 1185 quoddam
1023 1126 1141 1184 quod
1190 1127 1333 1170 diuini
1382 1128 1578 1171 muneris
1618 1127 1829 1172 beneficio

359 1199 586 1242 animatur
624 1201 670 1241 et
708 1211 905 1241 summae
948 1196 1187 1253 aequitatis
1231 1196 1382 1254 agitur
1419 1199 1535 1240 nutu
1573 1199 1619 1240 et
1658 1197 1830 1254 regitur

361 1268 551 1325 quodam
602 1267 900 1310 moderamine
951 1266 1150 1310 rationis.
1228 1265 1294 1308 Ea
1342 1279 1448 1309 uero
1498 1281 1610 1324 quae
1658 1266 1829 1310 cultum

313 1339 343 1377 b
363 1337 587 1395 religionis
627 1337 674 1379 in
713 1337 841 1379 nobis
880 1335 1126 1378 instituunt
1165 1338 1211 1378 et
1250 1334 1496 1378 informant
1535 1339 1581 1379 et
1629 1336 1714 1379 Dei
1757 1337 1829 1392 (ne
1849 1350 1889 1384 15

361 1406 601 1450 secundum
638 1406 892 1448 Plutarcum
927 1405 1110 1448 deorum
1142 1404 1304 1462 dicam)
1338 1404 1598 1448 cerimonias
1632 1405 1830 1457 tradunt,

363 1476 503 1519 uicem
524 1475 697 1518 animae
717 1475 764 1518 in
789 1489 969 1532 corpore
995 1474 1059 1517 rei
1086 1473 1287 1531 publicae
1307 1473 1523 1517 obtinent.
1584 1475 1690 1518 Illos
1711 1490 1830 1527 uero,

363 1545 439 1602 qui
488 1544 714 1602 religionis
762 1545 901 1587 cultui
949 1546 1173 1601 praesunt,
1218 1543 1343 1600 quasi
1393 1543 1587 1588 animam
1635 1545 1831 1602 corporis

362 1613 581 1671 suspicere
631 1616 676 1656 et
725 1612 927 1656 uenerari
977 1615 1161 1670 oportet.
1251 1611 1362 1665 Quis
1411 1612 1528 1655 enim
1577 1614 1829 1658 sanctitatis

362 1683 588 1726 ministros
620 1682 703 1725 Dei
736 1682 875 1739 ipsius
910 1682 1098 1725 uicarios
1130 1695 1222 1724 esse
1253 1681 1476 1739 ambigit?
1535 1682 1680 1734 Porro,
1712 1683 1829 1729 sicut
1849 1695 1894 1721 20

362 1753 512 1795 anima
541 1752 681 1795 totius
710 1751 846 1794 habet
875 1751 1069 1808 corporis
1101 1750 1412 1808 principatum,
1443 1751 1509 1794 ita
1538 1754 1584 1795 et
1613 1752 1690 1804 hii,
1719 1768 1830 1811 quos

363 1822 438 1864 ille
459 1821 684 1877 religionis
711 1820 956 1878 praefectos
983 1824 1125 1871 uocat,
1146 1821 1230 1863 toti
1257 1820 1428 1877 corpori
1455 1825 1679 1878 praesunt.
1739 1824 1831 1867 Au-

364 1894 523 1948 gustus
543 1890 679 1934 Cesar
699 1905 749 1933 eo
774 1904 912 1947 usque
939 1904 1162 1933 sacrorum
1191 1890 1472 1946 pontificibus
1492 1891 1715 1936 subiectus
1742 1892 1833 1936 fuit

366 1961 502 2004 donec
530 1963 575 2002 et
602 1959 707 2016 ipse,
727 1974 782 2002 ne
811 1959 881 2002 cui
908 1959 1087 2002 omnino
1117 1959 1326 2010 subesset,
1347 1959 1539 2004 Vestalis
1565 1964 1739 2006 creatus
1762 1965 1831 2007 est

367 2028 571 2088 pontifex
591 2032 636 2071 et
657 2027 789 2085 paulo
813 2031 913 2085 post
940 2027 997 2070 ad
1022 2027 1125 2071 deos
1146 2028 1311 2071 relatus
1332 2030 1399 2072 est
1419 2029 1562 2076 uiuus.
1622 2030 1830 2089 Princeps
1849 2039 1892 2076 ’ὃ

366 2100 909 2163 ffircho
928 2114 966 2149 M
1179 2124 1199 2160 3
1227 2114 1473 2161 plutarchum
1501 2114 1557 2151 Bs
1586 2117 1625 2151 in
1643 2128 1673 2151 r.
1690 2129 1716 2154 c.
1730 2129 1773 2163 p.
1791 2116 1832 2153 M

368 2175 391 2208 ⁴
417 2163 590 2210 optineat
607 2163 638 2197 A
781 2172 821 2197 21
851 2160 1017 2207 corporis
1034 2160 1150 2198 habet
1166 2161 1199 2197 A
1341 2172 1361 2199 2
1367 2171 1384 2209 5
1414 2162 1518 2209 deos]
1536 2174 1602 2199 eos
1616 2162 1690 2199 AM

421 2244 456 2270 11
487 2234 553 2269 Est
569 2237 688 2268 atatem
704 2233 918 2278 respublica
936 2232 1031 2267 etc.:
1063 2231 1110 2267 cf.
1130 2231 1332 2268 Abaelard.
1350 2233 1448 2278 Epic.
1469 2233 1585 2268 Thool.
1608 2234 1836 2270 Christianae

369 2293 403 2318 c.
421 2291 467 2326 29
485 2280 557 2321 (ed.
585 2278 720 2316 Cousin
745 2278 784 2315 ii.
812 2280 893 2325 578)
927 2280 1024 2314 Vnde
1049 2284 1080 2314 et
1105 2280 1296 2325 Apostolus
1319 2280 1517 2315 Ecclesiam
1536 2283 1640 2326 quasi
1655 2283 1835 2327 quoddam

370 2331 515 2365 animae
543 2329 707 2363 describit
731 2327 864 2362 habens
895 2331 1002 2372 capue
1028 2338 1144 2369 suum,
1179 2328 1299 2372 ipsum
1331 2328 1460 2363 scilicet
1493 2328 1686 2370 C'hm'ntum,
1719 2329 1837 2365 oculos

370 2377 553 2422 spiritales
578 2376 759 2420 praelatos
782 2375 845 2421 qui
871 2375 958 2409 aliis
976 2375 1195 2419 praesident,
1222 2386 1353 2409 manus
1380 2376 1474 2420 ipsos
1496 2380 1706 2420 opemtores,
1726 2378 1837 2422 pedes

370 2426 467 2470 ipsos
497 2425 653 2458 minores
687 2423 750 2469 qui
781 2423 830 2457 ad
865 2432 993 2467 corpus
1029 2423 1247 2467 por-tandum
1279 2422 1470 2458 necessarii
1505 2428 1599 2458 eunt.
1795 2432 1836 2469 17

372 2473 485 2507 uicem
514 2472 660 2506 animae
689 2471 790 2506 etc.:
828 2467 873 2504 cf.
906 2468 1008 2504 lvon.
1035 2468 1188 2505 Carnot.
1217 2469 1287 2514 Ep.
1315 2468 1382 2504 cvi.
1411 2468 1559 2515 (Migne
1597 2470 1638 2506 P.
1656 2470 1700 2507 L.
1730 2469 1835 2508 clxii.

378 2529 417 2555 12
423 2522 470 2564 5).
488 2523 664 2564 quantum
682 2518 776 2552 uam
793 2527 921 2563 corpus
937 2517 1011 2551 κίεν·
1028 2522 1172 2560 reflatur
1190 2517 1234 2550 ab
1257 2518 1395 2560 anima,
1413 2521 1554 2552 tantum
1579 2518 1675 2553 ualet
1694 2523 1838 2555 terrena

372 2570 527 2612 potestas
552 2567 626 2600 nini
653 2565 870 2647 {affirmetur
900 2568 931 2598 ee
963 2568 1111 2608 θυραίαν
1135 2564 1366 2599 ecclesiastica
1395 2565 1607 2610 disciplfflm
1643 2577 1675 2600 v.
1701 2563 1837 2602 Gierke

377 2615 454 2649 Das
479 2613 642 2647 deutsche
703 2610 1078 2655 enoasenechaflsroeche
1103 2609 1159 2647 iii.
1184 2622 1245 2664 pp.
1275 2620 1350 2653 112.
1379 2612 1455 2657 526,
1485 2621 1564 2658 547.
1707 2622 1765 2658 24,
1793 2620 1836 2660 25

382 2661 531 2695 Vestalis
553 2661 739 2705 pontufex:
767 2657 804 2694 id
821 2660 887 2700 cst.
905 2657 1079 2704 pontifex
1096 2669 1301 2694 maximus:
1328 2658 1374 2694 cf.
1395 2658 1459 2695 Ov.
1477 2659 1575 2695 Faet.
1595 2658 1649 2695 iii.
1667 2659 1750 2706 698,
1767 2660 1839 2706 699

375 2707 420 2742 de
441 2706 535 2742 Iulio
553 2707 707 2743 caenare
729 2707 817 2742 Cum
842 2707 893 2741 εἰσ
917 2718 940 2740 a
965 2706 1071 2740 cantia
1094 2706 1194 2741 Vesta
1220 2707 1338 2741 locuta
1354 2707 1472 2751 socia.-
1498 2707 1551 2742 Ne
1575 2706 1701 2742 dubita
1721 2708 1839 2743 memi—

376 2757 471 2789 m'm
483 2753 497 2789 Ι
515 2756 697 2799 meunsuu't
712 2755 771 2789 ille
783 2754 965 2794 mention
988 2751 1077 2788 ibid.
1091 2764 1121 2788 v.
1136 2761 1212 2799 573,
1228 2761 1294 2799 574
1308 2752 1353 2788 de
1368 2753 1497 2789 eodem
1512 2752 1646 2790 dixisse
1660 2755 1839 2791 narratur

376 2801 566 2846 Auguutun
584 2803 624 2836 Su·
643 2802 731 2836 mihi
748 2801 904 2836 bellandi
923 2805 1030 2846 pater
1051 2804 1100 2835 ese
1127 2800 1245 2835 Vestae
1270 2812 1311 2835 uu
1332 2802 1494 2837 sacerdos
1511 2803 1657 2838 Auctor.
1709 2800 1838 2847 Neque

378 2852 434 2885 cut
452 2848 499 2884 ab
517 2848 587 2884 huc
607 2860 646 2885 rc
665 2848 812 2885 alicnus
829 2846 894 2884 ille
913 2859 1035 2885 vernus
1053 2846 1201 2883 Horatii
1222 2850 1234 2895 (
1268 2859 1360 2884 arm.
1376 2846 1429 2884 iii.
1450 2858 1508 2895 30.
1525 2850 1558 2894 8,
1571 2849 1609 2895 9)
1628 2850 1715 2885 dum
1736 2850 1840 2896 Capi-

490 2903 554 2936 282
