1994 3190
262 189 341 239 41'6
358 189 388 230 d
732 185 991 232 IOANNIS
1029 184 1541 230 SARESBERIENSIS
1698 182 1806 244 [Lm.
1822 194 1863 227 11

500 375 609 434 Cap.
637 389 678 421 2.
729 377 836 421 Non
865 376 1242 433 contmnpnendas
1271 391 1355 420 esse
1385 375 1576 419 mnino
1605 389 1763 419 ‘rerum

787 446 1088 490 mturalivsm
1115 445 1475 502 siymsficationes.

461 552 565 596 Non
595 556 757 603 tamen,
786 553 890 596 licet
928 553 1076 596 omina
1115 568 1232 596 uana
1271 568 1375 604 esse,
1409 553 1627 610 fidemque
1667 552 1868 610 auguriis

402 637 596 665 asseram
619 637 709 666 non
738 623 998 673 habendam,
1019 622 1118 666 ideo
1143 623 1381 680 signorum,
1402 637 1514 679 quae
1534 638 1562 665 a
1581 622 1868 679 dispositione

402 691 558 734 diuina
590 691 648 735 ad
682 692 967 735 erudiendam
1001 695 1250 735 creaturam
1281 706 1483 735 concessa
1514 694 1630 742 sunt,
1656 691 1788 734 fidem
1823 693 1869 734 et
1887 705 1907 740 5

405 759 603 804 fructum
637 775 813 804 euacuo.
874 761 1162 818 Multipharie
1201 761 1419 818 siquidem
1453 761 1693 817 multisque
1726 760 1870 803 modis

267 845 339 885 417
358 847 390 877 a
405 845 532 874 suam
561 830 682 874 Deus
705 830 890 873 instruit
914 834 1175 880 creaturam,
1195 834 1241 873 et
1265 845 1383 874 nunc
1406 830 1723 873 elementorum
1749 829 1868 873 uoci-

406 900 489 943 bus
508 914 626 943 nunc
645 899 918 942 sensibilium
940 903 1019 942 aut
1034 899 1356 942 insensibilium
1372 914 1520 942 rerum
1535 899 1721 950 indiciis,
1735 901 1870 956 prout
1902 943 1906 946 ,

405 968 555 1012 electis
594 969 770 1011 nouerit
809 969 1027 1025 expedire,
1062 983 1174 1025 quae
1214 971 1404 1011 uentura
1443 971 1549 1011 sunt
1597 967 1869 1011 manifestat.

406 1037 600 1081 Futuras
625 1037 775 1094 itaque
800 1040 1085 1094 tempestates
1110 1040 1190 1080 aut
1216 1038 1476 1080 serenitates
1502 1038 1630 1095 signa
1654 1037 1870 1094 quaedam
1890 1052 1930 1076 10

406 1107 712 1150 antecedentia
731 1107 1093 1164 praeloquuntur,
1114 1110 1166 1149 ut
1185 1107 1328 1159 homo,
1349 1107 1425 1164 qui
1445 1107 1503 1150 ad
1523 1107 1717 1150 laborem
1737 1109 1871 1150 natus

405 1178 484 1226 est,
505 1190 562 1218 ex
588 1176 658 1218 his
682 1175 821 1233 possit
847 1176 1058 1219 exercitia
1084 1191 1165 1219 sua
1190 1179 1448 1233 temperare.
1509 1176 1627 1220 Hinc
1653 1176 1871 1234 agricolae

405 1245 509 1288 hinc
529 1248 691 1287 nautae
712 1244 1007 1287 familiaribus
1027 1245 1291 1302 quibusdam
1312 1245 1626 1302 experimentis
1649 1246 1756 1302 quid
1784 1260 1872 1303 quo

405 1318 602 1371 tempore
621 1315 716 1371 geri
735 1317 938 1371 oporteat
960 1315 1187 1372 colligunt,
1208 1315 1470 1372 qualitatem
1490 1316 1700 1373 temporis
1727 1315 1871 1358 futuri

407 1398 462 1426 ex
493 1398 543 1426 eo
573 1384 690 1440 quod
719 1383 950 1441 praeteriit
979 1384 1223 1428 metientes.
1282 1384 1338 1427 In
1369 1399 1457 1441 qua
1486 1399 1534 1427 re
1565 1400 1645 1428 nec
1671 1400 1788 1436 aues,
1815 1385 1870 1428 de
1891 1399 1931 1434 ¹5

407 1453 569 1509 quibus
589 1467 731 1495 sermo
750 1453 998 1510 praecessit,
1018 1454 1216 1510 parentis
1235 1456 1422 1497 naturae
1448 1454 1658 1497 beneficio
1679 1455 1872 1498 arbitror

407 1522 658 1565 destitutas.
738 1522 928 1580 Mergus,
959 1523 1113 1575 alcion,
1143 1523 1298 1580 cignus
1338 1524 1530 1566 archana
1561 1527 1748 1567 naturae
1782 1523 1871 1567 fre-

408 1595 596 1648 quenter
642 1591 861 1648 aperiunt.
946 1591 1060 1636 Cum
1099 1593 1263 1635 etenim
1309 1593 1424 1636 circa
1466 1593 1661 1636 medium
1700 1593 1874 1650 hyemis

365 1666 392 1705 b
410 1660 600 1703 alciones
625 1660 850 1704 nidificare
871 1676 1042 1718 ouaque
1064 1660 1214 1704 fouere
1235 1662 1525 1719 conspexeris,
1541 1662 1595 1705 de
1622 1662 1872 1719 quindecim
1949 1669 1951 1672 ’

409 1730 581 1773 dierum
619 1730 873 1787 gratissima
916 1731 1154 1774 serenitate
1193 1746 1248 1774 ne
1288 1731 1476 1782 dubites,
1515 1747 1673 1789 eosque
1708 1736 1872 1777 nautae
1891 1745 1935 1770 ²0

407 1799 551 1843 solent
591 1799 849 1857 diligentius
889 1800 1136 1851 obseruare,
1169 1801 1464 1858 dicunturque
1503 1801 1597 1845 dies
1628 1801 1874 1854 alcionitae‚

409 1869 571 1925 quibus
590 1868 669 1911 uix
689 1869 760 1911 uel
781 1869 927 1912 tenuis
947 1871 1081 1913 flatus
1096 1885 1205 1913 aura
1220 1870 1422 1914 sentitur.
1483 1870 1578 1914 Hos
1597 1871 1654 1914 ad
1674 1886 1872 1928 procrea-

409 1938 575 1981 tionem
606 1937 828 1995 pullorum
858 1953 1037 1982 suorum
1062 1939 1147 1982 sibi
1174 1955 1201 1982 a
1227 1943 1389 1983 natura
1413 1955 1635 1984 concessos
1655 1941 1873 1984 uerisimi-

412 2007 514 2050 liter
542 2006 802 2064 opinaberis.
862 2007 975 2052 Cum
1011 2024 1116 2052 uero
1150 2009 1399 2052 fluuialium
1430 2010 1583 2052 auium
1611 2024 1794 2067 corpora
1826 2010 1874 2053 in

411 2076 538 2133 aquis
581 2076 756 2119 auidius
803 2077 940 2134 mergi
991 2078 1242 2135 conspicies,
1282 2078 1444 2122 imbres
1490 2081 1684 2136 expecta.
1759 2078 1873 2124 Cum
1893 2093 1933 2128 ²5

411 2145 645 2189 clamorem
666 2146 851 2189 cornicis
871 2146 1023 2190 audies
1044 2148 1328 2200 matutinum,
1349 2148 1547 2205 pluuiam
1569 2148 1694 2205 petit.

588 2236 713 2280 Haut
743 2237 840 2280 ideo
868 2238 998 2281 credo
1027 2239 1132 2295 quia
1161 2240 1221 2283 sit
1250 2240 1446 2283 diuinius
1476 2240 1564 2282 illis

586 2294 824 2351 ingenium,
855 2300 934 2339 aut
964 2311 1110 2339 rerum
1142 2297 1237 2340 fato
1267 2298 1503 2355 prudentia
1532 2298 1683 2353 maior,

415 2425 429 2452 1
459 2414 863 2460 Concontempnendas
884 2415 921 2451 M
1079 2427 1115 2453 11
1144 2417 1413 2463 praelocuntur
1430 2418 1469 2454 M
1624 2429 1666 2456 12
1692 2419 1878 2458 exercicia

412 2473 479 2498 ma
497 2460 548 2497 B:
569 2461 750 2499 exet-ticin
766 2474 834 2500 sua
851 2462 882 2499 A
1041 2474 1081 2509 17
1108 2464 1255 2502 alcioue
1273 2464 1332 2501 CB
1491 2476 1533 2513 19
1558 2478 1604 2502 xv
1622 2466 1687 2503 SM
1831 2469 1877 2506 26

412 2508 575 2545 audieris
594 2509 631 2545 M

460 2619 484 2655 6
510 2618 749 2664 Multiphan’o
767 2620 861 2656 etc.:
888 2619 982 2656 Heb.
1000 2619 1024 2656 i.
1046 2629 1075 2656 1.
1218 2630 1254 2657 11
1284 2621 1386 2658 homo
1403 2624 1496 2659 etc:
1523 2622 1588 2658 Iob
1606 2635 1637 2660 v.
1681 2653 1688 2661 .
1836 2632 1876 2670 17

414 2665 580 2711 Nemus:
606 2677 636 2702 v.
655 2665 752 2702 Plin.
771 2667 819 2702 11.
838 2667 882 2703 N.
902 2666 1003 2703 xviii.
1021 2668 1077 2712 87.
1213 2670 1330 2704 alcion
1348 2681 1356 2705 ι
1384 2681 1414 2704 v.
1435 2669 1540 2706 Varr.
1559 2682 1618 2718 ap.
1671 2671 1732 2708 011.
1746 2670 1799 2707 iii.
1822 2681 1877 2717 10,

417 2711 511 2748 plin.
532 2713 578 2748 11.
600 2714 641 2748 N.
661 2712 698 2749 ii.
716 2722 771 2758 47.
791 2726 824 2750 x.
842 2723 899 2768 47,
918 2714 1019 2750 xviii.
1037 2716 1092 2756 62.
1113 2714 1176 2751 Ov.
1195 2716 1278 2751 Met.
1297 2716 1345 2751 xi.
1365 2725 1430 2763 745
1446 2728 1521 2764 seq.
1666 2719 1711 2756 26
1727 2720 1880 2756 cornices

414 2762 508 2796 ota:
539 2771 569 2795 v.
591 2759 699 2815 Ver-g:
719 2763 842 2807 Georq.
860 2773 883 2797 ι.
902 2764 983 2807 388,
1004 2761 1097 2798 Plin.
1116 2763 1162 2799 11.
1182 2765 1225 2798 Ν.
1246 2762 1347 2800 xviii.
1369 2765 1424 2809 87.
1593 2775 1636 2812 27
1663 2767 1765 2803 Haut
1783 2767 1877 2804 eta:

416 2807 524 2854 Verg.
546 2808 671 2854 θωνα.
689 2819 712 2846 ι.
729 2818 809 2856 415,
829 2810 911 2854 416.

524 2878 568 2912 68
