1994 3190
266 146 348 196 478
368 156 399 186 a

371 817 401 855 b

383 1658 408 1687 c

744 141 1004 187 IOANNIS
1044 141 1557 188 SARESBERIENSIS
1689 142 1798 204 [mn.
1816 155 1878 188 111

413 259 462 302 in
491 258 641 302 anima
664 258 878 316 angulum
901 258 974 302 uel
1000 260 1172 316 partem
1197 258 1328 303 dico?
1387 258 1588 302 Partium
1616 274 1774 317 expers
1800 263 1879 310 est,

413 328 712 386 simplicisque
735 331 933 379 naturae,
954 331 1000 371 et
1028 327 1168 371 totius
1193 327 1468 385 duplicitatis
1494 328 1663 386 ignara.
1726 329 1880 372 Partes

414 401 565 441 tamen
586 411 696 454 quas
715 397 874 454 potuit,
894 397 978 440 sibi
1006 412 1034 440 a
1058 397 1347 440 distributore
1374 398 1590 440 bonorum
1612 398 1879 442 uendicauit.

416 466 568 520 Quas?
606 466 767 523 inquis.
826 466 1028 509 Virtutes
1057 467 1224 523 utique,
1254 467 1415 524 quibus
1444 467 1569 524 uiget
1598 470 1644 510 et
1672 469 1882 524 operatur

416 539 462 579 et
500 536 569 579 sui
609 535 961 593 experimentum
1001 535 1120 579 facit.
1194 536 1243 579 Si
1278 551 1367 579 non
1407 551 1512 594 ergo
1550 536 1882 593 multiplicitate
1900 553 1919 588 5

415 605 612 662 partium
643 608 689 648 et
712 606 979 662 quantitatis
1005 605 1197 662 quadam
1227 605 1497 648 distensione
1524 606 1691 657 crescit,
1711 606 1884 649 ratione

417 678 567 718 tamen
592 677 638 718 et
665 674 894 718 intellectu
913 675 1118 732 appetitu
1148 674 1254 717 boni
1283 675 1513 718 auersione
1539 674 1656 726 mali,
1676 678 1884 718 manente

417 744 716 802 simplicitatis
758 747 932 795 natura,
972 744 1202 788 dilatatur.
1272 743 1387 788 Cum
1433 759 1540 787 uero
1582 747 1732 801 partes
1775 744 1885 787 istas

419 814 603 871 spiritus
630 813 787 870 implet
806 813 945 871 (Deus
975 813 1092 856 enim
1122 813 1307 870 spiritus
1334 812 1434 872 est),
1455 813 1597 857 solida
1619 817 1665 857 et
1687 813 1886 871 perfecta

418 886 487 926 est
505 883 603 926 uita
628 882 814 926 animae.
874 881 989 926 Cum
1016 882 1134 925 enim
1162 882 1412 926 intellectus
1431 882 1588 934 Deum,
1609 883 1686 940 qui
1715 897 1884 926 summe
1905 899 1947 924 ιο

417 952 559 995 bonus
579 954 658 1002 est,
677 951 802 994 uisus
822 951 890 994 sui
911 952 1113 994 acumine
1133 954 1351 1008 quantum
1380 951 1503 995 ualet
1529 955 1575 995 et
1600 951 1704 996 licet
1730 966 1885 1009 appre-

417 1021 586 1071 hendit,
625 1023 671 1064 et
710 1021 876 1063 bonum
915 1020 1034 1077 quod
1082 1021 1157 1064 ille
1196 1021 1332 1072 uidet,
1371 1021 1629 1079 incorrupta
1677 1021 1887 1064 uoluntas

418 1091 602 1148 appetit,
623 1093 669 1133 et
696 1090 811 1133 ratio
838 1105 893 1133 ne
917 1090 1108 1133 declinet
1134 1090 1192 1133 ad
1221 1091 1451 1134 dexteram
1478 1091 1551 1134 uel
1577 1091 1634 1134 ad
1660 1091 1887 1134 sinistram

419 1160 496 1217 qui
517 1174 624 1203 sano
644 1159 804 1202 affectu
825 1159 882 1202 ad
902 1159 1068 1202 bonum
1093 1160 1302 1211 trahitur,
1323 1160 1444 1203 uiam
1464 1160 1620 1218 aperit,
1638 1160 1728 1203 iam
1749 1175 1886 1217 quan-

419 1229 522 1272 dam
546 1228 896 1272 immortalitatis
924 1232 1125 1272 assecuta
1145 1232 1212 1272 est
1231 1229 1431 1287 gloriam.
1492 1230 1621 1283 Quod
1651 1229 1767 1273 forte
1797 1229 1887 1272 iam
1907 1244 1947 1278 15

419 1297 651 1348 sentiebat,
679 1297 756 1354 qui
781 1298 829 1339 in
856 1298 1080 1341 suauitate
1106 1298 1399 1342 conscientiae
1426 1313 1531 1342 suae
1561 1299 1758 1343 dicebat:
1801 1298 1890 1343 Cor

421 1382 568 1410 meum
590 1370 635 1410 et
661 1381 762 1410 caro
788 1382 887 1410 mea
912 1367 1231 1411 exultauerunt
1260 1368 1308 1410 in
1328 1367 1474 1411 Deum
1497 1369 1665 1412 uiuum.
1725 1368 1892 1425 Vtique

422 1437 499 1493 qui
524 1437 605 1480 hac
632 1436 709 1479 uia
732 1436 897 1479 incedit
924 1451 1015 1479 non
1042 1440 1193 1494 sperat
1221 1440 1302 1480 aut
1329 1438 1589 1490 extimescit,
1610 1453 1700 1482 non
1729 1437 1892 1482 contri-

422 1508 570 1549 statur
597 1508 677 1548 aut
706 1505 910 1548 condolet
939 1506 1071 1549 alicui
1102 1521 1266 1558 eorum,
1290 1522 1403 1564 quae
1439 1522 1467 1550 a
1497 1522 1671 1551 summo
1706 1510 1752 1550 et
1785 1521 1893 1550 uero

423 1576 539 1618 bono
559 1575 800 1619 recedendo
830 1575 1054 1620 deficiunt.
1115 1576 1180 1620 Eo
1205 1576 1322 1620 forte
1349 1577 1500 1620 fideles
1529 1577 1700 1620 animas
1726 1576 1894 1620 inuitat
1911 1593 1956 1619 πο

425 1659 567 1688 sermo
602 1645 885 1702 propheticus
920 1645 1094 1689 dicens:
1137 1645 1463 1690 Conuertimini
1504 1647 1561 1690 ad
1601 1662 1671 1691 me
1710 1647 1758 1690 in
1797 1649 1894 1691 toto

426 1714 554 1758 corde
575 1717 748 1767 uestro;
778 1717 830 1757 ut
850 1714 1017 1758 scilicet
1036 1716 1227 1773 angulus
1241 1716 1395 1774 gaudii
1416 1719 1496 1760 aut
1511 1717 1706 1769 meroris,
1722 1716 1895 1760 timoris

425 1786 507 1826 aut
538 1783 642 1840 spei,
663 1798 751 1826 non
787 1787 1019 1827 auertatur
1050 1800 1078 1828 a
1112 1785 1226 1828 facie
1250 1800 1360 1839 mea,
1387 1801 1510 1829 meae
1541 1801 1631 1829 non
1665 1786 1896 1843 displiceat

426 1852 661 1896 uoluntati.
719 1852 883 1910 Implet
902 1857 1051 1897 autem
1073 1854 1180 1898 haec
1199 1855 1297 1898 uita
1315 1869 1490 1899 omnem
1509 1858 1769 1908 creaturam,
1790 1855 1896 1913 quia

428 1922 523 1965 sine
553 1937 605 1965 ea
634 1921 757 1964 nulla
788 1925 855 1964 est
885 1923 1136 1966 substantia
1165 1927 1404 1970 creaturae.
1464 1925 1605 1968 Omne
1629 1925 1747 1968 enim
1777 1925 1896 1982 quod
1916 1939 1957 1974 ²⁵

429 1994 508 2042 est,
521 1991 614 2034 eius
627 1991 966 2048 participatione
987 1995 1054 2036 est
1074 1993 1119 2036 id
1141 1994 1258 2051 quod
1271 1997 1351 2038 est.
1392 1993 1481 2037 Sed
1501 2008 1600 2037 cum
1613 1993 1673 2037 sit
1693 1994 1740 2036 in
1756 1994 1895 2037 omni-

429 2061 512 2104 bus
542 2075 621 2118 per
651 2064 869 2111 naturam,
893 2061 986 2104 sola
1013 2062 1238 2106 inhabitat
1266 2063 1549 2106 rationabilia
1579 2078 1659 2120 per
1692 2064 1897 2120 gratiam.

430 2130 548 2174 Sunt
568 2144 683 2187 ergo,
704 2129 809 2186 quia
834 2129 879 2172 in
908 2130 970 2173 eis
1000 2131 1167 2175 ueritas
1187 2135 1281 2185 est;
1311 2132 1605 2183 illustrantur,
1625 2132 1731 2189 quia
1757 2132 1804 2175 in
1834 2132 1898 2176 eis

430 2199 649 2256 sapientia
668 2202 762 2251 est;
792 2198 956 2242 bonum
979 2200 1184 2258 diligunt,
1205 2202 1310 2259 quia
1336 2202 1383 2244 in
1407 2202 1470 2245 eis
1495 2201 1595 2244 fons
1619 2201 1832 2246 bonitatis
1852 2206 1898 2246 et

430 2267 632 2311 caritatis
652 2270 730 2311 est.
790 2267 946 2311 Omnis
966 2270 1129 2312 etenim
1151 2270 1296 2314 uirtus
1322 2270 1521 2328 angelica
1540 2270 1611 2314 uel
1636 2274 1682 2314 et
1702 2271 1898 2315 humana
1915 2289 1960 2325 30

432 2336 653 2395 quoddam
706 2336 958 2381 diuinitatis
1012 2339 1251 2396 uestigium
1299 2342 1367 2383 est
1416 2339 1623 2383 rationali
1669 2342 1898 2384 creaturae

433 2405 755 2463 quodammodo
781 2406 1054 2463 impressum.
1114 2408 1309 2464 Spiritus
1335 2411 1514 2451 sanctus
1538 2408 1794 2452 inhabitans
1818 2409 1899 2452 im-

434 2475 589 2533 primit
608 2475 782 2518 animae
802 2476 1097 2529 sanctitatem,
1118 2477 1399 2535 eiusdemque
1420 2478 1588 2521 riuulos
1608 2478 1901 2522 multifariam

435 2623 455 2650 2
481 2612 745 2659 dupplicitatiu
762 2612 793 2648 A
939 2623 979 2660 13
1001 2619 1081 2660 pose
1098 2614 1159 2652 uel
1177 2626 1245 2652 om.
1263 2614 1309 2651 ad
1329 2615 1368 2651 M
1514 2625 1557 2660 27
1584 2614 1787 2653 rationalia
1804 2615 1871 2653 SM

484 2745 506 2779 9
534 2735 630 2770 Deus
646 2736 801 2781 spiritus
818 2740 887 2770 ext:
918 2733 1021 2772 ioan.
1041 2733 1087 2770 iv,
1108 2745 1162 2779 ²4·
1351 2737 1406 2780 16,
1429 2745 1470 2781 ¹7
1500 2738 1571 2773 Cor
1587 2748 1704 2774 meum
1721 2739 1816 2775 etc.:
1844 2736 1902 2775 Pa.

437 2781 582 2818 lxxxiii.
601 2792 633 2828 3.
777 2792 818 2819 21
851 2784 1118 2819 Conuertu'mu‘m'
1135 2785 1227 2820 etc.=
1254 2781 1331 2821 Ioel
1349 2782 1387 2820 ii.
1410 2794 1463 2821 12.

549 2860 610 2895 ¹7²
