1994 3190
140 623 160 660 ⁵

179 223 279 259 οΑΡ.
294 214 386 271 vn]
694 212 1131 258 POLICRATIOVS

179 333 488 389 praesumitur,
517 332 604 375 nisi
635 332 828 374 animam
856 330 1114 388 cupiditatis
1144 330 1246 388 igne
1271 344 1523 374 succensam
1552 343 1642 372 cre-

179 401 284 444 brae
318 401 589 444 uisitationis
623 400 855 457 refrigerio
889 402 1119 456 temperes,
1154 402 1199 441 et
1239 399 1456 442 auaritiae
1495 399 1644 456 iugem

178 471 366 514 esuriem
405 469 628 527 frequenti
668 469 978 512 beneficiorum
1011 467 1351 524 interpolatione
1386 468 1646 511 demulceas.

178 539 440 596 Aquilarum
462 539 626 582 dicitur
645 553 738 582 esse
764 540 927 580 natura
946 539 1010 588 ut,
1034 551 1134 579 cum
1158 537 1433 579 stomachum
1458 536 1645 593 pleniori

179 607 416 652 refectione
448 607 837 666 ingurgitauerint‚
863 607 910 649 in
941 606 1147 663 quintum
1176 605 1394 648 decimum
1425 605 1542 648 diem
1572 605 1645 648 uel

178 678 249 734 (ut
287 678 386 720 aliis
423 678 584 735 placet)
628 678 675 720 in
719 676 1104 734 quadragesimum
1142 674 1416 731 suspendant
1457 674 1646 716 esuriem

178 747 513 804 oblatorumque
541 747 739 790 ciborum
768 746 939 803 copiam
970 747 1262 802 aspernentur
1290 758 1381 785 una
1409 743 1646 786 saturitate

178 818 422 859 contentae.
483 815 599 859 Sane
630 816 758 872 longe
778 815 867 858 alia
886 813 1080 858 conditio
1107 812 1312 863 diuitum,
1333 811 1468 853 immo
1495 826 1646 853 eorum

180 885 257 942 qui
278 885 477 928 uenalem
498 885 775 942 prostituunt
793 884 998 942 gratiam.
1057 882 1201 939 Magis
1221 881 1339 924 enim
1365 880 1647 936 aliquatenus

1602 210 1606 214 ⁴
1658 211 1793 261 488a

122 969 165 996 10
181 955 396 998 accedunt
441 955 498 998 ad
543 954 742 998 homines
782 954 859 1010 qui
906 967 1079 996 necesse
1122 951 1301 1002 habent,
1341 950 1447 1006 quia
1494 949 1647 992 crebro
1664 954 1693 992 b

122 1315 163 1350 15

181 1024 395 1076 esuriunt,
422 1024 574 1067 crebro
606 1023 737 1068 refici.
803 1023 892 1065 Vix
917 1024 1104 1080 possunt
1127 1021 1353 1064 collectam
1382 1019 1570 1062 esuriem
1601 1019 1648 1061 in

180 1092 297 1136 diem
318 1093 703 1150 quadragesimum
723 1092 953 1150 protelare,
976 1091 1084 1148 quin
1115 1090 1405 1147 indignentur
1424 1088 1589 1140 amicis,
1610 1088 1648 1130 si

179 1177 269 1205 non
308 1163 524 1206 auaritiae
564 1163 737 1206 hiatum
777 1162 1068 1220 oppleuerint.
1139 1159 1353 1203 Solebant
1398 1157 1649 1214 antiquitus

181 1231 436 1275 Gratiarum
482 1232 750 1276 simulachra
791 1231 976 1289 effigiari
1025 1229 1159 1282 nuda,
1199 1243 1250 1272 eo
1290 1228 1407 1285 quod
1447 1226 1648 1270 soliditas

181 1302 400 1345 amicitiae
421 1305 466 1346 et
485 1303 652 1346 ueritas
667 1302 782 1354 fidei,
797 1302 892 1344 sine
908 1315 996 1358 qua
1011 1315 1090 1343 nec
1105 1299 1276 1357 gratiae
1293 1298 1470 1355 quidem
1486 1311 1648 1340 nomen

181 1371 394 1422 subsistit,
426 1372 550 1415 nullo
581 1371 876 1415 simulationis
909 1370 1011 1414 fuco
1043 1369 1192 1412 ualeat
1226 1367 1494 1411 obumbrari.
1559 1366 1648 1409 Sed

179 1440 281 1492 iam,
293 1455 393 1484 cum
409 1441 465 1484 ad
486 1441 685 1484 homines
705 1444 889 1484 uentum
910 1440 981 1492 sit,
998 1439 1075 1496 qui
1095 1453 1183 1482 non
1204 1438 1366 1480 amicos
1386 1437 1462 1479 sed
1483 1436 1649 1493 seipsos

108 1539 110 1542 ψ
180 1509 228 1554 in
254 1510 441 1568 singulis
470 1513 635 1561 amant,
655 1510 1001 1567 multiplicitatis
1027 1509 1155 1552 fucus
1179 1511 1231 1551 ut
1257 1507 1430 1564 placeat
1454 1519 1648 1548 necessa-

181 1579 275 1623 rius
295 1583 374 1624 est.
431 1580 564 1637 Apud
585 1580 694 1623 istos
717 1580 834 1623 enim
861 1579 1020 1636 gratia,
1041 1578 1146 1635 quia
1174 1577 1315 1635 gratis
1342 1591 1431 1619 non
1455 1579 1533 1625 est,
1559 1575 1649 1617 iam

124 1669 168 1694 πο
183 1664 272 1693 non
305 1649 452 1707 gratia
486 1649 562 1692 sed
596 1649 707 1692 lucri
742 1649 1053 1692 inescatorium
1093 1650 1172 1691 est.
1246 1646 1398 1688 Facies
1431 1644 1649 1701 siquidem

125 2043 168 2080 ²5

181 1719 424 1762 meretricis
453 1718 573 1763 facta
603 1722 670 1762 est
703 1718 756 1769 ei,
775 1733 855 1762 nec
887 1717 1192 1774 quodcumque
1226 1716 1389 1758 uitium
1419 1713 1649 1762 erubescit,

182 1788 288 1831 dum
309 1788 420 1832 lucri
440 1788 586 1832 tendit
606 1788 662 1831 ad
683 1791 929 1845 quaestum.
989 1787 1130 1829 Vetus
1146 1785 1325 1843 querela
1345 1787 1412 1828 est
1436 1783 1649 1841 sapientis

181 1857 414 1916 indignum
434 1858 654 1902 amicitiae
675 1858 868 1916 lugentis
888 1871 1088 1900 occasum
1105 1871 1114 1898 :

299 1961 419 2004 Illud
447 1961 667 2005 amicitiae
697 1961 919 2018 quondam
948 1958 1200 2003 uenerabile
1229 1972 1390 2001 nomen

356 2024 530 2078 prostat
558 2022 604 2063 et
632 2020 679 2062 in
709 2023 897 2077 quaestu
924 2033 1005 2075 pro
1036 2017 1265 2061 meretrice
1293 2016 1429 2060 sedet.

185 2123 312 2177 Quod
333 2138 389 2167 ex
408 2138 459 2166 eo
478 2126 663 2174 constat,
684 2123 812 2180 quod,
828 2123 865 2166 si
887 2125 1026 2166 cesset
1045 2120 1232 2172 utilitaS,
1254 2134 1382 2162 rarus
1402 2122 1482 2162 aut
1502 2118 1651 2162 nullus

184 2195 251 2236 est
271 2193 347 2250 qui
366 2195 548 2250 propter
567 2207 613 2236 se
633 2193 847 2235 uirtutem
868 2191 1089 2234 amicitiae
1109 2189 1237 2233 colat.
1297 2188 1352 2231 In
1379 2191 1449 2231 tot
1477 2188 1652 2231 circulis

185 2262 440 2315 seculorum,
460 2262 508 2304 in
531 2264 659 2304 tanto
688 2264 859 2304 etatum
883 2260 1022 2318 lapsu,
1043 2260 1090 2302 in
1125 2262 1254 2302 tanta
1285 2258 1574 2300 multitudine
1607 2262 1653 2300 et

185 2331 433 2374 differentia
458 2346 743 2388 personarum
776 2331 867 2381 uiX,
892 2333 944 2373 ut
967 2330 1033 2372 ait
1053 2328 1213 2379 Lelius‚
1243 2327 1332 2370 tria
1359 2327 1653 2370 inueniuntur

187 2462 208 2488 2
233 2451 362 2498 ingere
378 2451 419 2487 M
560 2463 583 2497 4
609 2452 819 2488 stomacum
835 2449 896 2486 AS
1025 2450 1047 2486 8
1072 2448 1238 2485 diuitum
1254 2447 1423 2484 conditio
1441 2447 1474 2484 A
1609 2458 1651 2494 13

188 2498 427 2545 obpleuerint
444 2498 546 2536 sm:
571 2498 818 2546 impleuerint
835 2499 887 2534 M¹
1075 2506 1118 2541 14
1142 2496 1345 2532 simulacra
1360 2495 1421 2532 AS
1606 2506 1651 2540 24

189 2546 376 2591 quoddam
392 2546 466 2582 cA¹
608 2556 652 2592 27
678 2546 848 2583 amiticie
865 2545 1050 2582 uirtutem
1066 2544 1099 2580 A

237 2665 258 2692 2
283 2656 491 2701 rffriyevio:
516 2654 564 2692 cf.
588 2657 770 2701 mfresher,
791 2654 1016 2692 vocabulum
1042 2654 1145 2701 apud
1169 2665 1238 2690 nos
1263 2653 1310 2690 de
1334 2653 1496 2699 pecunia
1520 2664 1652 2689 causas

190 2702 383 2739 orantibus
400 2702 439 2737 in
457 2713 567 2738 causa
582 2702 770 2749 producta
784 2703 923 2739 iterum
940 2702 1031 2739 data
1046 2702 1241 2738 usitatum.
1343 2710 1385 2744 14
1414 2701 1650 2736 Gratiarum:

190 2762 223 2786 v.
242 2750 340 2786 Serv.
357 2748 399 2784 in
414 2749 490 2785 Ver
519 2777 526 2785 .
544 2751 633 2786 Aen.
650 2749 675 2785 i.
694 2759 784 2794 7243
810 2749 858 2786 cf.
877 2750 1053 2796 Fulgent.
1070 2750 1219 2795 Mythol.
1242 2747 1282 2783 ii.
1300 2758 1325 2791 4
1342 2747 1360 2794 ξ
1381 2749 1413 2784 8.
1606 2758 1653 2782 20

189 2798 318 2833 Facies
334 2798 428 2834 etc.:
453 2808 486 2831 v.
525 2807 636 2833 erem.
653 2795 707 2834 iii.
725 2807 757 2842 3.
932 2807 978 2841 24
1005 2798 1103 2832 Illud
1120 2798 1212 2832 etc.:
1238 2795 1346 2831 Ovid.
1362 2797 1466 2831 Pont.
1483 2794 1522 2830 ii.
1541 2805 1574 2840 3.
1597 2804 1651 2840 19,

192 2855 249 2881 20.
392 2853 438 2890 29
462 2845 531 2879 uix
545 2845 618 2879 tria
635 2845 728 2880 etc.:
754 2842 828 2881 Cic.
845 2845 887 2880 de
904 2845 1047 2880 Amicit.
1065 2854 1089 2889 4
1107 2842 1125 2890 §
1148 2851 1202 2890 15.

1482 2914 1543 2957 189

1667 1796 1692 1825 C
