1994 3236
690 181 1144 226 PROLEGOMENA

186 294 344 352 inquit,
362 295 419 338 in
439 309 484 339 eo
503 295 623 352 quod
647 295 701 338 de
722 295 983 352 Analyticis
1002 301 1060 339 est
1086 301 1375 353 quaerantur
1392 299 1648 343 uolumine.

187 363 479 408 Theudoricus
506 364 600 407 siue
630 364 831 407 Terricus
861 363 1146 408 Carnotensis
1176 366 1224 408 in
1251 367 1527 422 Eptatke‘aco
1554 369 1651 412 siue

184 432 454 476 Bibliotheca
484 437 646 489 septem
678 432 940 477 liberalium
973 434 1167 486 artium,
1204 436 1330 479 cuius
1364 438 1556 481 codicem
1591 438 1649 481 ab

184 502 279 559 ipso
308 505 485 546 auctore
515 505 567 546 ut
601 502 780 546 uidetur
809 503 1014 546 ecclesiae
1045 502 1331 548 Carnotensis
1361 507 1557 563 capitulo
1588 508 1647 550 le-

183 574 337 628 gatum
367 571 415 614 in
435 571 700 615 bibliotheca
718 571 896 628 publica
917 571 1180 616 Carnotensi
1202 574 1374 618 inuenit
1395 576 1649 619 Alexander

184 639 372 696 Clerval,
410 640 663 684 Aristotelis
703 641 955 697 Analytica
989 642 1156 698 priora
1195 646 1241 685 et
1283 643 1449 700 Topica
1490 645 1647 688 Latine

182 709 346 767 scripta
365 709 705 767 comprehendit,
729 710 976 767 Analytica
997 714 1146 754 autem
1166 714 1427 767 posteriora,
1448 728 1647 770 quorum,

183 780 236 822 ut
256 779 321 822 ait
349 779 536 822 Ioannes
559 782 711 823 noster
733 779 884 823 Metal.
908 780 965 823 iv.
988 782 1027 831 6,
1046 780 1227 824 subtilis
1251 782 1438 838 quidem
1458 783 1647 826 scientia

181 851 242 892 est
255 851 294 892 et
309 863 339 891 a
344 848 510 904 paucis
521 848 726 905 inqeniis
732 849 917 905 peruia,
930 850 1109 893 omnino
1123 852 1423 907 praetermisit
1441 851 1648 907 (Clerval,

181 917 262 962 Les
278 902 430 962 Ecotes
449 918 502 961 de
527 917 734 962 Ghartres
753 932 819 962 au
848 933 1008 974 moyen
1029 919 1121 976 aye,
1142 934 1183 976 p.
1209 922 1323 976 245).
1387 921 1647 964 Notandum

183 988 251 1030 est
279 987 326 1029 in
353 987 435 1031 hoc
461 987 607 1031 codice
634 986 704 1045 (ut
730 988 857 1031 docet
885 987 1126 1045 Gataloque
1155 989 1348 1034 Gener-at
1375 992 1450 1034 des
1473 991 1647 1034 Manu-

182 1056 324 1108 ecrite,
338 1056 674 1113 Departements
693 1058 754 1109 xi,
772 1057 869 1100 Par.
893 1058 1017 1112 1889,
1038 1074 1078 1116 p.
1098 1073 1147 1104 21
1159 1063 1198 1113 2)
1218 1060 1467 1116 Analytica
1478 1061 1646 1116 priora

183 1125 312 1169 aliter
337 1129 471 1183 atque
494 1126 543 1169 in
567 1127 932 1184 interpretatione
953 1129 1036 1172 sub
1060 1130 1237 1172 nomine
1259 1130 1435 1173 Boethii
1463 1132 1650 1188 uulgata

183 1194 385 1253 incipere,
410 1196 616 1239 similiter
644 1197 866 1250 desinere3
897 1202 1052 1242 contra
1083 1198 1249 1254 Topica
1280 1200 1487 1243 similiter
1515 1215 1566 1244 ac
1602 1202 1649 1243 in

183 1262 270 1307 ista
298 1264 664 1322 interpretatione
694 1266 897 1323 incipere,
926 1268 1059 1310 finem
1094 1282 1200 1311 uero
1235 1269 1494 1311 dissimilem
1524 1270 1648 1313 exhi-

182 1332 296 1379 bere.
357 1333 556 1378 Coniecit
591 1335 643 1382 A.
676 1335 854 1379 Clerval
895 1337 1214 1380 Theodoricum
1249 1339 1344 1396 (qui
1383 1339 1496 1382 obiit
1534 1340 1650 1382 circa

182 1417 220 1447 a.
244 1404 372 1461 1150)
401 1418 502 1448 eum
529 1419 622 1448 esse
649 1405 725 1462 qui
751 1405 1000 1461 Analytica
1026 1411 1071 1450 et
1099 1406 1264 1462 Topica
1291 1408 1338 1450 in
1365 1423 1495 1450 usum
1524 1423 1648 1451 reuo-

182 1473 361 1526 canerit,
389 1474 506 1531 quod
535 1489 641 1531 pace
673 1475 760 1517 uiri
793 1475 911 1519 docti
942 1492 997 1519 ex
1028 1477 1179 1520 Metal.
1209 1477 1266 1520 iv.
1304 1490 1359 1522 20
1390 1478 1470 1520 uix
1500 1478 1648 1535 colligi

181 1545 336 1600 powst,
365 1543 443 1586 ubi
469 1544 536 1588 ait
565 1544 778 1588 Ioannes:
808 1545 1026 1602 Maqister
1057 1546 1352 1590 Theodoricus
1377 1551 1429 1590 ut
1453 1548 1650 1591 memini

183 1610 346 1668 Topica
371 1627 467 1657 non
491 1613 743 1657 Aristotelis
771 1615 844 1658 sed
876 1614 1130 1659 Trecassini
1160 1617 1385 1672 Droqonis
1411 1617 1649 1666 irridebat.

181 1682 333 1726 eadem
368 1686 522 1727 tamen
559 1685 831 1741 quandoque
874 1686 1039 1729 docuit.
1114 1686 1246 1735 Hinc,
1286 1686 1372 1728 nisi
1418 1687 1465 1728 in
1507 1687 1649 1730 lucem

182 1750 381 1796 rediisset
411 1753 756 1809 Heptateuchm,
785 1755 1093 1798 conclusissem
1125 1755 1396 1799 Theoderico
1427 1756 1649 1813 Drogonis

181 1822 367 1872 tantum,
388 1836 477 1866 non
503 1823 757 1866 Aristotelis
790 1823 954 1880 Topica
979 1825 1236 1868 innotuisse.
1299 1825 1447 1882 Ipsius
1467 1826 1648 1869 Ioannis

183 1889 522 1935 Saresberiensis
541 1891 833 1949 Metaloqicus
859 1897 904 1936 et
931 1893 1200 1950 Topicorum
1221 1897 1267 1937 et
1289 1895 1647 1951 Analyticorum

182 1960 274 2003 tam
287 1960 508 2016 priorum
527 1976 660 2018 quam
675 1958 984 2018 posteriorum
1003 1964 1323 2021 expositionem
1344 1965 1557 2007 continet.

237 2027 279 2071 A
320 2031 469 2073 uetere
511 2031 801 2075 translatione
853 2033 986 2075 aliam
1037 2048 1357 2090 nonnunquam
1407 2034 1649 2092 distinguit

181 2095 378 2148 Ioannes,
394 2113 526 2156 quam
541 2115 717 2144 nouam
732 2105 885 2153 uocat;
915 2103 1106 2159 exempli
1126 2103 1274 2160 gratia
1294 2103 1340 2145 in
1363 2104 1509 2146 Metal.
1527 2104 1573 2146 ii.
1594 2117 1649 2148 20

183 2166 274 2211 ait:
321 2167 569 2222 Gaudeant,
592 2170 751 2227 inquit
771 2171 1036 2222 Aristoteles,
1057 2172 1216 2228 species
1227 2187 1244 2223 ;
1290 2178 1494 2216 monstra
1522 2174 1649 2216 enim

184 2241 305 2290 swnt,
339 2237 411 2282 uel
449 2239 700 2283 secundum
738 2254 914 2284 nouam
953 2241 1305 2285 translationem
1345 2242 1648 2286 cicadationes

183 2305 336 2362 (Anat.
374 2305 494 2351 Post.
530 2309 559 2352 i.
597 2310 650 2366 83
683 2324 711 2352 a
745 2312 832 2367 33).
910 2310 1117 2354 Monstra
1156 2311 1292 2355 habet
1331 2312 1646 2369 interpretatio

183 2389 294 2431 quae
323 2375 498 2420 Boethii
526 2380 713 2422 uocatur
739 2373 784 2422 et
814 2394 841 2422 a
872 2379 1155 2423 Scholasticis
1183 2395 1322 2437 usque
1350 2381 1407 2423 ad
1432 2381 1647 2424 Ioannem

182 2442 512 2502 Argyropulum
545 2450 641 2491 erat
666 2451 891 2505 usurpata.
951 2449 1064 2492 Vide
1095 2450 1149 2492 de
1180 2450 1263 2493 hac
1288 2465 1335 2493 re
1357 2451 1409 2493 V.
1433 2451 1546 2494 Rose
1568 2451 1646 2494 loc.

183 2525 316 2570 supra
335 2514 407 2558 cit.
428 2529 469 2572 p.
492 2517 589 2574 383.

242 2580 606 2628 Translationem
633 2600 809 2629 nouam
837 2586 1280 2638 Schaarschmidtius,
1310 2589 1437 2641 Rose,
1467 2589 1544 2631 alii
1575 2603 1648 2631 su-

184 2649 409 2706 spicantur
427 2652 476 2696 in
498 2668 628 2697 usum
656 2655 838 2698 Ioannis
864 2656 1004 2712 ipsius
1025 2656 1190 2699 factam
1211 2672 1304 2700 esse
1325 2659 1382 2700 ab
1406 2660 1648 2713 interprete

188 2718 348 2763 Graeco
366 2720 421 2763 de
441 2736 528 2778 quo
546 2723 745 2779 loquitur
758 2724 907 2768 Metal.
926 2725 952 2768 i.
973 2736 1038 2780 15,
1051 2725 1112 2768 iii.
1128 2735 1167 2780 5,
1183 2726 1242 2768 iv.
1262 2740 1299 2776 2,
1312 2741 1442 2783 quem
1459 2727 1646 2769 eundem

185 2801 277 2830 esse
299 2789 431 2845 atque
461 2790 703 2835 Henricum
733 2792 828 2835 siue
858 2793 1092 2836 Euericum
1119 2794 1398 2852 Aristippum
1431 2796 1646 2838 Platonici

186 2853 440 2900 Phaedonis
453 2857 738 2916 interpretem
758 2861 859 2904 uult
878 2876 971 2905 esse
991 2862 1116 2905 Rose.
1177 2863 1265 2906 Sed
1285 2864 1339 2906 de
1360 2865 1430 2906 his
1446 2865 1647 2920 quaestio

252 2946 350 2967 wmm
371 2947 386 2969 1
899 2930 929 2972 d
1435 2948 1529 2975 XXV
