1994 3190
225 190 324 224 cAr.
340 178 452 241 vm]
743 171 1184 223 POLICRA'I'ICVS
1701 183 1783 227 559
1799 173 1831 215 d

279 299 343 343 Vt
368 314 475 343 uero
503 299 551 342 in
580 299 711 343 laude
737 298 916 341 Traiani
946 297 1122 340 facilius
1151 296 1439 354 adquiescant
1469 295 1547 354 qui
1578 295 1688 339 alios

222 369 263 412 ei
297 368 608 426 praeferendos
643 368 896 426 opinantur,
926 367 1119 410 uirtutes
1148 366 1242 409 eius
1276 366 1442 424 legitur
1470 380 1688 410 commen·

195 483 198 486 ,
221 437 348 480 dasse
367 437 670 480 sanctissimus
695 450 811 494 papa
831 435 1071 492 Gregorius
1098 438 1144 478 et
1170 434 1282 477 fusis
1310 449 1392 492 pro
1418 450 1469 478 eo
1495 434 1689 478 lacrimis

221 504 464 548 inferorum
493 505 808 563 compescuisse
838 503 1052 554 incendia,
1081 504 1272 547 Domino
1301 507 1611 547 remunerante
1640 504 1688 546 in

184 591 204 626 5
222 574 519 618 misericordia
538 574 664 617 uberi
690 573 910 616 iustitiam
930 587 1064 630 quam
1085 572 1246 616 uiduae
1270 573 1395 615 flenti
1425 573 1689 616 exhibuerat

221 643 449 686 Traianus.
508 642 622 688 Cum
657 643 775 686 enim
814 644 1084 685 memoratus
1117 642 1359 699 imperator
1397 642 1486 684 iam
1526 656 1688 698 equum

221 712 489 757 ascendisset
513 712 571 755 ad
595 711 761 755 bellum
787 710 1079 769 profecturus,
1104 710 1253 762 uidua,
1280 711 1554 768 apprehenso
1579 711 1689 767 pede

221 780 353 832 illius,
373 781 685 825 miserabiliter
712 780 870 838 lugens
896 780 981 823 sibi
1011 780 1230 823 iustitiam
1257 780 1353 822 fieri
1381 780 1512 837 petiit
1538 779 1592 822 de
1619 779 1689 822 his

223 850 300 907 qui
349 850 492 893 filium
541 850 636 893 eius
684 850 902 908 optimum
941 852 988 893 et
1035 849 1443 894 innocentissimum
1483 849 1688 892 iuuenem
1705 862 1791 911 560
1812 872 1843 901 a

165 937 207 962 10
224 919 389 964 iniuste
419 920 679 964 occiderant.
758 919 838 972 Tu,
868 919 1027 976 inquit,
1057 918 1271 977 Auguste,
1301 918 1503 976 imperas,
1534 921 1580 961 et
1609 933 1691 976 ego

224 991 319 1032 tam
361 991 554 1033 atrocem
593 989 803 1032 iniuriam
845 988 1030 1046 patior'l
1107 988 1213 1046 Ego,
1250 988 1398 1045 inquit
1440 987 1692 1045 imperator,

224 1057 496 1102 satisfaciam
534 1058 619 1102 tibi
658 1073 758 1102 cum
798 1057 979 1101 rediero.
1054 1057 1184 1111 Quid,
1219 1057 1367 1114 inquit
1404 1056 1494 1107 illa,
1526 1057 1564 1100 si
1603 1071 1693 1099 non

226 1127 442 1171 redieris‘ss
511 1126 744 1171 Successor
782 1141 917 1178 meus,
946 1126 1011 1170 ait
1050 1126 1277 1178 Traianus,
1311 1125 1557 1169 satisfaciet
1595 1126 1691 1169 tibi.

225 1195 286 1239 Et
309 1196 412 1240 illa:
444 1196 563 1250 Quid
590 1197 673 1240 tibi
693 1196 900 1254 proderit,
920 1196 958 1239 si
985 1196 1099 1239 alius
1119 1195 1420 1240 benefecerim
1468 1195 1536 1238 Tu
1556 1195 1691 1239 michi

167 1282 207 1316 15
226 1265 400 1309 debitor
429 1280 487 1318 es,
515 1266 755 1310 secundum
785 1280 919 1323 opera
957 1265 1200 1309 mercedem
1240 1268 1522 1322 recepturus3
1568 1264 1693 1308 fraus

225 1334 380 1392 utique
420 1337 488 1378 est
525 1335 642 1378 nolle
675 1334 857 1378 reddere
891 1334 1010 1392 quod
1049 1334 1245 1378 debetur.
1316 1333 1548 1378 Successor
1587 1337 1693 1377 tuus

225 1403 434 1447 iniuriam
473 1403 746 1461 patientibus
784 1418 865 1462 pro
899 1418 946 1447 se
984 1403 1233 1456 tenebitur;
1276 1407 1322 1446 te
1361 1418 1450 1447 non
1485 1403 1693 1447 liberabit

266 1517 287 1543 2
312 1508 462 1553 leqitur:
480 1506 528 1543 cf.
546 1506 745 1543 Abaelard.
768 1507 885 1543 Theol.
907 1506 1103 1543 C'Iurn‘stian.
1123 1505 1228 1553 (Opp.
1243 1506 1300 1544 ed.
1319 1505 1458 1543 Cousin
1475 1505 1515 1543 ii.
1535 1518 1573 1553 p.
1592 1505 1690 1552 439).

227 1553 285 1591 ΕΙ
300 1554 374 1592 hac
389 1553 522 1591 fabula
538 1553 792 1597 celeberrima,
811 1566 926 1600 quam
943 1556 1071 1591 tamen
1089 1556 1239 1590 constat
1259 1565 1337 1591 esse
1358 1556 1489 1590 natam
1505 1565 1552 1591 ex
1568 1565 1692 1590 errore

224 1601 425 1639 hominum
448 1600 701 1639 recentiorum
726 1601 959 1638 caelaturam
986 1601 1177 1648 quandam
1204 1602 1245 1637 in
1274 1601 1356 1638 foro
1377 1600 1532 1638 Traiani
1550 1601 1692 1639 Romae

225 1649 342 1687 visam
359 1649 406 1686 de
417 1648 529 1686 vidua
565 1649 666 1686 otius
682 1661 795 1696 quam
807 1649 855 1686 de
869 1649 1062 1696 provincia
1073 1649 1245 1696 supplice
1261 1649 1360 1686 male
1377 1648 1690 1696 intelligentium,

226 1699 312 1735 orta
327 1699 384 1734 est
399 1695 501 1734 inter
514 1699 532 1734 t
561 1697 714 1744 eologos
732 1697 835 1733 haud
858 1709 974 1744 parva
998 1696 1263 1734 controversia.
1311 1695 1496 1733 Narratur
1520 1696 1624 1733 inter
1646 1708 1693 1734 ea

226 1745 601 1829 ῗῗέαὲἔοῖᾝέΐέο
615 1746 1182 1839 Ἑνῧῗῖέ”οέἑὲ.“ιαέςζῆ’ῗῖᾜ
1200 1744 1697 1846 (Ἑᾷἴὲῗῗῗέῗῗζέἶ

230 1839 314 1885 106)
330 1851 340 1884 ς
377 1841 502 1876 exstat
511 1839 629 1877 etiam
638 1839 679 1876 in
694 1841 863 1876 tractatu
877 1842 920 1875 de
932 1841 990 1876 his
1001 1841 1065 1894 qui
1076 1841 1201 1884 infide
1217 1842 1442 1876 dormierunt
1458 1838 1523 1885 qui
1539 1851 1693 1876 nomme

227 1885 382 1923 Ioannis
398 1886 622 1930 Damasceni
639 1887 744 1931 falso,
763 1889 806 1923 ut
823 1887 981 1931 videtur,
1001 1884 1220 1924 inscribitur
1243 1886 1389 1934 (Migne
1407 1888 1542 1923 Patr-ol.
1565 1889 1693 1923 Graec.

227 1945 309 1972 xcv.
326 1935 406 1978 262,
425 1935 521 1980 263).
571 1933 636 1971 Ait
659 1934 820 1972 Ioannes
844 1934 1054 1972 Diaconus:
1078 1936 1161 1971 Non
1187 1935 1319 1980 leqt'tur
1342 1936 1508 1980 Greyorci
1526 1936 1695 1981 precibus

230 1982 389 2018 Traiani
407 1983 534 2018 anima
552 1984 598 2018 ab
614 1984 760 2028 inferno
775 1983 926 2018 liberata
947 1988 980 2018 et
1001 1985 1042 2018 in
1062 1984 1239 2028 paradiso
1254 1984 1422 2028 reposita,
1437 1984 1531 2029 quod
1546 1985 1695 2019 omnino

227 2030 434 2066 incredibile
460 2031 602 2066 videtur
620 2035 774 2076 propter
794 2031 889 2066 illud
912 2032 1006 2077 quod
1029 2032 1205 2076 scr-{ptum
1229 2035 1303 2066 eat.-
1335 2031 1422 2066 Nisi
1443 2031 1526 2077 quis
1548 2036 1697 2066 renatus

217 2078 340 2122 flectit
371 2089 416 2112 ex
442 2089 537 2124 aqua
565 2082 597 2114 et
624 2078 767 2124 Spiritu
798 2083 920 2114 sancto
951 2090 1026 2114 non
1058 2078 1211 2113 intrabit
1242 2079 1284 2112 in
1315 2090 1466 2123 reynum
1494 2079 1672 2114 caelorum
1681 2091 1696 2122 ,-

226 2125 288 2160 sed
302 2125 515 2170 simpliciter
524 2126 661 2161 dicitur
673 2126 718 2160 ab
734 2126 875 2171 infami
889 2127 1108 2162 solummodo
1120 2126 1339 2161 eruciatibus
1355 2126 1516 2168 liberata,
1529 2130 1590 2161 etc.
1622 2124 1695 2162 Sed

227 2171 327 2217 quod
345 2174 462 2218 negat
479 2171 640 2209 Ioannes
656 2171 858 2217 Diaconus,
875 2175 1007 2219 postea
1025 2174 1264 2210 asseruerunt
1282 2183 1367 2208 cum
1385 2172 1463 2215 alii,
1482 2171 1586 2209 inter
1601 2184 1696 2218 quos

229 2220 312 2255 erat
340 2220 472 2256 auctor
498 2219 589 2256 libri
612 2221 722 2256 Fiore
742 2222 783 2256 di
803 2221 952 2264 Filosofi
976 2220 1164 2257 Brunetto
1188 2219 1326 2256 Latino
1350 2219 1487 2256 Dantis
1512 2219 1695 2267 magistro

228 2265 408 2302 attributi
421 2266 495 2313 (ed.
509 2266 653 2304 Bonon.
670 2268 770 2314 1865,
782 2279 845 2314 pp.
857 2267 997 2313 6o,61),
1008 2269 1090 2304 tum
1109 2267 1225 2306 etiam
1243 2267 1379 2314 etipse
1397 2266 1541 2305 Dantes
1557 2269 1693 2304 Par-ad.

229 2324 290 2349 xx.
309 2323 366 2359 44,
382 2322 428 2360 45
448 2314 511 2360 (cf.
526 2315 636 2360 Pur-9.
649 2325 684 2350 x.
704 2323 723 2358 7
728 2316 848 2361 3—93).
896 2314 991 2352 Vide
1009 2314 1045 2352 S.
1064 2314 1195 2352 Thom.
1211 2314 1351 2361 Aquin.
1370 2317 1412 2350 in
1428 2316 1490 2350 IV
1501 2316 1597 2351 Sent.
1610 2317 1695 2352 dict.

192 2395 195 2398 Α
228 2361 300 2397 xlv.
307 2373 374 2444 gu.
392 2371 413 2397 2
430 2373 491 2407 qu.
507 2360 535 2398 i.
552 2371 574 2398 2
591 2362 824 2407 (-·-Summae
843 2363 1003 2409 sseozoy.
1018 2362 1099 2398 iii-0
1115 2362 1236 2410 partis
1252 2362 1439 2409 supplem.
1459 2374 1521 2408 qu.
1535 2362 1628 2398 lxxi.
1645 2363 1694 2409 5),

229 2407 295 2453 qui
333 2407 402 2444 ioit
416 2411 510 2455 quod
521 2410 564 2444 de
569 2411 673 2454 facto
688 2411 845 2446 Traiani
854 2415 971 2456 potest
981 2411 1218 2456 probabiliter
1228 2412 1413 2446 aestimari
1425 2412 1518 2457 quod
1526 2412 1696 2456 precibus

229 2456 275 2491 B.
293 2456 457 2502 Gregorii
468 2457 517 2491 ad
527 2458 761 2502 vitamsuem’t
775 2462 957 2494 remeatus
972 2463 1005 2493 et
1020 2459 1074 2494 ita
1087 2460 1248 2504 ymtiam
1264 2463 1469 2494 consecutus
1479 2459 1539 2494 sit.
1590 2457 1695 2502 Quod

230 2502 279 2538 ad
293 2501 432 2539 bonam
447 2501 603 2539 Traiani
619 2504 720 2551 apud
737 2503 970 2542 Christianos
994 2505 1137 2541 famam
1160 2505 1343 2552 pertinet,
1361 2505 1588 2542 conferenda
1604 2507 1693 2542 sunt

230 2549 329 2604 Acta:
335 2548 369 2587 S.
382 2548 714 2605 Eustathiippuria
727 2553 774 2599 (v.
785 2552 868 2589 Act.
879 2551 942 2589 SS.
951 2552 1055 2599 Sept.
1065 2552 1112 2589 vi.
1125 2563 1200 2599 132,
1214 2554 1306 2599 134),
1316 2552 1382 2589 ubi
1396 2552 1536 2607 legitur
1553 2551 1589 2589 S.
1606 2552 1694 2588 Eus-

229 2596 410 2651 tatlnum,
421 2598 492 2633 etsi
502 2596 735 2636 Christianus
747 2602 855 2643 esset,
869 2611 892 2636 a
900 2599 1063 2637 Traiano
1074 2603 1116 2637 ut
1127 2599 1350 2648 magistrum
1361 2600 1529 2637 militum
1540 2599 1694 2647 cingulo

231 2646 402 2680 emotum
424 2655 516 2687 esse,
531 2645 596 2682 sed
616 2647 770 2682 alterum
794 2646 860 2692 qui
883 2650 1097 2684 surrexerat
1115 2660 1187 2694 pm
1210 2660 1249 2684 eo
1273 2650 1525 2694 imperatorem
1548 2650 1695 2684 nomine

1 2676 5 2775 ἦ
231 2693 450 2746 Adry‘anum,
463 2693 628 2746 you-tilam
637 2694 766 2740 ipsum,
774 2696 934 2740 peiorem
946 2697 1200 2741 impietatibus,
1214 2696 1376 2732 eundem
1389 2706 1502 2741 quem
1519 2694 1694 2732 cinxerat

229 2738 414 2775 Traianus
424 2739 556 2775 bestns
568 2739 744 2777 obiecisse
755 2740 846 2787 quia
859 2741 933 2779 diis
947 2754 1015 2789 pro
1044 2744 1105 2778 ter
1115 2742 1313 2779 victoriam
1329 2742 1539 2780 sacrificare
1556 2742 1694 2778 noluis-

4 2810 5 2814 =
24 2805 25 2810 =
168 2801 181 2812 ·
230 2788 289 2823 set
302 2798 311 2829 ;
329 2785 431 2840 quod
448 2785 495 2822 ad
511 2785 645 2824 viduae
658 2790 698 2824 et
709 2787 947 2835 imperatoris
959 2790 1016 2827 col
1034 2789 1196 2836 oquinm,
1208 2801 1286 2826 rem
1299 2790 1402 2827 haud
1414 2789 1633 2826 dissimilem
1646 2790 1694 2826 de

4 2844 20 2896 ις’
231 2833 427 2870 Hadriano
452 2833 710 2886 (ut-indicavit
726 2835 773 2871 H.
793 2835 831 2871 F.
848 2835 946 2884 Cary
961 2837 1010 2874 ad
1034 2837 1161 2874 locum
1186 2837 1323 2875 Dantis
1347 2839 1559 2884 Puryatorii
1579 2847 1694 2884 supra

5 2897 6 2902 =
231 2880 312 2928 cit.)
331 2882 462 2918 narrat
476 2879 548 2918 1)ιο
565 2880 710 2919 Cassius
724 2881 815 2919 lxix.
834 2884 868 2920 6.

1519 2961 1584 2998 3¹7
