1994 3190
202 157 286 198 470
305 148 335 187 b
682 145 945 197 IOANNIS
986 144 1504 203 SARESBERIENSIS
1655 143 1766 206 [Lm.
1781 153 1831 188 111

355 265 547 316 traiciat,
596 264 804 308 Lucretia
853 264 1044 308 alienam
1097 265 1421 322 impudicitiam
1475 264 1704 322 sanguinis
1753 263 1824 307 sui

353 334 565 378 effusione
604 334 909 391 condempnet.
977 334 1071 391 Ego
1111 334 1288 377 euenire
1326 349 1452 391 posse
1491 349 1581 377 non
1619 333 1824 383 arbitror,

353 407 407 446 ut
446 403 760 460 cuiuscumque
799 403 1074 446 difficultatis
1113 404 1301 447 articulo
1340 404 1472 448 liceat
1505 403 1685 460 propria
1723 416 1825 445 auc·

353 473 537 516 toritate
558 473 727 515 homini
748 473 832 515 sibi
859 475 1047 515 mortem
1074 472 1252 524 inferre,
1272 488 1352 516 nec
1379 473 1515 516 etiam
1541 473 1619 516 ubi
1643 471 1826 515 castitas

354 542 644 601 periclitatur.
706 541 829 585 Licet
860 542 979 585 hunc
1013 556 1164 584 casum
1198 541 1408 585 uideatur
1438 542 1639 598 excipere
1673 541 1827 584 doctor
1843 558 1867 593 5-

312 622 337 652 c
355 611 430 654 ille
450 611 691 661 doctorum,
711 611 783 653 cui
809 610 858 653 in
885 611 1075 653 sacrario
1095 610 1347 653 litterarum
1371 611 1452 654 uix
1472 612 1665 668 aliquem
1685 610 1826 653 audeo

316 691 319 693 ’
354 694 637 737 comparare.-
681 679 803 723 Haec
823 694 941 722 mors
962 679 1141 722 omnino
1161 679 1494 736 desperatorum
1515 683 1594 731 est,
1609 683 1654 722 et
1674 694 1826 723 eorum

354 749 432 806 qui
472 749 576 792 licet
614 763 795 806 corpore
834 749 1006 800 uiuant,
1043 749 1131 790 iam
1172 749 1335 791 mentis
1374 752 1516 792 morte
1555 748 1827 806 praemortui

353 818 503 861 animo
541 818 694 860 uiuere
733 817 971 860 desierunt.
1031 818 1196 874 Vtique
1234 832 1324 860 non
1363 817 1581 868 uiuorum,
1621 819 1697 862 sed
1737 819 1827 861 iam

354 891 631 930 mortuorum
666 901 785 929 mors
815 890 893 929 est.
953 886 1207 929 Infidelium
1238 898 1393 944 regum
1423 901 1628 944 percurre
1658 887 1827 937 seriem,
1847 902 1894 929 1ο

355 956 586 999 Ieroboam
629 956 752 998 Acab
802 955 975 998 Iezabel
1016 955 1398 1013 Nabugodonosor
1438 955 1739 999 Sennacherib
1783 958 1829 1000 et

356 1025 434 1068 alii
476 1040 663 1082 quorum
708 1039 877 1068 errores
921 1039 1011 1067 non
1056 1025 1223 1068 sufficio
1264 1039 1482 1078 enarrare,
1522 1025 1630 1082 quid
1669 1024 1830 1068 lucrati

355 1097 462 1137 sunt
492 1095 539 1136 in
569 1094 749 1137 uatibus
779 1094 882 1144 suis,
913 1094 990 1150 qui
1019 1094 1234 1137 uidebant
1263 1094 1327 1137 eis
1357 1093 1471 1138 falsa
1495 1098 1540 1138 et
1569 1095 1720 1146 stulta,
1750 1108 1830 1138 nec

357 1164 616 1221 aperiebant
665 1163 948 1219 iniquitatem
999 1178 1163 1214 eorum,
1207 1166 1260 1206 ut
1308 1178 1383 1207 eos
1431 1164 1488 1207 ad
1536 1163 1831 1221 penitentiam

356 1233 679 1290 prouocarent?
739 1232 903 1275 Omnes
942 1233 1098 1289 utique
1133 1235 1413 1276 euanuerunt
1451 1235 1552 1290 post
1586 1233 1830 1290 principem
1850 1248 1895 1283 15

356 1302 585 1352 uanitatis‚
618 1304 663 1344 et
703 1301 810 1344 dum
850 1301 960 1344 scire
996 1301 1114 1358 quod
1153 1317 1243 1345 non
1278 1302 1393 1353 licet,
1427 1302 1500 1344 uel
1535 1302 1666 1345 aliter
1697 1316 1831 1359 quam

357 1370 473 1422 licet,
497 1374 726 1428 appetunt,
752 1370 809 1413 ad
839 1371 971 1413 inane
999 1373 1044 1413 et
1073 1370 1287 1414 nichilum
1318 1371 1485 1414 redacti
1512 1375 1628 1414 sunt.
1688 1371 1832 1429 Reges

356 1455 465 1483 uero
496 1440 633 1483 Israel
664 1440 917 1483 infidelibus
952 1440 1129 1491 sociaui,
1159 1440 1264 1497 quia
1293 1455 1393 1484 cum
1423 1455 1578 1498 regum
1609 1440 1723 1483 Iuda
1754 1440 1832 1483 alii

360 1509 465 1552 boni
506 1510 582 1552 alii
622 1510 728 1553 mali
769 1509 950 1560 fuerint,
990 1524 1115 1567 reges
1159 1509 1298 1554 Israel
1342 1524 1493 1553 omnes
1536 1509 1711 1566 reprobi
1755 1524 1831 1553 ex-

315 1577 345 1618 d
363 1579 564 1623 titerunt.
1850 1594 1900 1620 ω

478 1672 648 1729 Linque
680 1671 873 1714 archana
903 1670 986 1714 Dei
1016 1670 1244 1728 celumque
1274 1670 1497 1728 inquirere
1528 1670 1635 1728 quid
1664 1671 1734 1722 sit,

360 1763 426 1807 ait
453 1762 577 1813 Cato,
599 1763 704 1820 quia
734 1762 851 1819 quod
878 1762 1123 1805 destinauit
1149 1762 1203 1806 de
1233 1766 1278 1806 te
1304 1766 1350 1806 et
1376 1763 1538 1806 statuit
1568 1763 1701 1814 Deus,
1721 1762 1835 1806 citra

360 1836 486 1875 tuam
511 1832 854 1876 sollicitudinem
881 1834 1039 1889 potens
1066 1835 1133 1875 est
1159 1831 1380 1889 expedire.
1440 1832 1627 1891 Egregie
1655 1833 1834 1890 quidem

361 1901 556 1945 ethicus:

509 1986 695 2030 Omnem
726 1985 853 2029 crede
884 1986 999 2029 diem
1031 1986 1113 2029 tibi
1145 1986 1357 2030 diluxisse
1387 2002 1664 2044 supremum3
1852 2002 1894 2038 ²5

509 2048 640 2102 grata
669 2045 953 2101 superueniet
983 2059 1095 2102 quae
1127 2059 1217 2088 non
1247 2046 1500 2102 sperabitur
1530 2047 1651 2090 hora.

368 2192 384 2220 ¹
412 2180 597 2219 trahiciat
615 2179 639 2217 S
783 2191 804 2217 2
832 2179 1065 2218 condemnat
1082 2180 1107 2218 S

417 2318 430 2344 1
454 2309 643 2343 Lucretia.
669 2306 753 2343 vide
770 2306 816 2342 dc
834 2308 956 2343 morte
970 2306 1184 2343 voluntaria
1201 2307 1247 2344 ob
1269 2310 1415 2345 metum
1433 2308 1554 2357 stupri
1573 2307 1838 2347 consciscenda

365 2357 406 2392 et
423 2354 470 2392 de
489 2354 686 2391 Lucretiae
705 2354 878 2400 exemplo
898 2356 990 2399 Aug.
1008 2356 1050 2390 de
1071 2356 1142 2392 σου.
1163 2357 1233 2391 Det·
1250 2355 1272 2391 i
1293 2358 1355 2393 16-
1365 2367 1416 2402 19.
1548 2367 1578 2404 5
1593 2359 1616 2394 6
1641 2359 1762 2393 doctor
1776 2358 1839 2392 ille

365 2405 571 2439 doctorum:
600 2415 650 2439 uc.
669 2401 920 2448 Hieronymus
940 2404 977 2437 in
996 2402 1153 2438 Ionam
1144 2415 1168 2439 ι.
1192 2413 1231 2439 12
1251 2402 1347 2450 ‹Mig
1350 2415 1396 2440 ne
1414 2406 1454 2440 P.
1472 2406 1514 2441 L.
1531 2416 1613 2440 xxv.
1636 2408 1765 2450 1129);
1789 2404 1839 2442 ef.

366 2448 569 2486 Abaelardi
591 2450 707 2485 Theol.
725 2451 933 2485 Christiana
949 2449 1020 2495 (ed.
1035 2449 1202 2486 Cousin
1193 2450 1231 2486 1i.
1249 2462 1312 2497 pp.
1330 2453 1410 2495 426,
1429 2453 1516 2496 427)
1534 2454 1594 2488 Sic
1610 2457 1641 2487 et
1658 2453 1751 2489 Non.
1769 2451 1839 2488 clv.

369 2500 494 2541 (Ouvr.
515 2498 614 2533 lm‘d.
633 2509 657 2543 p
715 2506 830 2543 155⁸«
834 2503 923 2542 qq)
1063 2507 1098 2533 ιι
1130 2499 1335 2535 Iemboam:
1364 2498 1448 2535 vide
1508 2499 1595 2543 Rea.
1615 2499 1693 2541 xiii
1712 2501 1774 2535 xiv
1791 2499 1838 2537 de

366 2556 463 2592 prop
466 2544 557 2581 heta
574 2556 597 2580 a
607 2508 707 2580 luga
728 2544 838 2580 misso
856 2546 896 2580 et
913 2543 958 2580 de
976 2543 1084 2587 Abia,
1103 2544 1167 2591 qui
1185 2548 1314 2600 tamen
1333 2546 1435 2583 mala
1455 2510 1501 2583 d³e
1525 2527 1719 2583 [eroboain
1738 2558 1841 2594 prae-

367 2557 557 2646 duorum:
654 2593 752 2628 Aeaea
779 2593 935 2628 Iezabel:
963 2603 994 2627 v.
1019 2602 1039 2637 3
1067 2592 1157 2638 Reg.
1183 2592 1285 2633 xviii
1315 2593 1404 2631 xxii.
1509 2596 1838 2640 Nabuyodonosor:

368 2651 399 2676 v.
428 2639 521 2676 Dan.
547 2638 585 2676 ii.
683 2639 944 2674 sennacherib:
971 2651 1000 2675 v.
1027 2650 1047 2685 3
1075 2639 1164 2686 Reg.
1191 2639 1293 2678 xviii.
1319 2651 1339 2677 2
1509 2652 1549 2678 2ι
1579 2643 1718 2689 Linque
1741 2644 1841 2679 ete.-

369 2687 464 2723 Cato
485 2687 634 2723 Distich.
652 2686 690 2722 ii.
709 2697 729 2723 2
750 2686 822 2731 (sd.
844 2685 1012 2722 flauthal
1036 2698 1071 2732 p.
1093 2689 1174 2726 261;
1209 2688 1273 2724 sed
1301 2700 1331 2725 v.
1346 2650 1524 2725 {Mhi-mm
1549 2689 1597 2725 ad
1624 2689 1692 2726 loc.
1713 2690 1840 2726 Poetae

373 2735 452 2771 Lat.
473 2736 567 2770 Min.
587 2734 609 2770 i.
629 2744 707 2770 222.
868 2743 911 2769 22
937 2736 1030 2780 quod
1047 2736 1246 2771 deetanauie
1264 2737 1357 2773 eta:
1383 2747 1413 2772 v.
1434 2736 1526 2774 Cato
1543 2737 1698 2775 Damon.
1720 2736 1760 2772 ii.
1784 2746 1836 2774 12.

369 2791 412 2829 25
442 2785 587 2818 Omnem
605 2785 698 2819 ete:
724 2781 814 2818 Hor.
831 2782 902 2828 Ep.
922 2780 944 2818 i.
964 2792 997 2827 4.
1019 2792 1070 2828 13,
1095 2792 1147 2827 14·

481 2855 545 2896 ¹58
