1994 3190
180 189 330 278 uzon]
689 216 1130 262 POLIORATIGVS

179 338 399 382 similibus
438 337 667 395 arguenda
705 337 964 381 describere.
1045 337 1119 380 Sic
1158 339 1277 381 enim
1317 353 1418 382 cum
1458 339 1651 396 ineptias

178 421 281 451 suas
320 407 458 450 lector
495 406 568 449 uel
607 406 787 449 auditor
826 409 1046 464 agnoscet,
1082 407 1194 449 illud
1234 408 1429 451 ethicum
1470 409 1652 452 reducet

178 475 236 519 ad
269 475 480 525 animum,
511 475 618 532 quia
651 478 825 518 mutato
856 475 1034 518 nomine
1069 475 1124 518 de
1156 490 1202 518 se
1235 475 1389 519 fabula
1419 480 1652 529 narratur;

177 544 412 603 praecipue
455 558 555 588 cum
595 559 747 588 omnes
786 544 995 587 nouerint
1034 545 1214 601 quantis
1264 548 1316 587 tu
1365 546 1649 588 serietatibus

142 631 162 667 3
177 613 401 671 occuperis
439 613 617 670 iugiter.
697 613 772 657 Sic
810 614 917 656 dum
957 614 1068 656 alios
1107 614 1263 656 doceat
1313 614 1480 657 Seneca
1519 630 1649 657 suum
1667 619 1696 658 b

177 685 330 726 monet
360 683 590 727 Lucilium.
661 683 733 726 Ad
766 683 1014 726 Occeanum
1050 686 1096 726 et
1129 682 1460 726 Pammachium
1496 684 1651 726 scribit

178 752 438 803 Ieronimus,
459 746 505 796 et
524 752 712 795 aliorum
740 753 999 810 plerumque
1023 753 1215 810 castigat
1241 767 1458 796 excessus.
1520 753 1651 806 Quis-

178 821 279 879 quis
313 825 462 865 autem
494 821 765 865 blandientis
800 825 1009 865 causatur
1043 822 1247 879 ineptias,
1280 822 1509 880 negotium
1548 837 1649 865 cum

178 894 377 949 tempore
397 891 622 943 metiatur,
642 894 687 934 et
707 890 843 950 (quod
873 891 1087 949 sapientis
1117 892 1203 949 est)
1223 907 1280 934 ex
1301 892 1446 935 causis
1473 892 1648 935 dicendi

121 975 164 1002 ιο
180 960 300 1004 dicta
339 961 562 1004 diiudicet.
622 960 672 1003 Si
713 961 821 1018 quid
860 964 1011 1004 autem
1047 962 1239 1019 cuipiam
1275 962 1475 1018 asperius
1510 964 1653 1013 sonat,

179 1045 270 1073 non
301 1030 349 1072 in
381 1045 428 1073 se
460 1029 695 1087 quicquam
731 1030 901 1074 dictum
933 1031 1121 1083 nouerit,
1151 1031 1228 1074 sed
1261 1031 1308 1073 in
1344 1032 1575 1088 meipsum,
1606 1034 1652 1073 et

179 1099 344 1143 similes
373 1099 472 1150 mei,
494 1099 569 1156 qui
601 1114 771 1143 mecum
802 1100 990 1157 cupiunt
1019 1100 1258 1152 emendari,
1289 1104 1369 1143 aut
1394 1101 1440 1143 in
1471 1115 1544 1143 eos
1575 1100 1652 1156 qui

179 1169 360 1226 collapsi
410 1168 457 1211 in
507 1168 604 1212 fata
659 1184 833 1212 omnem
891 1170 1275 1227 reprehensionem
1328 1170 1653 1227 aequanimiter

179 1237 346 1283 ferunt.
404 1238 525 1281 Noui
556 1238 674 1281 enim
706 1239 811 1296 quia
843 1239 954 1282 nulli
986 1240 1138 1297 grauis
1170 1254 1402 1297 percussus
1434 1240 1652 1283 Achilles:

123 1320 163 1356 τε
181 1309 227 1351 et
258 1322 465 1365 praesens
504 1311 627 1351 aetas
661 1309 902 1366 corrigitur
935 1309 1042 1352 dum
1078 1310 1321 1367 praeterita
1355 1310 1448 1353 suis
1482 1310 1654 1353 meritis

180 1377 455 1435 obiurgatur.
534 1377 608 1421 Sic
647 1378 754 1421 dum
800 1379 1060 1436 corrigatur,
1101 1380 1284 1423 Oratius
1324 1380 1460 1423 etiam
1500 1379 1654 1432 seruis,

180 1449 234 1490 ut
263 1446 496 1490 Decembri
526 1447 732 1491 libertate
762 1451 961 1501 utantur,
993 1449 1207 1506 indulget.

357 1550 499 1594 Omne
529 1550 659 1594 uafer
687 1551 850 1595 uitium
880 1552 1045 1595 ridenti
1077 1552 1259 1596 Flaccus
1289 1553 1430 1596 amico

355 1609 516 1666 tangit,
547 1612 593 1652 et
622 1610 840 1653 admissus
870 1611 1034 1654 circum
1064 1611 1321 1668 praecordia
1351 1612 1478 1654 ludit.

123 1719 167 1744 πο
184 1705 308 1760 Quae
347 1721 454 1750 uero
493 1707 550 1750 ad
591 1722 684 1750 rem
724 1709 996 1765 pertinentia
1030 1724 1056 1751 a
1091 1709 1278 1752 diuersis
1313 1709 1569 1752 auctoribus
1609 1724 1655 1752 se

182 1775 332 1818 animo
371 1775 646 1834 ingerebant,
686 1777 792 1835 dum
832 1777 1086 1821 conferrent
1125 1781 1206 1821 aut
1245 1779 1465 1830 iuuarent‚
1500 1778 1654 1822 curaui

181 1844 386 1895 inserere,
414 1845 564 1889 tacitis
594 1836 818 1890 interdum
847 1847 1101 1890 nominibus
1128 1851 1383 1900 auctorum;
1423 1852 1520 1891 tum
1549 1849 1655 1905 quia

182 1914 267 1958 tibi
299 1917 455 1972 utpote
486 1916 728 1959 exercitato
759 1916 805 1959 in
833 1917 996 1959 litteris
1027 1916 1235 1974 pleraque
1263 1918 1517 1974 plenissime
1547 1922 1655 1961 nota

183 1999 276 2028 esse
307 1999 545 2038 noueram3
588 1990 686 2029 tum
720 1990 773 2029 ut
802 1987 859 2029 ad
892 1987 1123 2030 lectionem
1159 1988 1381 2031 assiduam
1413 1989 1556 2045 magis
1586 2003 1655 2031 ac-

125 2067 166 2102 25
183 2054 446 2098 cenderetur
465 2055 658 2112 ignarus.
719 2056 774 2098 In
803 2057 964 2113 quibus
989 2056 1026 2099 si
1054 2057 1161 2113 quid
1189 2072 1215 2100 a
1241 2058 1329 2100 fide
1356 2059 1451 2101 ueri
1479 2058 1655 2115 longius

183 2123 320 2175 abest,
350 2125 485 2168 michi
515 2126 692 2168 ueniam
723 2126 872 2168 deberi
903 2126 1086 2176 confido,
1117 2127 1194 2183 qui
1224 2143 1313 2170 non
1349 2129 1509 2180 omnia,
1542 2143 1655 2185 quae

183 2192 256 2236 hic
283 2194 549 2245 scribuntur,
570 2210 678 2237 uera
705 2210 798 2238 esse
826 2196 1051 2252 promitto,
1072 2197 1148 2239 sed
1179 2197 1274 2240 siue
1302 2212 1409 2240 uera
1436 2213 1514 2240 seu
1542 2198 1656 2240 falsa

184 2261 287 2313 sint,
306 2262 548 2320 legentium
569 2264 722 2307 usibus
749 2264 975 2308 inseruire.
1036 2266 1192 2322 Neque
1220 2267 1338 2309 enim
1365 2264 1476 2310 adeo
1503 2282 1656 2310 excors

185 2344 297 2384 sum,
317 2335 370 2375 ut
397 2347 478 2389 pro
506 2347 613 2376 uero
640 2337 851 2391 astruam,
878 2335 983 2391 quia
1010 2336 1217 2392 pennatis
1244 2336 1403 2379 auibus
1432 2337 1655 2393 quondam

189 2487 208 2525 5
227 2478 335 2515 docet
349 2478 415 2515 SM
502 2482 525 2518 6
542 2481 811 2527 pammachium
824 2481 891 2518 SM
984 2493 1025 2520 12
1044 2483 1120 2520 mei
1132 2483 1272 2521 similes
1286 2484 1319 2518 A

238 2621 259 2656 3
284 2617 420 2650 mutato
436 2615 530 2650 etc.:
556 2614 645 2651 Hor.
661 2616 737 2651 Sat.
755 2615 780 2652 i.
802 2626 831 2652 1.
844 2617 902 2661 69,
917 2625 974 2660 70.
1121 2628 1164 2653 10
1187 2619 1229 2654 Si
1244 2619 1332 2664 quid
1349 2624 1469 2654 autem
1486 2620 1554 2655 etc.
1572 2631 1580 2655 :
1608 2619 1655 2655 cf.

189 2656 404 2696 Jusserand.
430 2662 504 2696 Lit.
532 2663 630 2699 Hist.
656 2664 702 2708 of
719 2665 775 2698 the
803 2665 958 2709 Enylt'sh
986 2666 1122 2710 Pwple,
1154 2677 1189 2710 p.
1221 2668 1287 2710 189
1298 2678 1335 2700 n.
1495 2677 1536 2710 ¹4
1562 2668 1658 2701 nulli

188 2707 318 2758 yrauf's
333 2707 423 2743 eta:
455 2707 532 2745 IuV.
549 2711 622 2745 Sat.
639 2709 664 2745 i.
687 2711 763 2755 163.
863 2720 903 2754 17
931 2713 1116 2747 Decembri
1132 2714 1295 2748 libertate
1312 2718 1482 2749 utantur:
1514 2726 1545 2749 v.
1564 2714 1655 2749 Hor.

190 2753 264 2788 Sat.
283 2764 322 2788 11.
347 2762 380 2806 7..
405 2764 437 2798 4,
466 2763 496 2800 5.
667 2758 708 2792 18
736 2759 846 2792 Omne
870 2760 964 2794 etc.:
993 2758 1091 2794 Pers.
1117 2761 1191 2795 Sat.
1213 2759 1237 2795 i.
1268 2761 1345 2803 116,
1367 2770 1455 2804 117;
1483 2761 1530 2797 cf.
1555 2761 1656 2796 infra

190 2800 320 2891 Politir.
345 2799 400 2836 ni.
437 2811 489 2846 14.
596 2835 603 2846 ,
692 2813 737 2849 29
756 2807 930 2850 pennatis
953 2807 1048 2841 etc.:
1084 2806 1216 2842 Avian.
1255 2809 1346 2843 Fab.
1380 2806 1409 2842 ii
1444 2808 1516 2854 (ed.
1551 2806 1656 2849 Ellis,

1508 2935 1548 2968 ¹5

1666 217 1749 268 38⁷
1764 226 1796 256 ὃ
