1994 3190
225 190 300 241 418
317 189 348 231 d
693 188 954 234 IOANNIS
993 189 1505 234 SARESBERIENSIS
1657 187 1770 251 [mn.
1786 202 1827 236 11

361 308 522 366 quibus
556 312 603 352 et
637 309 840 366 Apostoli
871 323 1034 361 omnes,
1066 309 1301 367 praecipue
1334 312 1485 353 tamen
1517 309 1716 363 Iacobus,
1748 311 1828 368 qui

361 379 592 421 dicebatur
618 378 760 422 frater
782 379 974 430 Domini,
994 379 1261 422 Ierosolimis
1289 379 1517 436 episcopus
1543 380 1827 432 constitutus,

214 457 294 496 419
314 458 344 486 a
361 447 662 491 indesinenter
688 448 902 506 populum
930 448 1186 492 commissae
1215 448 1458 505 impietatis
1485 451 1531 491 et
1557 448 1709 492 feralis
1728 449 1825 493 ausi

361 517 416 559 de
448 517 608 560 scelere
642 518 989 568 commonebant,
1019 518 1057 561 si
1087 518 1203 561 forte
1230 522 1421 575 possent,
1450 518 1670 561 commissi
1702 518 1825 575 peni-

358 585 561 629 tudinem
594 600 772 644 gerere;
810 587 848 630 si
886 590 1077 644 possent,
1111 587 1216 630 flere
1250 602 1332 644 pro
1366 587 1526 630 scelere
1565 590 1611 630 et
1644 587 1825 631 ultrices
1841 605 1862 640 5

356 669 571 712 penarum
590 655 791 698 flammas
809 655 1091 698 lacrimarum
1111 656 1315 698 ubertate
1335 656 1619 712 restinguere.
1665 656 1824 699 Osten-

356 724 492 767 debat
510 739 700 782 namque
720 725 784 768 eis
804 725 925 768 Deus
943 740 1022 782 per
1042 740 1167 768 suam
1194 725 1458 782 patientiam
1485 725 1603 782 quod
1627 725 1824 782 ipsorum

357 797 588 850 quaereret
616 794 933 851 penitentiam;
970 795 1075 851 quia
1103 810 1192 838 non
1222 794 1323 838 uult
1351 796 1529 836 tantum
1559 793 1680 837 Deus
1709 809 1824 838 mor-

355 866 447 906 tem
474 863 715 920 peccatoris
742 866 959 920 quantum
986 867 1039 907 ut
1062 867 1350 908 conuertatur
1378 867 1424 906 et
1451 863 1589 907 uiuat.
1650 865 1824 909 Mollire

355 936 506 975 autem
555 933 699 976 adhuc
739 934 901 977 mentis
940 948 1092 977 eorum
1139 934 1351 977 duritiam
1394 933 1623 976 nitebatur
1668 934 1824 979 diuina
1843 952 1886 978 10

355 1002 564 1045 maiestas
593 1002 731 1059 signis
758 1005 804 1045 et
830 1002 1045 1060 prodigiis
1070 1003 1227 1046 celitus
1251 1002 1368 1045 datis
1395 1005 1670 1059 terroresque
1689 1003 1823 1047 simul

356 1074 401 1114 et
430 1071 646 1114 minacem
675 1071 904 1115 dexteram
933 1071 1203 1114 ostendendo
1228 1071 1376 1128 potius
1403 1085 1536 1128 quam
1565 1071 1824 1127 inferend03

355 1140 410 1183 de
445 1141 606 1197 quibus
645 1155 780 1198 supra
814 1141 922 1184 dicti
957 1141 1303 1198 historiographi
1334 1141 1455 1191 fides,
1487 1144 1540 1184 ut
1573 1141 1621 1183 in
1654 1142 1824 1195 ceteris,

355 1210 490 1253 etiam
510 1210 558 1252 in
578 1210 660 1253 hoc
683 1210 902 1254 sufficiens
922 1211 1018 1253 erit.
1078 1210 1340 1268 Relegamus
1365 1225 1469 1267 ergo
1489 1210 1596 1267 quid
1620 1211 1668 1253 in
1695 1214 1824 1255 sexto

355 1279 641 1323 historiarum
671 1294 852 1323 suarum
881 1279 995 1323 libro
1025 1280 1079 1323 de
1105 1280 1175 1322 his
1205 1280 1298 1336 ipse
1328 1280 1573 1338 signauerit
1596 1280 1822 1338 Iosephus.
1842 1295 1882 1330 15

356 1349 444 1393 Sed
471 1349 704 1401 infelicem,
724 1349 882 1406 inquit,
902 1349 1072 1406 plebem
1100 1349 1317 1393 teterrimi
1342 1349 1522 1406 quidam
1547 1350 1746 1393 homines
1776 1353 1823 1394 et

293 1421 338 1459 ,b
355 1419 608 1476 deceptores
658 1418 772 1462 falsa
817 1419 1112 1462 uaticinantes
1150 1418 1397 1462 suadebant
1445 1421 1498 1462 ut
1540 1418 1822 1463 euidentibus

354 1490 494 1546 signis
526 1492 571 1531 et
601 1488 776 1532 indiciis
804 1488 1058 1531 iracundiae
1092 1491 1138 1531 et
1169 1488 1489 1546 indignationis
1521 1488 1700 1531 diuinae
1730 1503 1821 1533 non

351 1558 591 1609 crederent,
612 1558 772 1615 quibus
792 1560 942 1614 aperte
963 1556 1166 1600 futurum
1191 1560 1236 1600 et
1255 1557 1379 1601 urbis
1406 1560 1451 1600 et
1477 1557 1624 1615 gentis
1643 1572 1818 1615 praesa·

349 1628 542 1685 gabatur
576 1627 809 1670 excidium.
879 1625 967 1669 Sed
1001 1626 1126 1669 uelut
1160 1626 1298 1670 afflati
1330 1629 1375 1670 et
1413 1630 1621 1677 amentes,
1656 1630 1702 1671 et
1741 1629 1819 1685 qui
1838 1644 1882 1669 πο

352 1712 494 1754 neque
533 1696 681 1740 oculos
724 1710 865 1752 neque
905 1695 1075 1738 animas
1114 1695 1160 1738 in
1200 1710 1246 1739 se
1285 1696 1512 1751 haberent,
1551 1697 1819 1754 spernebant

351 1766 501 1810 omnia
545 1780 657 1823 quae
701 1764 857 1808 celitus
896 1764 1230 1808 nuntiabantur.
1310 1764 1486 1808 Etenim
1525 1765 1654 1809 stella
1693 1781 1818 1823 prae·

352 1835 529 1893 fulgens
554 1834 703 1892 gladio
730 1849 809 1892 per
828 1834 976 1877 omnia
995 1834 1151 1878 similis
1171 1834 1400 1878 imminere
1420 1834 1607 1892 desuper
1631 1835 1818 1887 ciuitati,

351 1907 397 1948 et
428 1907 617 1947 cometes
655 1906 883 1960 praeterea
918 1903 1173 1946 exitialibus
1206 1903 1395 1946 flammis
1430 1903 1583 1947 ardere
1617 1904 1716 1947 uisa
1749 1907 1818 1948 est

351 1988 431 2030 per
462 1976 606 2016 totum
642 1987 818 2015 annum.
880 1972 967 2015 Sed
1000 1975 1045 2015 et
1079 1975 1182 2015 ante
1217 1973 1376 2016 excidii
1410 1975 1584 2030 tempus
1615 1988 1665 2017 ac
1700 1974 1817 2026 belli,
1837 1991 1877 2026 ²5

350 2057 450 2086 cum
473 2042 623 2099 populi
644 2041 701 2084 ad
721 2041 837 2084 diem
863 2041 1027 2084 festum
1054 2042 1351 2092 conuenirent,
1371 2044 1528 2085 octauo
1555 2042 1626 2086 die
1653 2043 1818 2088 mensis

352 2112 574 2161 Xantichi,
596 2110 670 2167 qui
699 2114 767 2153 est
791 2110 969 2167 Aprilis,
990 2111 1131 2154 noctis
1158 2114 1364 2168 tempore,
1386 2111 1494 2154 hora
1514 2126 1642 2162 nona,
1662 2114 1817 2156 tantus

351 2181 530 2224 luminis
558 2180 706 2237 fulgor
732 2194 854 2222 aram
885 2180 1185 2237 templumque
1211 2180 1509 2230 circumdedit,
1530 2183 1581 2223 ut
1605 2183 1818 2237 putarent

350 2265 502 2293 ornnes
521 2249 635 2292 diem
656 2248 945 2292 clarissimum
968 2249 1147 2298 factum,
1168 2251 1213 2292 et
1239 2250 1482 2306 permansit
1508 2250 1652 2306 spatio
1679 2250 1815 2294 horae

309 2318 570 2362 cdimidiae.
644 2317 772 2371 Quod
804 2318 1020 2375 imperitis
1055 2318 1229 2375 quidem
1267 2322 1312 2362 et
1350 2319 1515 2376 ignaris
1555 2334 1812 2376 prosperum
1833 2337 1877 2372 30

351 2389 616 2439 uidebatur;
665 2387 739 2430 sed
781 2387 1054 2444 legisperitos
1094 2391 1139 2430 et
1185 2388 1343 2444 probos
1382 2404 1575 2446 quosque
1615 2389 1814 2434 doctores

350 2473 437 2500 non
460 2457 593 2500 latuit
612 2456 791 2499 exitiale
812 2460 1079 2513 portentum.
1124 2457 1177 2499 In
1200 2457 1350 2500 eadem
1373 2473 1544 2515 quoquc
1568 2458 1816 2502 festiuitatc
1888 2453 1890 2458 ’

349 2526 494 2570 uitula
541 2526 764 2569 sacrificiis
813 2525 992 2569 admota
1041 2530 1085 2569 ct
1134 2527 1223 2570 aris
1272 2527 1481 2571 assistens
1531 2528 1648 2571 inter
1696 2528 1816 2585 ipsas

350 2636 374 2671 6
400 2633 787 2688 ubertate‘llibcrtatc
807 2634 843 2670 M
974 2634 1201 2689 restringere
1220 2634 1257 2670 M
1443 2646 1482 2690 ¹3
1508 2635 1814 2683 hystoriographi

351 2681 420 2717 Au
439 2695 447 2717 :
474 2682 720 2727 hnutonogmfl
741 2683 765 2718 S
912 2692 952 2725 ¹⁴
979 2682 1048 2717 νιω
1065 2682 1119 2718 CS
1266 2691 1305 2729 15
1333 2682 1584 2728 hystoriarum
1606 2684 1643 2719 M
1768 2694 1816 2720 πο

351 2729 463 2765 uelud
483 2730 513 2764 Δ
658 2739 701 2774 24
728 2729 809 2766 uina
825 2730 880 2765 eat
896 2729 1026 2766 ardere
1045 2728 1081 2764 M
1216 2731 1261 2767 26
1286 2729 1350 2765 viii
1369 2729 1394 2766 S
1525 2740 1568 2775 27
1596 2730 1764 2769 xanctioi
1780 2731 1814 2767 A

349 2794 781 2823 --ή---

396 2829 417 2862 8
442 2828 527 2872 quia
547 2839 618 2862 mm
636 2828 715 2863 uult
732 2830 802 2864 etc.
820 2840 827 2864 ε
857 2826 988 2864 Ezech.
1008 2826 1106 2865 xviii.
1126 2838 1180 2874 32,
1201 2827 1330 2863 xxxiii.
1353 2838 1405 2865 11.

459 2905 499 2940 7²
