1994 3190
128 197 231 233 οΑΡ.
247 183 288 247 1]
654 185 1091 231 POLICRATICVS
1610 189 1690 240 478
1708 188 1738 230 d

129 299 311 358 spargit,
331 299 606 343 diuersarum
626 314 809 343 exerens
828 300 1064 343 carismata
1089 302 1348 359 gratiarum.
1409 302 1467 346 Et
1487 303 1594 346 haec
1611 302 1640 342 d

128 369 263 412 michi
292 369 472 412 uidetur
500 383 608 412 uera
635 373 680 411 et
709 369 841 412 unica
867 369 1149 413 incolumitas
1177 372 1311 423 uitae,
1338 386 1439 415 cum
1470 387 1594 416 mens

128 438 383 481 uiuificante
404 437 576 494 Spiritu
605 437 662 480 ad
689 452 837 480 rerum
860 438 1068 481 notitiam
1092 439 1344 483 illustratur
1371 444 1416 484 et
1445 456 1593 484 accen-

127 506 251 549 ditur
269 506 326 549 ad
349 521 542 550 amorem
569 507 815 550 honestatis
842 510 888 550 et
913 507 1082 551 cultum
1112 508 1308 554 uirtutis.
1368 510 1596 554 Praecedit

89 594 110 630 5
128 589 232 633 ergo
265 576 449 619 scientia
488 576 672 619 uirtutis
709 576 891 628 cultum,
923 577 1029 634 quia
1062 592 1191 620 nemo
1225 581 1372 634 potest
1405 579 1597 622 fideliter

127 648 334 702 appetere
354 644 471 701 quod
490 645 691 702 ignorat;
720 648 766 688 et
785 646 965 698 malum,
985 646 1071 690 nisi
1092 647 1319 704 cognitum
1336 648 1407 698 sit,
1423 648 1597 691 utiliter

126 727 217 756 non
259 717 454 758 cauetur.
526 714 661 758 Porro
706 715 916 758 scientiae
963 716 1199 758 thesaurus
1247 716 1374 758 nobis
1425 716 1597 759 duobus

126 782 269 826 modis
303 784 542 840 exponitur
554 798 565 836 ;
603 798 703 827 cum
739 787 820 827 aut
859 785 1046 827 rationis
1085 785 1296 828 exercitio
1336 785 1454 841 quod
1494 786 1596 828 sciri

127 854 274 908 potest
293 852 542 896 intellectus
571 853 769 906 inuenit3
799 856 879 896 aut
903 854 1021 910 quod
1044 854 1352 897 absconditum
1380 858 1447 896 est
1475 869 1596 897 reue·
1613 869 1697 909 479
1718 870 1748 898 a

69 942 110 967 ιο
127 920 225 965 lans
253 922 400 980 gratia
425 922 562 966 oeulis
589 923 794 980 ingerens
823 923 1048 980 patefacit.
1120 923 1194 966 Sic
1222 923 1378 980 utique
1409 927 1488 966 aut
1519 938 1599 980 per

127 994 334 1034 naturam
355 994 434 1035 aut
453 1006 532 1049 per
550 992 743 1050 gratiam
771 992 829 1035 ad
853 993 1059 1036 ueritatis
1086 993 1359 1050 agnitionem
1389 996 1434 1036 et
1460 994 1598 1036 scien-

127 1060 239 1103 tiam
259 1075 409 1107 eorum
430 1076 543 1118 quae
572 1061 817 1107 necessaria
842 1065 948 1105 sunt
974 1062 1278 1119 unusquisque
1305 1065 1453 1119 potest
1480 1077 1598 1106 acce-

127 1129 243 1175 dere.
314 1130 528 1187 Quodque
567 1131 710 1188 magis
748 1131 919 1182 mirere,
966 1131 1154 1188 quilibet
1200 1132 1326 1188 quasi
1377 1132 1598 1189 quendam

125 1197 291 1242 librum
322 1199 598 1243 sciendorum
630 1200 771 1244 officio
795 1201 981 1244 rationis
1008 1203 1211 1258 apertum
1239 1202 1356 1258 gerit
1383 1202 1430 1243 in
1457 1202 1598 1245 corde.

70 1287 110 1322 15
129 1267 184 1310 In
224 1283 311 1330 quo
349 1283 439 1312 non
477 1269 608 1312 modo
646 1270 891 1312 uisibilium
926 1270 1091 1327 species
1125 1285 1360 1327 rerumque
1400 1271 1599 1314 omnium

127 1339 291 1380 natura
329 1338 596 1396 depingitur,
628 1339 705 1382 sed
739 1339 879 1396 ipsius
910 1339 1079 1396 opificis
1117 1340 1315 1382 omnium
1355 1340 1599 1383 inuisibilia

128 1405 212 1450 Dei
251 1407 394 1464 digito
432 1408 781 1452 conscribuntur.
842 1409 968 1452 Adeo
1008 1409 1186 1466 quidem
1226 1412 1279 1452 ut
1318 1425 1598 1466 nequaquam

127 1475 308 1519 ualeant
327 1491 407 1534 per
431 1477 730 1535 ignorantiam
755 1479 969 1531 excusari,
990 1479 1151 1536 quibus
1179 1479 1389 1522 beneficio
1412 1484 1599 1522 naturae

125 1545 202 1588 uel
231 1546 403 1603 gratiae
432 1547 724 1604 gerendorum
755 1548 889 1591 series
919 1548 1167 1592 innotescit.
1229 1548 1356 1592 Sicut
1383 1548 1599 1605 scriptum

69 1638 114 1663 πο
130 1618 217 1658 est:
251 1615 379 1669 Quod
414 1617 531 1660 enim
563 1620 719 1660 notum
754 1621 822 1661 est
851 1618 947 1669 Dei,
981 1618 1268 1662 manifestum
1302 1622 1370 1661 est
1401 1618 1448 1660 in
1484 1618 1599 1670 illis3

129 1683 251 1728 Deus
274 1686 391 1728 enim
422 1687 641 1730 reuelauit
670 1687 771 1731 illis.
831 1688 934 1730 Non
964 1691 1115 1731 tamen
1145 1691 1378 1745 corruptae
1410 1691 1598 1730 naturae

129 1753 341 1798 aduersus
359 1756 552 1812 gratiam
573 1757 807 1814 magnifico
825 1757 1022 1800 fimbrias
1042 1761 1122 1800 aut
1143 1757 1305 1800 faleras
1321 1757 1455 1814 erigO,
1471 1757 1598 1814 quasi
1616 1762 1645 1801 b

129 1823 226 1880 ipsa
245 1824 414 1882 aliquid
444 1826 545 1869 boni
576 1826 740 1870 habeat
767 1827 884 1884 quod
914 1842 1002 1870 non
1028 1828 1269 1884 acceperit3
1299 1842 1399 1871 cum
1427 1831 1599 1870 certum

129 1893 190 1936 sit
209 1893 313 1950 quia
332 1895 427 1938 sine
447 1910 499 1938 ea
518 1896 655 1939 nichil
671 1911 904 1953 possumus
920 1896 1076 1940 facere.
1117 1897 1303 1954 Agnitio
1324 1896 1465 1953 igitur
1484 1896 1599 1939 ueri·

71 1983 114 2018 ²5
129 1962 238 2006 tatis
263 1963 496 2021 cultusque
526 1964 710 2008 uirtutis
740 1965 918 2022 publica
947 1966 1224 2023 singulorum
1256 1968 1301 2008 et
1328 1965 1526 2008 omnium
1555 1969 1601 2009 et

130 2031 358 2075 rationalis
378 2035 564 2076 naturae
585 2034 850 2076 uniuersalis
870 2034 1151 2077 incolumitas
1172 2038 1251 2078 est.
1313 2033 1598 2078 Contrarium

127 2112 236 2143 uero
272 2101 366 2144 eius
404 2102 658 2160 ignorantia
693 2106 738 2146 et
772 2103 950 2146 odibilis
982 2107 1027 2147 et
1059 2104 1238 2147 inimica
1272 2118 1469 2161 propago
1504 2104 1599 2146 eius

129 2168 292 2212 uitium
324 2173 403 2214 est.
474 2171 533 2214 Et
564 2174 682 2215 recte
714 2172 891 2229 quidem
924 2173 1178 2230 ignorantia
1211 2176 1355 2216 mater
1386 2173 1488 2215 uitii
1521 2176 1599 2222 est,

133 2237 237 2294 quia
256 2253 497 2296 numquam
527 2241 637 2284 adeo
661 2242 825 2285 sterilis
851 2245 930 2294 est,
950 2246 1003 2285 ut
1032 2257 1122 2285 non
1142 2242 1374 2286 odibilium
1401 2242 1598 2286 fructum

74 2325 118 2360 30
133 2307 279 2364 pariat
302 2308 536 2354 infelicem.
597 2311 752 2368 Inquit
767 2312 972 2355 ethicus:
1003 2312 1071 2355 Tu

830 2397 953 2440 nullo
983 2398 1116 2440 thure
1145 2397 1309 2450 litabis,

335 2452 488 2496 hereat
516 2454 564 2496 in
593 2454 743 2498 stultis
772 2455 921 2499 breuis
950 2459 1003 2499 ut
1032 2456 1256 2500 semuncia
1284 2456 1406 2500 recti.

138 2577 156 2606 1
184 2579 359 2606 exercens
374 2569 416 2605 M

187 2684 241 2728 16,
256 2692 297 2728 17
323 2685 527 2721 inuisibilia
544 2688 634 2722 Dei:
661 2698 692 2722 v.
710 2685 817 2722 Rom.
834 2686 860 2724 i.
878 2697 935 2723 20.
1024 2697 1072 2724 20
1098 2689 1198 2732 Quod
1214 2688 1311 2722 enim
1328 2687 1398 2722 etc.
1413 2697 1422 2722 ε
1450 2685 1555 2721 Rom.
1573 2685 1597 2722 i.

139 2739 194 2774 17.
345 2741 386 2767 21
407 2734 601 2769 reuelauit:
626 2733 737 2779 Vulg.
756 2736 1016 2779 manifnstauit.
1169 2745 1213 2770 22
1240 2736 1430 2778 maynifico
1447 2735 1539 2768 etc.:
1565 2745 1598 2769 v.

137 2776 250 2813 Matt.
267 2777 372 2814 xxiii.
391 2787 422 2825 5.
565 2783 670 2827 quasi
687 2784 782 2817 etc.t
813 2792 827 2817 1
850 2782 934 2817 Cor.
952 2782 998 2817 iv.
1017 2790 1048 2825 7.
1218 2791 1263 2825 24
1287 2783 1366 2816 sine
1382 2793 1424 2816 ea
1443 2782 1534 2816 etc.:
1561 2792 1596 2816 v.

138 2823 270 2861 Ioann.
288 2836 345 2862 xv.
364 2834 396 2872 5.
538 2837 578 2873 31
605 2829 706 2864 nullo
722 2830 794 2865 etc.
814 2841 822 2865 :
848 2828 950 2866 Pers.
966 2830 1041 2865 Sat.
1057 2841 1090 2865 v.
1111 2838 1189 2871 120,
1210 2838 1288 2865 121.

1429 2899 1492 2935 173
