1994 3190
146 209 242 242 cAP.
257 195 399 257 xv111]
661 193 1098 239 POLICRATICVS
1623 197 1709 245 436
1727 206 1758 236 a

144 316 327 360 concilia
360 318 406 359 et
438 316 682 359 conuentus
716 313 771 356 de
800 314 928 355 nocte
966 315 1170 355 asserunt
1198 327 1449 366 conuocare,
1477 315 1606 358 uaria

144 384 354 429 celebrari
384 383 601 433 conuiuia,
632 381 979 424 ministeriorum
1009 382 1174 438 species
1204 382 1391 426 diuersis
1421 399 1603 442 occupa-

143 454 339 498 tionibus
359 452 563 502 exerceri,
583 454 629 494 et
648 465 766 494 nunc
785 451 894 493 istos
914 450 971 493 ad
991 465 1151 507 penam
1178 452 1298 494 trahi
1325 467 1405 509 pro
1432 454 1603 497 meritis

142 537 260 566 nunc
280 522 378 565 illos
397 521 455 564 ad
473 520 660 579 gloriam
679 519 908 563 sullimari.
968 519 1201 562 Praeterea
1220 520 1416 564 infantes
1443 523 1604 579 exponi
1623 527 1652 566 b

106 615 126 650 5
144 591 289 634 lamiis
324 594 370 634 et
407 604 525 634 nunc
564 589 817 632 frustratim
862 589 1105 646 discerptos
1151 589 1274 632 edaci
1320 590 1519 647 ingluuie
1559 593 1606 635 in

142 663 344 704 uentrem
378 660 584 704 traiectos
618 659 806 716 congeri,
838 673 955 701 nunc
994 658 1287 715 praesidentis
1326 660 1608 704 miseratione

143 730 326 774 reiectos
346 730 393 772 in
413 743 548 773 cunas
568 728 733 785 reponi.
793 727 904 781 Quis
928 727 999 771 uel
1027 742 1152 771 cecus
1172 727 1254 770 hoc
1282 728 1607 772 ludificantium

143 799 378 843 demonum
409 813 498 842 non
532 797 685 842 uideat
719 812 811 841 esse
847 797 1127 854 nequitiam?
1198 796 1327 850 Quod
1361 798 1433 840 uel
1469 813 1525 841 ex
1557 814 1608 842 eo

144 870 281 926 patet,
301 867 418 925 quod
437 867 706 910 mulierculis
727 869 772 910 et
792 867 902 909 uiris
921 866 1263 924 simplicioribus
1283 869 1330 910 et
1355 867 1607 910 infirmiori-

85 959 128 984 ιο
144 937 228 980 bus
247 937 294 980 in
313 937 400 980 fide
426 937 514 980 ista
539 936 819 994 proueniunt.
879 936 928 979 Si
955 951 1062 979 uero
1090 936 1324 993 quisquam
1352 951 1503 979 eorum
1532 938 1608 993 qui

143 1007 227 1051 hac
265 1006 468 1050 illusione
507 1005 680 1049 laborat
719 1006 776 1048 ab
815 1005 965 1062 aliquo
998 1008 1254 1048 constanter
1294 1008 1339 1048 et
1379 1020 1435 1048 ex
1469 1006 1609 1063 signis

142 1076 365 1133 aliquibus
396 1078 622 1133 arguatur,
655 1074 908 1118 demonium
942 1075 1097 1118 statim
1131 1078 1212 1118 aut
1252 1078 1492 1132 superatur
1530 1078 1610 1118 aut

86 1154 90 1158 ’
143 1145 260 1190 cedit
283 1148 339 1196 et,
368 1148 421 1189 ut
449 1145 624 1197 dicitur,
654 1159 710 1187 ex
740 1159 827 1201 quo
858 1144 957 1201 quis
987 1145 1034 1186 in
1064 1144 1160 1188 luce
1190 1145 1406 1202 arguitur,
1436 1149 1609 1188 cessant

142 1229 276 1273 opera
303 1214 596 1258 tenebrarum.
656 1214 804 1257 Huius
830 1217 980 1256 autem
1010 1214 1147 1271 pestis
1176 1229 1283 1258 cura
1313 1213 1610 1258 efficacissima

86 1307 128 1343 15
145 1287 213 1329 est
232 1287 284 1328 ut
303 1285 435 1328 fidem
456 1285 555 1342 quis
574 1284 805 1342 amplexus
832 1284 902 1327 his
925 1284 1165 1328 mendaciis
1190 1275 1426 1328 subtrahat
1447 1285 1610 1327 mentis

144 1355 347 1398 auditum
383 1357 428 1398 et
462 1369 742 1412 nequaquam
771 1354 979 1412 respiciat
1008 1355 1066 1398 ad
1101 1354 1355 1398 huiusmodi
1385 1355 1609 1399 uanitates
1628 1370 1652 1399 e

143 1427 189 1469 et
217 1424 412 1468 insanias
441 1423 587 1468 falsas.

145 1544 252 1604 Cap.
294 1545 358 1589 18.
437 1545 502 1589 De
547 1544 860 1602 fundamento
908 1544 1261 1596 mathematicae,
1310 1549 1349 1588 et
1403 1546 1610 1589 eccercitio

58 1674 65 1679 ἢ
259 1629 484 1666 sensuwm,
518 1618 558 1658 et
587 1614 774 1659 uiribus
804 1615 1002 1666 animae,
1031 1618 1070 1658 et
1099 1614 1301 1672 profectu
1330 1615 1541 1666 rationis,
1571 1620 1611 1659 et

89 1715 131 1739 ,ο
260 1683 451 1742 efficacia
470 1683 736 1728 liberalium
754 1684 1127 1741 disciplinarum.

203 1773 346 1818 Possit
371 1774 543 1817 utinam
567 1776 661 1817 tam
688 1773 818 1818 facile
844 1774 1259 1817 mathematicorum
1282 1788 1404 1816 error
1429 1788 1457 1816 a
1484 1788 1610 1831 prae-

144 1843 431 1888 stantioribus
475 1843 635 1887 animis
673 1844 869 1887 amoueri
910 1858 1043 1900 quam
1089 1843 1249 1886 leuiter
1287 1843 1335 1885 in
1374 1847 1610 1900 conspectu

143 1927 274 1956 uerae
292 1913 395 1956 fidei
415 1915 460 1956 et
475 1928 607 1956 sanae
622 1913 912 1957 conscientiae
927 1913 1114 1955 istarum
1130 1912 1385 1956 illusionum
1406 1913 1611 1955 demonia

145 1983 470 2040 conquiescunt.
526 1983 843 2026 Verumtamen
870 1997 922 2026 eo
948 1982 1235 2039 periculosius
1263 1984 1425 2034 errant,
1447 1997 1534 2038 quo
1562 1982 1609 2024 in

89 2071 128 2106 ²5
146 2052 366 2096 soliditate
385 2054 571 2096 naturae
592 2054 636 2095 et
655 2052 809 2109 uigore
829 2052 1015 2095 rationis
1035 2066 1164 2094 suum
1189 2051 1379 2094 fundare
1399 2051 1611 2094 uidentur

144 2135 347 2165 errorem.
406 2122 704 2165 Temerarium
725 2121 942 2178 siquidem
961 2121 1141 2164 uidetur
1159 2121 1380 2164 uniuersis
1399 2121 1446 2163 in
1467 2121 1609 2178 legem

144 2192 329 2234 naturae
362 2191 669 2248 praeuaricari,
704 2193 750 2234 et
783 2191 972 2234 stultum
1007 2191 1148 2248 gratis
1187 2190 1420 2233 dissentire
1460 2191 1518 2233 ab
1558 2206 1608 2234 eo

145 2259 261 2316 quod
280 2259 394 2303 ratio
413 2260 643 2317 persuasit.
700 2260 742 2302 A
761 2260 879 2303 ueris
906 2274 1011 2317 ergo
1037 2262 1222 2302 sumunt
1247 2260 1438 2310 initium,
1459 2262 1511 2302 ut
1530 2274 1610 2316 per

145 2341 251 2371 uera
279 2328 447 2391 diutius
472 2329 723 2386 gradientes
752 2338 798 2372 se
827 2331 873 2372 et
899 2329 1160 2386 sequipedas
1186 2344 1289 2372 suos
1315 2329 1609 2386 praecipitent

145 2446 301 2484 nomine
336 2445 540 2493 Augustini
573 2447 666 2485 editi
698 2459 729 2485 c.
755 2449 800 2484 28
836 2447 997 2494 (Migne,
1029 2450 1070 2484 P.
1097 2449 1142 2484 L.
1173 2448 1224 2485 xl.
1258 2447 1356 2494 799),
1384 2447 1608 2484 Vincentius

146 2493 420 2531 Bellovacensis
441 2496 538 2540 Spec.
562 2497 652 2532 Mai.
678 2494 717 2532 ii.
748 2506 785 2531 11
818 2497 1001 2540 Quaedam
1024 2497 1255 2532 mulierculae
1277 2502 1356 2542 post
1381 2497 1496 2531 Satan
1523 2508 1607 2531 con-

146 2552 264 2577 versae
288 2543 501 2578 daemonum
526 2544 755 2579 illusionibus
779 2548 812 2579 et
830 2544 1120 2588 fantasmatibus
1143 2545 1307 2579 seductae
1336 2545 1484 2579 creduut
1511 2555 1547 2578 se
1576 2548 1609 2578 et

142 2590 360 2634 profitentur
373 2591 557 2625 nocturnis
571 2591 670 2626 horis
685 2603 765 2626 cum
782 2592 908 2626 Diana
924 2592 991 2626 dea
1002 2592 1233 2635 Payanorum
1245 2592 1298 2626 vel
1311 2603 1390 2627 cum
1402 2592 1608 2626 Herodiade

148 2639 182 2670 et
211 2636 403 2671 innumera
434 2638 663 2672 multitudine
701 2639 885 2683 equitasse,
918 2649 1108 2685 earumque
1147 2639 1305 2674 inesibus
1342 2639 1604 2683 obtemperasse.

147 2680 242 2717 Vide
258 2680 412 2724 Grimm‚
431 2684 594 2719 Deutsch.
611 2685 758 2730 Mythol.
775 2696 806 2721 c.
826 2695 878 2730 13,
895 2696 958 2730 pp.
978 2695 1047 2730 234
1065 2696 1175 2730 seqq..
1194 2697 1224 2721 c.
1248 2696 1306 2731 34,
1323 2697 1387 2732 pp.
1407 2688 1474 2731 382
1488 2698 1603 2731 seqq„

150 2730 220 2765 otc.
237 2729 414 2783 Herodiaq
436 2729 539 2766 inter
559 2730 692 2767 titulos
714 2733 872 2776 Kundry
887 2743 910 2768 a
931 2733 1109 2778 Klinqsor
1123 2735 1164 2768 in
1181 2733 1223 2768 R„
1241 2733 1426 2780 Wagneri
1442 2735 1607 2780 Par-ensal

149 2777 388 2812 enumeratos
402 2776 579 2813 mvenies.
712 2789 753 2823 13
778 2784 819 2814 ut
835 2781 989 2815 dicitur:
1016 2792 1048 2815 v.
1067 2779 1202 2815 Ioann.
1218 2779 1275 2815 iii.
1297 2791 1351 2826 19,
1369 2791 1427 2819 20.
1560 2791 1602 2819 21

149 2823 264 2858 Possit
280 2824 375 2859 etc.:
402 2834 484 2859 cum
503 2823 683 2871 capitulis
702 2826 815 2871 18—24
831 2826 878 2863 cf.
897 2826 992 2874 Aug.
1011 2828 1055 2862 de
1075 2828 1147 2864 Cio.
1165 2829 1246 2872 Dei,
1263 2840 1296 2864 v.
1317 2838 1417 2865 1-11.

1431 2910 1493 2934 101
