1994 3190
210 164 296 214 389
313 162 344 203 d

685 160 946 205 IOANNIS
987 159 1501 205 SARESBERIENSIS
1679 161 1793 219 [ΜΒ.
1808 168 1829 204 t

364 281 502 324 Aliud
521 281 672 338 itaque
692 295 749 324 ex
767 280 919 332 officio,
932 280 1054 324 aliud
1075 295 1132 324 ex
1150 283 1336 333 natura;
1362 281 1466 324 licet
1485 284 1672 325 naturae
1687 281 1757 325 ius
1772 296 1830 325 ex

365 350 506 394 officio
525 350 751 394 debeatur.
807 350 1036 393 Parricidii
1057 350 1275 407 siquidem
1295 351 1460 407 species
1481 353 1548 394 est
1567 351 1830 408 impugnare

367 421 467 463 iura
500 423 700 473 naturae,
731 422 778 463 et
806 420 1025 477 sacrilegii
1057 420 1200 462 instar
1229 420 1427 477 parentis
1456 420 1574 478 leges
1605 435 1831 470 euacuare,

215 505 303 544 390
322 505 352 534 a
368 492 414 532 et
444 489 579 532 matri
617 489 815 532 omnium
854 490 1065 532 honorem
1104 489 1304 531 debitum
1343 503 1433 532 non
1467 489 1644 534 referre.
1703 489 1833 542 Quod

367 562 517 601 tamen
538 558 653 601 ratio
676 573 733 601 ex
752 559 949 601 honestis
972 558 1116 601 causis
1136 558 1348 609 admittit,
1367 573 1456 601 non
1483 562 1551 601 est
1574 559 1834 616 simpliciter
1853 578 1871 610 5

366 628 573 671 alienum.
634 627 684 671 Si
713 627 913 670 modesta
943 627 1060 670 forte
1090 627 1339 670 iocunditas
1368 627 1440 670 uel
1469 628 1642 674 utilitas
1669 628 1834 680 subest,
1907 640 1912 650 “

367 701 412 740 et
441 697 607 740 nemini
638 700 860 749 noceatur,
881 697 963 740 hoc
993 697 1157 740 etenim
1186 711 1276 740 non
1305 697 1568 741 aduersatur
1597 697 1737 741 officio
1761 697 1833 741 uel

367 770 580 819 naturae;
624 767 694 809 sin
727 769 877 809 autem
912 766 1148 823 impugnat
1181 766 1459 818 alterutrum,
1494 767 1647 810 statim
1687 770 1755 810 est
1790 770 1836 810 et

368 836 626 893 simpliciter
646 836 851 887 alienum,
864 838 909 878 et
921 849 1235 892 usquequaque
1250 836 1468 880 nonlicet.
1521 837 1669 880 Huius
1684 837 1836 894 itaque

367 905 658 956 contrectatio
678 920 850 962 semper
869 908 936 948 est
956 908 1037 948 aut
1056 906 1217 949 erroris
1237 908 1317 949 aut
1336 906 1544 950 criminis.
1856 927 1898 951 ιο

444 1067 551 1125 Cap.
583 1081 623 1125 3.
674 1066 947 1111 Distributio
977 1066 1228 1124 officiorum
1258 1082 1310 1112 ex
1336 1069 1524 1126 politica
1553 1070 1767 1114 constitu-

920 1136 1042 1180 tione
1069 1134 1287 1182 ueterum.

430 1240 686 1297 Philosophi
734 1239 948 1297 gentium,
993 1240 1223 1292 iustitiam,
1272 1255 1384 1298 quae
1432 1242 1613 1299 politica
1660 1242 1837 1295 dicitur,

370 1309 617 1366 praeceptis
640 1312 686 1352 et
712 1309 909 1352 moribus
936 1308 1241 1363 informantes,
1261 1310 1386 1354 cuius
1409 1311 1567 1354 merito
1590 1312 1838 1368 respublica

372 1379 602 1421 hominum
637 1378 840 1421 subsistit
872 1381 918 1421 et
948 1378 1084 1436 uiget,
1116 1394 1473 1437 unumquemque
1507 1380 1599 1424 suis
1630 1381 1760 1424 rebus
1793 1384 1839 1424 et
1859 1399 1898 1434 15

327 1455 356 1494 b
374 1448 534 1491 studiis
568 1448 807 1491 uoluemmt
841 1462 934 1491 esse
963 1451 1234 1501 contentum,
1267 1449 1450 1493 urbanis
1485 1453 1530 1492 et
1560 1450 1839 1502 suburbanis,

373 1518 538 1562 colonis
577 1532 751 1574 quoque
789 1517 862 1560 uel
902 1518 1079 1561 rusticis
1117 1533 1199 1562 sua
1237 1518 1424 1576 singulis
1462 1519 1558 1563 loca
1607 1522 1652 1562 et
1689 1520 1840 1563 studia

373 1587 731 1645 praescribentes.
791 1586 1053 1630 Sollicitudo
1073 1587 1349 1645 singulorum
1369 1591 1415 1631 et
1434 1588 1630 1631 omnium
1649 1581 1840 1632 utilitati

374 1657 574 1714 publicae
595 1656 829 1700 seruiebat.
884 1656 1098 1710 Naturae,
1118 1657 1294 1710 laboris,
1314 1660 1360 1701 et
1379 1658 1623 1701 industriae
1644 1657 1840 1702 fructum

374 1727 677 1784 unusquisque
692 1726 932 1783 recipiebat
947 1741 1002 1770 ex
1018 1727 1188 1771 merito.
1238 1727 1382 1771 Nemo
1397 1727 1513 1784 quod
1529 1730 1642 1770 esset
1657 1727 1841 1772 alterius
1860 1749 1902 1774 20

375 1796 631 1853 usurpabat,
651 1798 858 1838 manente
885 1796 932 1838 in
957 1796 1161 1839 omnibus
1185 1796 1416 1840 indiuiduo
1443 1796 1643 1840 caritatis
1667 1797 1841 1843 affectu.

375 1864 550 1907 Primus
570 1864 748 1921 quidem
769 1867 815 1908 et
834 1865 1005 1908 medius
1032 1865 1155 1908 urbis
1177 1865 1297 1909 locus
1317 1866 1541 1923 Ariopago
1561 1866 1703 1919 cessit,
1723 1866 1842 1910 unde

375 1934 431 1976 ad
452 1933 650 1991 singulas
676 1933 981 1991 professiones,
1002 1937 1135 1991 prout
1162 1935 1276 1978 ratio
1303 1935 1514 1991 cuiusque
1540 1935 1669 1979 officii
1695 1936 1842 1994 exige-

376 2004 466 2053 bat,
496 2003 782 2060 dispositione
812 2017 1006 2060 congrua
1036 2003 1278 2055 institutas,
1308 2003 1548 2047 officiorum
1583 2005 1682 2047 iura
1716 2006 1842 2062 quasi

376 2070 557 2127 quidam
583 2069 740 2112 salutis
770 2072 815 2112 et
844 2069 965 2112 uitae
995 2069 1130 2112 riuuli
1160 2070 1473 2115 diriuarentur.
1534 2071 1668 2114 Porro
1698 2072 1745 2114 in
1773 2073 1843 2116 his
1862 2088 1903 2122 ²5

377 2138 570 2183 uenandi
616 2154 688 2182 ars
732 2138 804 2182 uel
853 2138 1042 2182 officium
1088 2139 1168 2182 uix
1212 2140 1490 2196 permittitur
1533 2141 1735 2184 accedere
1785 2142 1843 2186 ad

379 2209 667 2259 suburbanos,
697 2223 796 2251 cum
827 2211 1060 2251 uenatores
1094 2211 1146 2251 ut
1175 2209 1391 2266 agricolae
1423 2210 1643 2267 ceterique
1676 2211 1844 2256 incolae

380 2293 534 2322 rurum
568 2278 625 2321 ab
655 2277 839 2320 urbibus
873 2276 1226 2334 nobiliorumque
1254 2281 1355 2321 cetu
1385 2278 1559 2335 longius
1598 2284 1845 2327 arceantur.

339 2348 574 2393 cOmnino
612 2347 730 2391 enim
770 2346 970 2403 iniquum
1006 2350 1075 2390 cst
1108 2346 1325 2390 nobiliora
1359 2347 1537 2405 ingenia
1571 2349 1732 2392 studiis
1767 2350 1844 2394 de-

380 2416 604 2461 honestari
625 2415 880 2467 minoribus,
900 2422 946 2459 et
965 2430 1050 2467 eos,
1069 2430 1179 2473 quos
1199 2416 1339 2460 ardua
1365 2420 1411 2460 et
1436 2418 1644 2474 grauiora
1663 2423 1846 2464 manent
1864 2438 1906 2473 30

386 2549 426 2585 13
453 2537 682 2585 Phylosophi
699 2536 761 2573 CB

432 2662 477 2689 ιο
501 2653 865 2687 contrectatio-sensu
890 2648 1239 2687 iurisconsultorum
1266 2648 1557 2695 intelligendum
1584 2653 1672 2694 est.;
1698 2665 1730 2688 v.
1760 2651 1844 2700 Dig.

406 2708 438 2744 7.
465 2709 486 2735 2
513 2701 531 2744 ς
564 2709 603 2741 ις
637 2699 683 2735 cf.
714 2698 798 2745 Dig.
827 2707 883 2743 4¹·
911 2707 932 2734 2
959 2697 1000 2745 ἐξ
1029 2699 1131 2744 3-ι8.
1316 2707 1361 2733 22
1388 2699 1526 2734 medius
1551 2701 1653 2735 urbis
1676 2701 1772 2736 locus
1797 2699 1844 2737 cf.

421 2745 555 2782 ilduini
576 2748 698 2782 l’aw'o
715 2748 750 2783 S.
769 2746 947 2792 Dionysii,
966 2757 996 2781 c.
1013 2755 1033 2791 3
1047 2744 1208 2790 (Migne,
1226 2746 1266 2782 P.
1280 2746 1323 2781 L.
1339 2744 1406 2781 cvi.
1421 2744 1491 2783 col.
1505 2747 1576 2793 26).
1663 2748 1848 2795 Ariopayo

382 2796 451 2831 ew.
468 2807 476 2830 :
494 2806 525 2830 v.
546 2793 627 2831 Val.
646 2793 745 2830 Max.
766 2804 797 2831 2.
817 2794 841 2831 6
858 2798 877 2840 9
895 2803 940 2840 43
968 2791 1014 2831 cf.
1034 2793 1164 2830 Polior.
1183 2804 1214 2829 v.
1235 2803 1258 2839 9
1274 2793 1361 2840 (560
1373 2791 1425 2839 d).

489 2875 538 2901 20
