<?xml version="1.0" encoding="UTF-8"?>
<!DOCTYPE html PUBLIC "-//W3C//DTD XHTML 1.0 Transitional//EN"
    "http://www.w3.org/TR/xhtml1/DTD/xhtml1-transitional.dtd">
<html xmlns="http://www.w3.org/1999/xhtml" xml:lang="en" lang="en">
 <head>
  <title>
</title>
<meta http-equiv="Content-Type" content="text/html;charset=utf-8" />
  <meta name='ocr-system' content='tesseract 3.04.00' />
  <meta name='ocr-capabilities' content='ocr_page ocr_carea ocr_par ocr_line ocrx_word'/>
</head>
<body>
  <div class='ocr_page' id='page_1' title='image "./policraticisived01john_0352.png"; bbox 0 0 1994 3190; ppageno 0'>
   <div class='ocr_carea' id='block_1_1' title="bbox 288 234 1900 296">
    <p class='ocr_par' dir='ltr' id='par_1_1' title="bbox 288 234 1900 296">
     <span class='ocr_line' id='line_1_1' title="bbox 288 234 1900 296; baseline 0 -18"><span class='ocrx_word' id='word_1_1' title='bbox 288 236 377 288; x_wconf 81' lang='lat'>548</span> <span class='ocrx_word' id='word_1_2' title='bbox 395 247 421 278; x_wconf 87' lang='lat' dir='ltr'>c</span> <span class='ocrx_word' id='word_1_3' title='bbox 765 236 1025 281; x_wconf 87' lang='lat' dir='ltr'>IOANNIS</span> <span class='ocrx_word' id='word_1_4' title='bbox 1065 235 1577 281; x_wconf 87' lang='lat' dir='ltr'>SARESBERIENSIS</span> <span class='ocrx_word' id='word_1_5' title='bbox 1740 234 1852 296; x_wconf 76' lang='lat' dir='ltr'>[mn.</span> <span class='ocrx_word' id='word_1_6' title='bbox 1868 247 1900 279; x_wconf 80' lang='lat' dir='ltr'>v</span> 
     </span>
    </p>
   </div>
   <div class='ocr_carea' id='block_1_2' title="bbox 389 358 1963 1304">
    <p class='ocr_par' dir='ltr' id='par_1_2' title="bbox 434 358 1938 970">
     <span class='ocr_line' id='line_1_2' title="bbox 434 358 1899 416; baseline -0.001 -14"><span class='ocrx_word' id='word_1_7' title='bbox 434 358 637 416; x_wconf 82' lang='lat' dir='ltr'>peccatis.</span> <span class='ocrx_word' id='word_1_8' title='bbox 703 358 825 402; x_wconf 86' lang='lat' dir='ltr'><strong>Alibi</strong></span> <span class='ocrx_word' id='word_1_9' title='bbox 854 373 925 402; x_wconf 89' lang='lat' dir='ltr'>me</span> <span class='ocrx_word' id='word_1_10' title='bbox 953 358 1118 402; x_wconf 81' lang='lat' dir='ltr'>dixisse</span> <span class='ocrx_word' id='word_1_11' title='bbox 1142 359 1284 403; x_wconf 89' lang='lat' dir='ltr'>recolo</span> <span class='ocrx_word' id='word_1_12' title='bbox 1304 358 1410 416; x_wconf 86' lang='lat' dir='ltr'>quia</span> <span class='ocrx_word' id='word_1_13' title='bbox 1428 359 1561 416; x_wconf 90' lang='lat' dir='ltr'>(teste</span> <span class='ocrx_word' id='word_1_14' title='bbox 1590 373 1753 416; x_wconf 86' lang='lat' dir='ltr'>magno</span> <span class='ocrx_word' id='word_1_15' title='bbox 1771 360 1899 415; x_wconf 88' lang='lat' dir='ltr'>patre</span> 
     </span>
     <span class='ocr_line' id='line_1_3' title="bbox 434 426 1900 486; baseline -0.001 -16"><span class='ocrx_word' id='word_1_16' title='bbox 434 428 705 486; x_wconf 72' lang='lat' dir='ltr'>Augustino)</span> <span class='ocrx_word' id='word_1_17' title='bbox 712 428 920 471; x_wconf 87' lang='lat' dir='ltr'>simulata</span> <span class='ocrx_word' id='word_1_18' title='bbox 931 428 1183 471; x_wconf 88' lang='lat' dir='ltr'>innocentia</span> <span class='ocrx_word' id='word_1_19' title='bbox 1195 442 1284 470; x_wconf 89' lang='lat' dir='ltr'>non</span> <span class='ocrx_word' id='word_1_20' title='bbox 1300 431 1368 471; x_wconf 89' lang='lat' dir='ltr'>est</span> <span class='ocrx_word' id='word_1_21' title='bbox 1378 427 1631 471; x_wconf 89' lang='lat' dir='ltr'>innocentia</span> <span class='ocrx_word' id='word_1_22' title='bbox 1642 427 1719 470; x_wconf 92' lang='lat' dir='ltr'>sed</span> <span class='ocrx_word' id='word_1_23' title='bbox 1734 426 1900 483; x_wconf 85' lang='lat' dir='ltr'><strong>duplex</strong></span> 
     </span>
     <span class='ocr_line' id='line_1_4' title="bbox 434 497 1920 559; baseline -0.001 -19"><span class='ocrx_word' id='word_1_24' title='bbox 434 497 617 548; x_wconf 86' lang='lat' dir='ltr'>malitia,</span> <span class='ocrx_word' id='word_1_25' title='bbox 637 497 743 554; x_wconf 88' lang='lat' dir='ltr'>quia</span> <span class='ocrx_word' id='word_1_26' title='bbox 769 502 815 541; x_wconf 90' lang='lat' dir='ltr'>et</span> <span class='ocrx_word' id='word_1_27' title='bbox 840 497 1012 540; x_wconf 87' lang='lat' dir='ltr'>malitia</span> <span class='ocrx_word' id='word_1_28' title='bbox 1038 500 1106 540; x_wconf 88' lang='lat' dir='ltr'>est</span> <span class='ocrx_word' id='word_1_29' title='bbox 1130 500 1175 540; x_wconf 92' lang='lat' dir='ltr'>et</span> <span class='ocrx_word' id='word_1_30' title='bbox 1197 497 1432 540; x_wconf 75' lang='lat' dir='ltr'>simulatio.</span> <span class='ocrx_word' id='word_1_31' title='bbox 1491 497 1706 554; x_wconf 75' lang='lat' dir='ltr'>Aequitas</span> <span class='ocrx_word' id='word_1_32' title='bbox 1726 510 1920 559; x_wconf 55' lang='lat' dir='ltr'>quoque⁴</span> 
     </span>
     <span class='ocr_line' id='line_1_5' title="bbox 434 566 1900 624; baseline -0.001 -14"><span class='ocrx_word' id='word_1_33' title='bbox 434 566 644 610; x_wconf 83' lang='lat' dir='ltr'>simulata</span> <span class='ocrx_word' id='word_1_34' title='bbox 673 582 763 610; x_wconf 90' lang='lat' dir='ltr'>non</span> <span class='ocrx_word' id='word_1_35' title='bbox 798 570 866 611; x_wconf 90' lang='lat' dir='ltr'>est</span> <span class='ocrx_word' id='word_1_36' title='bbox 899 567 1100 624; x_wconf 86' lang='lat' dir='ltr'>aequitas</span> <span class='ocrx_word' id='word_1_37' title='bbox 1138 567 1215 610; x_wconf 91' lang='lat' dir='ltr'>sed</span> <span class='ocrx_word' id='word_1_38' title='bbox 1255 566 1420 623; x_wconf 81' lang='lat' dir='ltr'>duplex</span> <span class='ocrx_word' id='word_1_39' title='bbox 1455 566 1680 623; x_wconf 90' lang='lat' dir='ltr'>iniquitas,</span> <span class='ocrx_word' id='word_1_40' title='bbox 1713 566 1820 623; x_wconf 84' lang='lat' dir='ltr'>quia</span> <span class='ocrx_word' id='word_1_41' title='bbox 1854 569 1900 609; x_wconf 91' lang='lat' dir='ltr'>et</span> 
     </span>
     <span class='ocr_line' id='line_1_6' title="bbox 434 635 1938 692; baseline 0.001 -15"><span class='ocrx_word' id='word_1_42' title='bbox 434 635 648 692; x_wconf 86' lang='lat' dir='ltr'>iniquitas</span> <span class='ocrx_word' id='word_1_43' title='bbox 670 639 740 679; x_wconf 89' lang='lat' dir='ltr'>est</span> <span class='ocrx_word' id='word_1_44' title='bbox 767 639 813 680; x_wconf 91' lang='lat' dir='ltr'>et</span> <span class='ocrx_word' id='word_1_45' title='bbox 841 637 1077 681; x_wconf 90' lang='lat' dir='ltr'>simulatio.</span> <span class='ocrx_word' id='word_1_46' title='bbox 1135 636 1263 679; x_wconf 82' lang='lat' dir='ltr'>Vnde</span> <span class='ocrx_word' id='word_1_47' title='bbox 1283 636 1573 679; x_wconf 90' lang='lat' dir='ltr'>immoderato</span> <span class='ocrx_word' id='word_1_48' title='bbox 1596 638 1777 692; x_wconf 83' lang='lat' dir='ltr'>stupore</span> <span class='ocrx_word' id='word_1_49' title='bbox 1797 649 1900 678; x_wconf 84' lang='lat' dir='ltr'>con·</span> <span class='ocrx_word' id='word_1_50' title='bbox 1919 650 1938 682; x_wconf 86' lang='lat'><strong>5</strong></span> 
     </span>
     <span class='ocr_line' id='line_1_7' title="bbox 434 703 1900 763; baseline 0 -16"><span class='ocrx_word' id='word_1_51' title='bbox 434 703 609 756; x_wconf 89' lang='lat' dir='ltr'>fundor‚</span> <span class='ocrx_word' id='word_1_52' title='bbox 643 720 744 748; x_wconf 87' lang='lat' dir='ltr'>cum</span> <span class='ocrx_word' id='word_1_53' title='bbox 774 705 1131 763; x_wconf 85' lang='lat' dir='ltr'>frequentissime</span> <span class='ocrx_word' id='word_1_54' title='bbox 1161 706 1338 748; x_wconf 91' lang='lat' dir='ltr'>uideam</span> <span class='ocrx_word' id='word_1_55' title='bbox 1376 706 1523 748; x_wconf 89' lang='lat' dir='ltr'>nescio</span> <span class='ocrx_word' id='word_1_56' title='bbox 1553 704 1704 748; x_wconf 89' lang='lat' dir='ltr'>fideles</span> <span class='ocrx_word' id='word_1_57' title='bbox 1739 719 1798 748; x_wconf 83' lang='lat' dir='ltr'>an</span> <span class='ocrx_word' id='word_1_58' title='bbox 1833 704 1900 747; x_wconf 92' lang='lat' dir='ltr'>in-</span> 
     </span>
     <span class='ocr_line' id='line_1_8' title="bbox 434 773 1901 832; baseline 0.001 -16"><span class='ocrx_word' id='word_1_59' title='bbox 434 773 586 817; x_wconf 88' lang='lat' dir='ltr'>fideles</span> <span class='ocrx_word' id='word_1_60' title='bbox 618 774 760 818; x_wconf 89' lang='lat' dir='ltr'>dicam</span> <span class='ocrx_word' id='word_1_61' title='bbox 789 775 838 818; x_wconf 90' lang='lat' dir='ltr'>in</span> <span class='ocrx_word' id='word_1_62' title='bbox 867 775 1096 832; x_wconf 84' lang='lat' dir='ltr'>sacrilegio</span> <span class='ocrx_word' id='word_1_63' title='bbox 1126 774 1379 818; x_wconf 90' lang='lat' dir='ltr'>huiusmodi</span> <span class='ocrx_word' id='word_1_64' title='bbox 1408 775 1702 831; x_wconf 88' lang='lat' dir='ltr'>deprehensos</span> <span class='ocrx_word' id='word_1_65' title='bbox 1731 774 1789 817; x_wconf 87' lang='lat' dir='ltr'>ad</span> <span class='ocrx_word' id='word_1_66' title='bbox 1818 774 1901 818; x_wconf 87' lang='lat' dir='ltr'>hoc</span> 
     </span>
     <span class='ocr_line' id='line_1_9' title="bbox 436 843 1900 899; baseline 0 -13"><span class='ocrx_word' id='word_1_67' title='bbox 436 843 544 886; x_wconf 87' lang='lat' dir='ltr'>totis</span> <span class='ocrx_word' id='word_1_68' title='bbox 562 843 735 887; x_wconf 91' lang='lat' dir='ltr'>uiribus</span> <span class='ocrx_word' id='word_1_69' title='bbox 754 844 959 888; x_wconf 83' lang='lat' dir='ltr'>hanelare</span> <span class='ocrx_word' id='word_1_70' title='bbox 979 848 1032 888; x_wconf 92' lang='lat' dir='ltr'>ut</span> <span class='ocrx_word' id='word_1_71' title='bbox 1051 845 1184 888; x_wconf 88' lang='lat' dir='ltr'>minis</span> <span class='ocrx_word' id='word_1_72' title='bbox 1211 847 1257 888; x_wconf 93' lang='lat' dir='ltr'>et</span> <span class='ocrx_word' id='word_1_73' title='bbox 1279 844 1522 888; x_wconf 88' lang='lat' dir='ltr'>terroribus</span> <span class='ocrx_word' id='word_1_74' title='bbox 1542 847 1733 899; x_wconf 84' lang='lat' dir='ltr'>urgeant</span> <span class='ocrx_word' id='word_1_75' title='bbox 1761 858 1900 887; x_wconf 81' lang='lat' dir='ltr'>sacer·</span> 
     </span>
     <span class='ocr_line' id='line_1_10' title="bbox 436 911 1902 970; baseline 0.001 -16"><span class='ocrx_word' id='word_1_76' title='bbox 436 911 562 955; x_wconf 84' lang='lat' dir='ltr'>dotes</span> <span class='ocrx_word' id='word_1_77' title='bbox 581 912 638 955; x_wconf 82' lang='lat' dir='ltr'>ad</span> <span class='ocrx_word' id='word_1_78' title='bbox 657 913 977 957; x_wconf 85' lang='lat' dir='ltr'>absolutionem</span> <span class='ocrx_word' id='word_1_79' title='bbox 1003 913 1315 970; x_wconf 86' lang='lat' dir='ltr'>praestandam</span> <span class='ocrx_word' id='word_1_80' title='bbox 1338 927 1472 970; x_wconf 87' lang='lat' dir='ltr'>quam</span> <span class='ocrx_word' id='word_1_81' title='bbox 1498 927 1579 956; x_wconf 91' lang='lat' dir='ltr'>nec</span> <span class='ocrx_word' id='word_1_82' title='bbox 1605 913 1681 956; x_wconf 91' lang='lat' dir='ltr'>isti</span> <span class='ocrx_word' id='word_1_83' title='bbox 1710 912 1902 956; x_wconf 88' lang='lat' dir='ltr'>fideliter</span> 
     </span>
    </p>

    <p class='ocr_par' dir='ltr' id='par_1_3' title="bbox 389 978 1963 1304">
     <span class='ocr_line' id='line_1_11' title="bbox 389 978 1963 1040; baseline 0.002 -17"><span class='ocrx_word' id='word_1_84' title='bbox 389 978 419 1018; x_wconf 86' lang='lat' dir='ltr'>d</span> <span class='ocrx_word' id='word_1_85' title='bbox 437 980 542 1024; x_wconf 83' lang='lat' dir='ltr'>dare</span> <span class='ocrx_word' id='word_1_86' title='bbox 560 996 640 1025; x_wconf 88' lang='lat' dir='ltr'>nec</span> <span class='ocrx_word' id='word_1_87' title='bbox 659 982 725 1025; x_wconf 89' lang='lat' dir='ltr'>illi</span> <span class='ocrx_word' id='word_1_88' title='bbox 746 983 793 1025; x_wconf 90' lang='lat' dir='ltr'>in</span> <span class='ocrx_word' id='word_1_89' title='bbox 813 982 1088 1026; x_wconf 83' lang='lat' dir='ltr'>contumacia</span> <span class='ocrx_word' id='word_1_90' title='bbox 1107 983 1283 1026; x_wconf 88' lang='lat' dir='ltr'>utiliter</span> <span class='ocrx_word' id='word_1_91' title='bbox 1301 983 1497 1040; x_wconf 89' lang='lat' dir='ltr'>accipere</span> <span class='ocrx_word' id='word_1_92' title='bbox 1526 984 1724 1040; x_wconf 90' lang='lat' dir='ltr'>possunt.</span> <span class='ocrx_word' id='word_1_93' title='bbox 1783 981 1902 1026; x_wconf 87' lang='lat' dir='ltr'>Sane</span> <span class='ocrx_word' id='word_1_94' title='bbox 1922 995 1963 1020; x_wconf 79' lang='grc' dir='ltr'>ιο</span> 
     </span>
     <span class='ocr_line' id='line_1_12' title="bbox 437 1042 1901 1110; baseline 0.002 -18"><span class='ocrx_word' id='word_1_95' title='bbox 437 1049 612 1094; x_wconf 83' lang='lat' dir='ltr'>facilius</span> <span class='ocrx_word' id='word_1_96' title='bbox 631 1054 699 1095; x_wconf 88' lang='lat' dir='ltr'>est</span> <span class='ocrx_word' id='word_1_97' title='bbox 718 1055 956 1110; x_wconf 88' lang='lat' dir='ltr'>utrumque</span> <span class='ocrx_word' id='word_1_98' title='bbox 985 1052 1156 1096; x_wconf 89' lang='lat' dir='ltr'>inuolui</span> <span class='ocrx_word' id='word_1_99' title='bbox 1185 1067 1317 1109; x_wconf 88' lang='lat' dir='ltr'>quam</span> <span class='ocrx_word' id='word_1_100' title='bbox 1347 1052 1537 1095; x_wconf 89' lang='lat' dir='ltr'>alterum</span> <span class='ocrx_word' id='word_1_101' title='bbox 1562 1051 1748 1095; x_wconf 89' lang='lat' dir='ltr'>istorum</span> <span class='ocrx_word' id='word_1_102' title='bbox 1768 1042 1901 1109; x_wconf 82' lang='lat' dir='ltr'>expe-</span> 
     </span>
     <span class='ocr_line' id='line_1_13' title="bbox 435 1119 1900 1178; baseline 0.002 -16"><span class='ocrx_word' id='word_1_103' title='bbox 435 1119 534 1162; x_wconf 89' lang='lat' dir='ltr'>diri.</span> <span class='ocrx_word' id='word_1_104' title='bbox 595 1120 750 1164; x_wconf 87' lang='lat' dir='ltr'>Vtrius</span> <span class='ocrx_word' id='word_1_105' title='bbox 779 1124 929 1164; x_wconf 89' lang='lat' dir='ltr'>tamen</span> <span class='ocrx_word' id='word_1_106' title='bbox 958 1121 1088 1178; x_wconf 85' lang='lat' dir='ltr'>culpa</span> <span class='ocrx_word' id='word_1_107' title='bbox 1117 1121 1177 1164; x_wconf 90' lang='lat' dir='ltr'>sit</span> <span class='ocrx_word' id='word_1_108' title='bbox 1205 1120 1387 1178; x_wconf 85' lang='lat' dir='ltr'>grauior</span> <span class='ocrx_word' id='word_1_109' title='bbox 1414 1135 1504 1164; x_wconf 91' lang='lat' dir='ltr'>non</span> <span class='ocrx_word' id='word_1_110' title='bbox 1533 1120 1664 1164; x_wconf 85' lang='lat' dir='ltr'>facile</span> <span class='ocrx_word' id='word_1_111' title='bbox 1698 1121 1900 1172; x_wconf 75' lang='lat' dir='ltr'>dixerim.</span> 
     </span>
     <span class='ocr_line' id='line_1_14' title="bbox 437 1187 1901 1248; baseline 0.001 -17"><span class='ocrx_word' id='word_1_112' title='bbox 437 1187 560 1232; x_wconf 87' lang='lat' dir='ltr'>Haec</span> <span class='ocrx_word' id='word_1_113' title='bbox 578 1189 634 1232; x_wconf 91' lang='lat' dir='ltr'>de</span> <span class='ocrx_word' id='word_1_114' title='bbox 654 1190 724 1232; x_wconf 89' lang='lat' dir='ltr'>his</span> <span class='ocrx_word' id='word_1_115' title='bbox 747 1190 936 1247; x_wconf 82' lang='lat' dir='ltr'>quaein</span> <span class='ocrx_word' id='word_1_116' title='bbox 965 1190 1146 1248; x_wconf 83' lang='lat' dir='ltr'>politica</span> <span class='ocrx_word' id='word_1_117' title='bbox 1174 1189 1490 1234; x_wconf 87' lang='lat' dir='ltr'>constitutione</span> <span class='ocrx_word' id='word_1_118' title='bbox 1510 1189 1738 1234; x_wconf 85' lang='lat' dir='ltr'>Plutarchi</span> <span class='ocrx_word' id='word_1_119' title='bbox 1758 1188 1901 1234; x_wconf 88' lang='lat' dir='ltr'>uicem</span> 
     </span>
     <span class='ocr_line' id='line_1_15' title="bbox 436 1258 843 1304; baseline 0.012 -5"><span class='ocrx_word' id='word_1_120' title='bbox 436 1258 610 1302; x_wconf 87' lang='lat' dir='ltr'>animae</span> <span class='ocrx_word' id='word_1_121' title='bbox 630 1259 843 1304; x_wconf 86' lang='lat' dir='ltr'>obtinent.</span> 
     </span>
    </p>
   </div>
   <div class='ocr_carea' id='block_1_3' title="bbox 438 1377 1961 1630">
    <p class='ocr_par' dir='ltr' id='par_1_4' title="bbox 438 1377 1961 1630">
     <span class='ocr_line' id='line_1_16' title="bbox 438 1377 1961 1437; baseline 0.003 -15"><span class='ocrx_word' id='word_1_122' title='bbox 438 1377 543 1436; x_wconf 86' lang='lat' dir='ltr'>Cap.</span> <span class='ocrx_word' id='word_1_123' title='bbox 566 1379 606 1423; x_wconf 95' lang='lat'>6.</span> <span class='ocrx_word' id='word_1_124' title='bbox 645 1379 708 1423; x_wconf 88' lang='lat' dir='ltr'>De</span> <span class='ocrx_word' id='word_1_125' title='bbox 727 1379 939 1436; x_wconf 76' lang='lat' dir='ltr'>principe</span> <span class='ocrx_word' id='word_1_126' title='bbox 961 1379 1044 1437; x_wconf 80' lang='lat' dir='ltr'>qui</span> <span class='ocrx_word' id='word_1_127' title='bbox 1068 1383 1205 1436; x_wconf 78' lang='lat' dir='ltr'>caput</span> <span class='ocrx_word' id='word_1_128' title='bbox 1227 1381 1286 1423; x_wconf 79' lang='lat' dir='ltr'>est</span> <span class='ocrx_word' id='word_1_129' title='bbox 1311 1378 1374 1423; x_wconf 89' lang='lat' dir='ltr'>rei</span> <span class='ocrx_word' id='word_1_130' title='bbox 1390 1378 1616 1435; x_wconf 76' lang='lat' dir='ltr'>publicae,</span> <span class='ocrx_word' id='word_1_131' title='bbox 1634 1383 1672 1423; x_wconf 77' lang='lat' dir='ltr'>et</span> <span class='ocrx_word' id='word_1_132' title='bbox 1700 1379 1902 1424; x_wconf 76' lang='lat' dir='ltr'>electione</span> <span class='ocrx_word' id='word_1_133' title='bbox 1922 1392 1961 1426; x_wconf 85' lang='lat'>¹5</span> 
     </span>
     <span class='ocr_line' id='line_1_17' title="bbox 552 1448 1901 1506; baseline 0.001 -14"><span class='ocrx_word' id='word_1_134' title='bbox 552 1449 662 1503; x_wconf 76' lang='lat' dir='ltr'>eius,</span> <span class='ocrx_word' id='word_1_135' title='bbox 688 1453 725 1492; x_wconf 80' lang='lat' dir='ltr'>et</span> <span class='ocrx_word' id='word_1_136' title='bbox 749 1449 1025 1506; x_wconf 76' lang='lat' dir='ltr'>priuileyiis,</span> <span class='ocrx_word' id='word_1_137' title='bbox 1046 1452 1085 1493; x_wconf 77' lang='lat' dir='ltr'>et</span> <span class='ocrx_word' id='word_1_138' title='bbox 1107 1448 1316 1505; x_wconf 70' lang='lat' dir='ltr'>praemio</span> <span class='ocrx_word' id='word_1_139' title='bbox 1345 1448 1541 1492; x_wconf 73' lang='lat' dir='ltr'>uirtutis</span> <span class='ocrx_word' id='word_1_140' title='bbox 1565 1452 1606 1493; x_wconf 78' lang='lat' dir='ltr'>et</span> <span class='ocrx_word' id='word_1_141' title='bbox 1633 1448 1793 1505; x_wconf 75' lang='lat' dir='ltr'>culpae</span> <span class='ocrx_word' id='word_1_142' title='bbox 1803 1467 1822 1500; x_wconf 90' lang='lat'><em>;</em></span> <span class='ocrx_word' id='word_1_143' title='bbox 1861 1454 1901 1494; x_wconf 68' lang='lat' dir='ltr'><em>d</em></span> 
     </span>
     <span class='ocr_line' id='line_1_18' title="bbox 553 1517 1902 1574; baseline 0.001 -13"><span class='ocrx_word' id='word_1_144' title='bbox 553 1519 672 1574; x_wconf 80' lang='lat' dir='ltr'>quod</span> <span class='ocrx_word' id='word_1_145' title='bbox 707 1518 886 1562; x_wconf 79' lang='lat' dir='ltr'>beatum</span> <span class='ocrx_word' id='word_1_146' title='bbox 919 1517 952 1561; x_wconf 95' lang='lat' dir='ltr'><em>I</em></span> <span class='ocrx_word' id='word_1_147' title='bbox 949 1517 999 1562; x_wconf 87' lang='lat' dir='ltr'>ob</span> <span class='ocrx_word' id='word_1_148' title='bbox 1033 1517 1180 1563; x_wconf 79' lang='lat' dir='ltr'>debeat</span> <span class='ocrx_word' id='word_1_149' title='bbox 1220 1517 1405 1562; x_wconf 77' lang='lat' dir='ltr'>imitari</span> <span class='ocrx_word' id='word_1_150' title='bbox 1417 1536 1435 1569; x_wconf 93' lang='lat'><em>;</em></span> <span class='ocrx_word' id='word_1_151' title='bbox 1479 1522 1518 1562; x_wconf 82' lang='lat' dir='ltr'>et</span> <span class='ocrx_word' id='word_1_152' title='bbox 1553 1518 1606 1562; x_wconf 84' lang='lat' dir='ltr'>de</span> <span class='ocrx_word' id='word_1_153' title='bbox 1644 1517 1902 1563; x_wconf 75' lang='lat' dir='ltr'>uirtutibus</span> 
     </span>
     <span class='ocr_line' id='line_1_19' title="bbox 554 1586 790 1630; baseline 0.008 -2"><span class='ocrx_word' id='word_1_154' title='bbox 554 1586 669 1630; x_wconf 78' lang='lat' dir='ltr'>beati</span> <span class='ocrx_word' id='word_1_155' title='bbox 699 1587 790 1630; x_wconf 84' lang='lat' dir='ltr'>Iob.</span> 
     </span>
    </p>
   </div>
   <div class='ocr_carea' id='block_1_4' title="bbox 287 1673 1966 2494">
    <p class='ocr_par' dir='ltr' id='par_1_5' title="bbox 437 1673 1964 2008">
     <span class='ocr_line' id='line_1_20' title="bbox 495 1673 1897 1732; baseline 0.001 -15"><span class='ocrx_word' id='word_1_156' title='bbox 495 1674 708 1731; x_wconf 85' lang='lat' dir='ltr'>Sequitur</span> <span class='ocrx_word' id='word_1_157' title='bbox 733 1678 786 1717; x_wconf 87' lang='lat' dir='ltr'>ut</span> <span class='ocrx_word' id='word_1_158' title='bbox 815 1675 909 1718; x_wconf 89' lang='lat' dir='ltr'>eius</span> <span class='ocrx_word' id='word_1_159' title='bbox 936 1675 1163 1717; x_wconf 84' lang='lat' dir='ltr'>imitantes</span> <span class='ocrx_word' id='word_1_160' title='bbox 1189 1674 1381 1732; x_wconf 82' lang='lat' dir='ltr'>uestigia</span> <span class='ocrx_word' id='word_1_161' title='bbox 1404 1673 1459 1718; x_wconf 91' lang='lat' dir='ltr'>de</span> <span class='ocrx_word' id='word_1_162' title='bbox 1485 1674 1694 1718; x_wconf 84' lang='lat' dir='ltr'>membris</span> <span class='ocrx_word' id='word_1_163' title='bbox 1722 1674 1786 1718; x_wconf 91' lang='lat' dir='ltr'>rei</span> <span class='ocrx_word' id='word_1_164' title='bbox 1815 1688 1897 1732; x_wconf 90' lang='lat' dir='ltr'>pu-</span> 
     </span>
     <span class='ocr_line' id='line_1_21' title="bbox 437 1743 1964 1801; baseline -0.001 -15"><span class='ocrx_word' id='word_1_165' title='bbox 437 1743 575 1787; x_wconf 87' lang='lat' dir='ltr'>blicae</span> <span class='ocrx_word' id='word_1_166' title='bbox 610 1743 904 1801; x_wconf 86' lang='lat' dir='ltr'>dispiciamus.</span> <span class='ocrx_word' id='word_1_167' title='bbox 970 1744 1150 1787; x_wconf 90' lang='lat' dir='ltr'>Dictum</span> <span class='ocrx_word' id='word_1_168' title='bbox 1185 1747 1253 1786; x_wconf 89' lang='lat' dir='ltr'>est</span> <span class='ocrx_word' id='word_1_169' title='bbox 1292 1747 1442 1787; x_wconf 87' lang='lat' dir='ltr'>autem</span> <span class='ocrx_word' id='word_1_170' title='bbox 1475 1744 1718 1801; x_wconf 84' lang='lat' dir='ltr'>principem</span> <span class='ocrx_word' id='word_1_171' title='bbox 1752 1744 1895 1787; x_wconf 87' lang='lat' dir='ltr'>locum</span> <span class='ocrx_word' id='word_1_172' title='bbox 1920 1760 1964 1785; x_wconf 70' lang='lat' dir='ltr'>no</span> 
     </span>
     <span class='ocr_line' id='line_1_22' title="bbox 437 1812 1900 1870; baseline 0.002 -15"><span class='ocrx_word' id='word_1_173' title='bbox 437 1812 636 1856; x_wconf 89' lang='lat' dir='ltr'>obtinere</span> <span class='ocrx_word' id='word_1_174' title='bbox 651 1813 819 1870; x_wconf 85' lang='lat' dir='ltr'>capitis,</span> <span class='ocrx_word' id='word_1_175' title='bbox 835 1816 880 1856; x_wconf 89' lang='lat' dir='ltr'>et</span> <span class='ocrx_word' id='word_1_176' title='bbox 900 1813 975 1870; x_wconf 90' lang='lat' dir='ltr'>qui</span> <span class='ocrx_word' id='word_1_177' title='bbox 996 1813 1132 1856; x_wconf 86' lang='lat' dir='ltr'>solius</span> <span class='ocrx_word' id='word_1_178' title='bbox 1152 1813 1313 1855; x_wconf 89' lang='lat' dir='ltr'>mentis</span> <span class='ocrx_word' id='word_1_179' title='bbox 1334 1815 1516 1870; x_wconf 87' lang='lat' dir='ltr'>regatur</span> <span class='ocrx_word' id='word_1_180' title='bbox 1531 1813 1728 1858; x_wconf 87' lang='lat' dir='ltr'>arbitrio.</span> <span class='ocrx_word' id='word_1_181' title='bbox 1768 1813 1900 1858; x_wconf 86' lang='lat' dir='ltr'>Hune</span> 
     </span>
     <span class='ocr_line' id='line_1_23' title="bbox 438 1882 1900 1939; baseline 0.001 -14"><span class='ocrx_word' id='word_1_182' title='bbox 438 1882 600 1938; x_wconf 86' lang='lat' dir='ltr'>itaque,</span> <span class='ocrx_word' id='word_1_183' title='bbox 635 1885 687 1925; x_wconf 91' lang='lat' dir='ltr'>ut</span> <span class='ocrx_word' id='word_1_184' title='bbox 726 1882 814 1925; x_wconf 89' lang='lat' dir='ltr'>iam</span> <span class='ocrx_word' id='word_1_185' title='bbox 854 1882 1022 1925; x_wconf 85' lang='lat' dir='ltr'>dietum</span> <span class='ocrx_word' id='word_1_186' title='bbox 1056 1885 1136 1933; x_wconf 90' lang='lat' dir='ltr'>est,</span> <span class='ocrx_word' id='word_1_187' title='bbox 1170 1882 1400 1939; x_wconf 86' lang='lat' dir='ltr'>dispositio</span> <span class='ocrx_word' id='word_1_188' title='bbox 1435 1882 1589 1925; x_wconf 91' lang='lat' dir='ltr'>diuina</span> <span class='ocrx_word' id='word_1_189' title='bbox 1621 1882 1670 1925; x_wconf 91' lang='lat' dir='ltr'>in</span> <span class='ocrx_word' id='word_1_190' title='bbox 1705 1897 1803 1926; x_wconf 89' lang='lat' dir='ltr'>arce</span> <span class='ocrx_word' id='word_1_191' title='bbox 1837 1883 1900 1927; x_wconf 88' lang='lat' dir='ltr'>rei</span> 
     </span>
     <span class='ocr_line' id='line_1_24' title="bbox 438 1951 1902 2008; baseline 0.003 -16"><span class='ocrx_word' id='word_1_192' title='bbox 438 1951 638 2008; x_wconf 89' lang='lat' dir='ltr'>publicae</span> <span class='ocrx_word' id='word_1_193' title='bbox 658 1951 889 1994; x_wconf 83' lang='lat' dir='ltr'>collocauit</span> <span class='ocrx_word' id='word_1_194' title='bbox 908 1955 954 1994; x_wconf 90' lang='lat' dir='ltr'>et</span> <span class='ocrx_word' id='word_1_195' title='bbox 976 1966 1077 1994; x_wconf 89' lang='lat' dir='ltr'>eum</span> <span class='ocrx_word' id='word_1_196' title='bbox 1105 1966 1221 1995; x_wconf 89' lang='lat' dir='ltr'>nunc</span> <span class='ocrx_word' id='word_1_197' title='bbox 1249 1951 1440 1995; x_wconf 88' lang='lat' dir='ltr'>archano</span> <span class='ocrx_word' id='word_1_198' title='bbox 1466 1951 1771 2008; x_wconf 85' lang='lat' dir='ltr'>prouidentiae</span> <span class='ocrx_word' id='word_1_199' title='bbox 1797 1966 1902 1996; x_wconf 77' lang='lat' dir='ltr'>suae</span> 
     </span>
    </p>

    <p class='ocr_par' dir='ltr' id='par_1_6' title="bbox 287 2020 1966 2494">
     <span class='ocr_line' id='line_1_25' title="bbox 287 2020 1900 2077; baseline 0.002 -16"><span class='ocrx_word' id='word_1_200' title='bbox 287 2029 373 2070; x_wconf 81' lang='grc'>549</span> <span class='ocrx_word' id='word_1_201' title='bbox 393 2029 422 2058; x_wconf 83' lang='lat' dir='ltr'>a</span> <span class='ocrx_word' id='word_1_202' title='bbox 439 2020 635 2063; x_wconf 85' lang='lat' dir='ltr'>misterio</span> <span class='ocrx_word' id='word_1_203' title='bbox 660 2020 817 2063; x_wconf 86' lang='lat' dir='ltr'>ceteris</span> <span class='ocrx_word' id='word_1_204' title='bbox 841 2020 1047 2077; x_wconf 83' lang='lat' dir='ltr'>praefert,</span> <span class='ocrx_word' id='word_1_205' title='bbox 1067 2035 1184 2064; x_wconf 89' lang='lat' dir='ltr'>nunc</span> <span class='ocrx_word' id='word_1_206' title='bbox 1211 2021 1337 2077; x_wconf 89' lang='lat' dir='ltr'>quasi</span> <span class='ocrx_word' id='word_1_207' title='bbox 1364 2035 1543 2064; x_wconf 90' lang='lat' dir='ltr'>suorum</span> <span class='ocrx_word' id='word_1_208' title='bbox 1571 2021 1736 2065; x_wconf 89' lang='lat' dir='ltr'>iudicio</span> <span class='ocrx_word' id='word_1_209' title='bbox 1761 2035 1900 2066; x_wconf 86' lang='lat' dir='ltr'>saeer-</span> 
     </span>
     <span class='ocr_line' id='line_1_26' title="bbox 438 2089 1962 2148; baseline -0.001 -16"><span class='ocrx_word' id='word_1_210' title='bbox 438 2089 604 2140; x_wconf 86' lang='lat' dir='ltr'>dotum,</span> <span class='ocrx_word' id='word_1_211' title='bbox 625 2104 741 2133; x_wconf 86' lang='lat' dir='ltr'>nunc</span> <span class='ocrx_word' id='word_1_212' title='bbox 761 2089 816 2132; x_wconf 88' lang='lat' dir='ltr'>ad</span> <span class='ocrx_word' id='word_1_213' title='bbox 837 2105 937 2132; x_wconf 88' lang='lat' dir='ltr'>eum</span> <span class='ocrx_word' id='word_1_214' title='bbox 959 2090 1299 2147; x_wconf 82' lang='lat' dir='ltr'>praeficiendum</span> <span class='ocrx_word' id='word_1_215' title='bbox 1325 2090 1463 2133; x_wconf 85' lang='lat' dir='ltr'>totius</span> <span class='ocrx_word' id='word_1_216' title='bbox 1489 2090 1640 2148; x_wconf 86' lang='lat' dir='ltr'>populi</span> <span class='ocrx_word' id='word_1_217' title='bbox 1664 2093 1772 2134; x_wconf 86' lang='lat' dir='ltr'>uota</span> <span class='ocrx_word' id='word_1_218' title='bbox 1797 2105 1900 2135; x_wconf 84' lang='lat' dir='ltr'>con·</span> <span class='ocrx_word' id='word_1_219' title='bbox 1922 2107 1962 2140; x_wconf 82' lang='lat'>²5</span> 
     </span>
     <span class='ocr_line' id='line_1_27' title="bbox 438 2158 1901 2217; baseline 0.001 -16"><span class='ocrx_word' id='word_1_220' title='bbox 438 2161 633 2201; x_wconf 87' lang='lat' dir='ltr'>currunt.</span> <span class='ocrx_word' id='word_1_221' title='bbox 684 2158 811 2202; x_wconf 89' lang='lat' dir='ltr'>Vnde</span> <span class='ocrx_word' id='word_1_222' title='bbox 827 2159 934 2202; x_wconf 87' lang='lat' dir='ltr'>etin</span> <span class='ocrx_word' id='word_1_223' title='bbox 952 2159 1100 2202; x_wconf 88' lang='lat' dir='ltr'>Veteri</span> <span class='ocrx_word' id='word_1_224' title='bbox 1117 2159 1399 2203; x_wconf 85' lang='lat' dir='ltr'>Testamento</span> <span class='ocrx_word' id='word_1_225' title='bbox 1414 2159 1579 2216; x_wconf 87' lang='lat' dir='ltr'>legitur</span> <span class='ocrx_word' id='word_1_226' title='bbox 1594 2159 1699 2216; x_wconf 88' lang='lat' dir='ltr'>quia</span> <span class='ocrx_word' id='word_1_227' title='bbox 1715 2160 1901 2217; x_wconf 83' lang='lat' dir='ltr'>Moyses,</span> 
     </span>
     <span class='ocr_line' id='line_1_28' title="bbox 438 2227 1903 2286; baseline 0.001 -15"><span class='ocrx_word' id='word_1_228' title='bbox 438 2227 723 2271; x_wconf 86' lang='lat' dir='ltr'>ordinaturus</span> <span class='ocrx_word' id='word_1_229' title='bbox 739 2242 837 2271; x_wconf 91' lang='lat' dir='ltr'>eum</span> <span class='ocrx_word' id='word_1_230' title='bbox 859 2228 933 2284; x_wconf 86' lang='lat' dir='ltr'>qui</span> <span class='ocrx_word' id='word_1_231' title='bbox 956 2232 1175 2285; x_wconf 83' lang='lat' dir='ltr'>praeesset</span> <span class='ocrx_word' id='word_1_232' title='bbox 1196 2229 1242 2271; x_wconf 90' lang='lat' dir='ltr'>in</span> <span class='ocrx_word' id='word_1_233' title='bbox 1264 2228 1436 2286; x_wconf 88' lang='lat' dir='ltr'>populo,</span> <span class='ocrx_word' id='word_1_234' title='bbox 1448 2229 1708 2272; x_wconf 88' lang='lat' dir='ltr'>conuocauit</span> <span class='ocrx_word' id='word_1_235' title='bbox 1728 2244 1903 2273; x_wconf 88' lang='lat' dir='ltr'>omnem</span> 
     </span>
     <span class='ocr_line' id='line_1_29' title="bbox 439 2297 1903 2355; baseline 0.001 -15"><span class='ocrx_word' id='word_1_236' title='bbox 439 2311 712 2354; x_wconf 84' lang='lat' dir='ltr'>synagogam</span> <span class='ocrx_word' id='word_1_237' title='bbox 733 2301 784 2340; x_wconf 89' lang='lat' dir='ltr'>ut</span> <span class='ocrx_word' id='word_1_238' title='bbox 804 2297 1042 2354; x_wconf 85' lang='lat' dir='ltr'>eligeretur</span> <span class='ocrx_word' id='word_1_239' title='bbox 1055 2301 1230 2340; x_wconf 80' lang='lat' dir='ltr'>astante</span> <span class='ocrx_word' id='word_1_240' title='bbox 1251 2297 1423 2355; x_wconf 89' lang='lat' dir='ltr'>populo,</span> <span class='ocrx_word' id='word_1_241' title='bbox 1440 2312 1494 2340; x_wconf 92' lang='lat' dir='ltr'>ne</span> <span class='ocrx_word' id='word_1_242' title='bbox 1515 2312 1602 2355; x_wconf 88' lang='lat' dir='ltr'>qua</span> <span class='ocrx_word' id='word_1_243' title='bbox 1622 2298 1903 2355; x_wconf 86' lang='lat' dir='ltr'>postmodum</span> 
     </span>
     <span class='ocr_line' id='line_1_30' title="bbox 439 2366 1903 2426; baseline 0.002 -17"><span class='ocrx_word' id='word_1_244' title='bbox 439 2366 696 2409; x_wconf 79' lang='lat' dir='ltr'>retractatio</span> <span class='ocrx_word' id='word_1_245' title='bbox 724 2366 941 2423; x_wconf 86' lang='lat' dir='ltr'>cuiquam,</span> <span class='ocrx_word' id='word_1_246' title='bbox 962 2382 1017 2409; x_wconf 88' lang='lat' dir='ltr'>ne</span> <span class='ocrx_word' id='word_1_247' title='bbox 1046 2367 1146 2423; x_wconf 88' lang='lat' dir='ltr'>quis</span> <span class='ocrx_word' id='word_1_248' title='bbox 1175 2366 1407 2424; x_wconf 84' lang='lat' dir='ltr'>scrupulus</span> <span class='ocrx_word' id='word_1_249' title='bbox 1437 2366 1657 2410; x_wconf 85' lang='lat' dir='ltr'>resideret.</span> <span class='ocrx_word' id='word_1_250' title='bbox 1719 2367 1903 2426; x_wconf 85' lang='lat' dir='ltr'>Legitur</span> 
     </span>
     <span class='ocr_line' id='line_1_31' title="bbox 438 2435 1966 2494; baseline 0.003 -16"><span class='ocrx_word' id='word_1_251' title='bbox 438 2436 485 2478; x_wconf 87' lang='lat' dir='ltr'>in</span> <span class='ocrx_word' id='word_1_252' title='bbox 507 2435 619 2478; x_wconf 88' lang='lat' dir='ltr'>libro</span> <span class='ocrx_word' id='word_1_253' title='bbox 641 2435 890 2493; x_wconf 81' lang='lat' dir='ltr'>Regnorum</span> <span class='ocrx_word' id='word_1_254' title='bbox 913 2436 1027 2492; x_wconf 88' lang='lat' dir='ltr'>quod</span> <span class='ocrx_word' id='word_1_255' title='bbox 1049 2436 1158 2479; x_wconf 90' lang='lat' dir='ltr'>Saul</span> <span class='ocrx_word' id='word_1_256' title='bbox 1179 2451 1258 2479; x_wconf 86' lang='lat' dir='ltr'>rex</span> <span class='ocrx_word' id='word_1_257' title='bbox 1286 2436 1466 2479; x_wconf 80' lang='lat' dir='ltr'>futurus</span> <span class='ocrx_word' id='word_1_258' title='bbox 1484 2450 1702 2494; x_wconf 88' lang='lat' dir='ltr'>apparens</span> <span class='ocrx_word' id='word_1_259' title='bbox 1722 2437 1769 2480; x_wconf 89' lang='lat' dir='ltr'>in</span> <span class='ocrx_word' id='word_1_260' title='bbox 1790 2436 1903 2482; x_wconf 83' lang='lat' dir='ltr'>facie</span> <span class='ocrx_word' id='word_1_261' title='bbox 1922 2450 1966 2484; x_wconf 80' lang='lat'>30</span> 
     </span>
    </p>
   </div>
   <div class='ocr_carea' id='block_1_5' title="bbox 441 2565 1903 2708">
    <p class='ocr_par' dir='ltr' id='par_1_7' title="bbox 441 2565 1903 2708">
     <span class='ocr_line' id='line_1_32' title="bbox 441 2565 1901 2649; baseline 0.001 -47"><span class='ocrx_word' id='word_1_262' title='bbox 441 2577 462 2612; x_wconf 87' lang='lat'>3</span> <span class='ocrx_word' id='word_1_263' title='bbox 479 2578 636 2649; x_wconf 48' lang='lat' dir='ltr'>auoque</span> <span class='ocrx_word' id='word_1_264' title='bbox 653 2578 719 2602; x_wconf 85' lang='lat' dir='ltr'>om.</span> <span class='ocrx_word' id='word_1_265' title='bbox 738 2565 770 2603; x_wconf 75' lang='lat' dir='ltr'>A</span> <span class='ocrx_word' id='word_1_266' title='bbox 841 2613 848 2620; x_wconf 42' lang='lat'><strong>·</strong></span> <span class='ocrx_word' id='word_1_267' title='bbox 877 2567 920 2620; x_wconf 39' lang='lat'>‚8</span> <span class='ocrx_word' id='word_1_268' title='bbox 944 2566 1095 2622; x_wconf 69' lang='lat' dir='ltr'>anelare</span> <span class='ocrx_word' id='word_1_269' title='bbox 1116 2566 1146 2602; x_wconf 84' lang='grc' dir='ltr'>Α</span> <span class='ocrx_word' id='word_1_270' title='bbox 1286 2577 1328 2612; x_wconf 73' lang='grc'>14</span> <span class='ocrx_word' id='word_1_271' title='bbox 1354 2567 1530 2622; x_wconf 70' lang='lat' dir='ltr'>optinent</span> <span class='ocrx_word' id='word_1_272' title='bbox 1547 2567 1578 2603; x_wconf 82' lang='lat' dir='ltr'>A</span> <span class='ocrx_word' id='word_1_273' title='bbox 1710 2576 1749 2615; x_wconf 81' lang='grc' dir='ltr'>ις</span> <span class='ocrx_word' id='word_1_274' title='bbox 1777 2567 1901 2615; x_wconf 77' lang='lat' dir='ltr'>capud</span> 
     </span>
     <span class='ocr_line' id='line_1_33' title="bbox 441 2612 1903 2708; baseline 0.001 -12"><span class='ocrx_word' id='word_1_275' title='bbox 441 2612 1176 2708; x_wconf 54' lang='lat' dir='ltr'>3..1„.2„.„.²‘31‘³⁰‘¹’¹⁰¹32¹2¹¹¹.¹?„Sg¹3.{¹.2„</span> <span class='ocrx_word' id='word_1_276' title='bbox 1197 2661 1261 2698; x_wconf 77' lang='lat' dir='ltr'>BA</span> <span class='ocrx_word' id='word_1_277' title='bbox 1309 2625 1350 2652; x_wconf 85' lang='lat'>²¹</span> <span class='ocrx_word' id='word_1_278' title='bbox 1379 2616 1601 2662; x_wconf 60' lang='lat' dir='ltr'>⁰¹&#39;*‘¹¹¹⁰¹⁰A</span> <span class='ocrx_word' id='word_1_279' title='bbox 1744 2625 1788 2661; x_wconf 84' lang='lat'>²⁷</span> <span class='ocrx_word' id='word_1_280' title='bbox 1814 2626 1903 2653; x_wconf 59' lang='grc' dir='ltr'>Μ</span> 
     </span>
    </p>
   </div>
   <div class='ocr_carea' id='block_1_6' title="bbox 436 2774 1902 2917">
    <p class='ocr_par' dir='ltr' id='par_1_8' title="bbox 436 2774 1902 2917">
     <span class='ocr_line' id='line_1_34' title="bbox 486 2774 1902 2831; baseline 0.001 -20"><span class='ocrx_word' id='word_1_281' title='bbox 486 2785 506 2811; x_wconf 87' lang='lat'>2</span> <span class='ocrx_word' id='word_1_282' title='bbox 531 2777 701 2829; x_wconf 68' lang='lat' dir='ltr'>qimulaea</span> <span class='ocrx_word' id='word_1_283' title='bbox 720 2776 919 2811; x_wconf 71' lang='lat' dir='ltr'>innocentia</span> <span class='ocrx_word' id='word_1_284' title='bbox 939 2777 1034 2811; x_wconf 65' lang='lat' dir='ltr'>cte:</span> <span class='ocrx_word' id='word_1_285' title='bbox 1062 2774 1155 2819; x_wconf 75' lang='lat' dir='ltr'>Aug.</span> <span class='ocrx_word' id='word_1_286' title='bbox 1174 2776 1310 2811; x_wconf 74' lang='lat' dir='ltr'>Enarr.</span> <span class='ocrx_word' id='word_1_287' title='bbox 1330 2778 1369 2811; x_wconf 76' lang='lat' dir='ltr'>in</span> <span class='ocrx_word' id='word_1_288' title='bbox 1392 2777 1450 2812; x_wconf 73' lang='lat' dir='ltr'>Pe.</span> <span class='ocrx_word' id='word_1_289' title='bbox 1472 2778 1565 2812; x_wconf 65' lang='lat' dir='ltr'>lxiii.</span> <span class='ocrx_word' id='word_1_290' title='bbox 1584 2785 1604 2821; x_wconf 94' lang='lat'><em>7</em></span> <span class='ocrx_word' id='word_1_291' title='bbox 1625 2776 1771 2831; x_wconf 73' lang='lat' dir='ltr'>(Migne</span> <span class='ocrx_word' id='word_1_292' title='bbox 1791 2778 1831 2813; x_wconf 82' lang='lat' dir='ltr'>P.</span> <span class='ocrx_word' id='word_1_293' title='bbox 1859 2777 1902 2812; x_wconf 88' lang='lat' dir='ltr'>L.</span> 
     </span>
     <span class='ocr_line' id='line_1_35' title="bbox 438 2823 1900 2870; baseline 0.001 -12"><span class='ocrx_word' id='word_1_294' title='bbox 438 2834 563 2858; x_wconf 70' lang='lat' dir='ltr'>xxxvi.</span> <span class='ocrx_word' id='word_1_295' title='bbox 583 2826 648 2868; x_wconf 82' lang='grc'>765</span> <span class='ocrx_word' id='word_1_296' title='bbox 655 2827 678 2867; x_wconf 85' lang='grc'>).</span> <span class='ocrx_word' id='word_1_297' title='bbox 871 2823 915 2858; x_wconf 85' lang='lat'>26</span> <span class='ocrx_word' id='word_1_298' title='bbox 941 2824 978 2857; x_wconf 76' lang='lat' dir='ltr'>in</span> <span class='ocrx_word' id='word_1_299' title='bbox 1004 2823 1119 2857; x_wconf 75' lang='lat' dir='ltr'>Veteri</span> <span class='ocrx_word' id='word_1_300' title='bbox 1147 2823 1387 2860; x_wconf 59' lang='lat' dir='ltr'>Testamento:</span> <span class='ocrx_word' id='word_1_301' title='bbox 1414 2835 1444 2859; x_wconf 86' lang='lat' dir='ltr'>v.</span> <span class='ocrx_word' id='word_1_302' title='bbox 1472 2824 1586 2861; x_wconf 86' lang='lat' dir='ltr'>Num.</span> <span class='ocrx_word' id='word_1_303' title='bbox 1611 2835 1723 2861; x_wconf 81' lang='lat' dir='ltr'>xxvu.</span> <span class='ocrx_word' id='word_1_304' title='bbox 1747 2826 1900 2870; x_wconf 75' lang='lat' dir='ltr'>18neqq.</span> 
     </span>
     <span class='ocr_line' id='line_1_36' title="bbox 436 2869 1226 2917; baseline 0.001 -12"><span class='ocrx_word' id='word_1_305' title='bbox 436 2880 485 2916; x_wconf 83' lang='lat'>30</span> <span class='ocrx_word' id='word_1_306' title='bbox 509 2872 548 2905; x_wconf 69' lang='lat' dir='ltr'>in</span> <span class='ocrx_word' id='word_1_307' title='bbox 565 2871 656 2907; x_wconf 75' lang='lat' dir='ltr'>libro</span> <span class='ocrx_word' id='word_1_308' title='bbox 673 2871 899 2916; x_wconf 70' lang='lat' dir='ltr'>Baeqnorum:</span> <span class='ocrx_word' id='word_1_309' title='bbox 927 2881 957 2906; x_wconf 79' lang='lat' dir='ltr'>v.</span> <span class='ocrx_word' id='word_1_310' title='bbox 981 2879 993 2906; x_wconf 95' lang='grc' dir='ltr'>ι</span> <span class='ocrx_word' id='word_1_311' title='bbox 1017 2869 1108 2917; x_wconf 80' lang='lat' dir='ltr'>Reg.</span> <span class='ocrx_word' id='word_1_312' title='bbox 1126 2869 1174 2907; x_wconf 85' lang='lat' dir='ltr'>ix.</span> <span class='ocrx_word' id='word_1_313' title='bbox 1193 2880 1226 2907; x_wconf 83' lang='lat'>2.</span> 
     </span>
    </p>
   </div>
   <div class='ocr_carea' id='block_1_7' title="bbox 547 2942 612 2985">
    <p class='ocr_par' dir='ltr' id='par_1_9' title="bbox 547 2942 612 2985">
     <span class='ocr_line' id='line_1_37' title="bbox 547 2942 612 2985; baseline 0.031 -11"><span class='ocrx_word' id='word_1_314' title='bbox 547 2942 612 2985; x_wconf 81' lang='lat'>298</span> 
     </span>
    </p>
   </div>
  </div>
 </body>
</html>
