1994 3190
286 207 364 248 ⁵2⁹
384 207 416 238 a
759 193 1021 238 IOANNIS
1061 193 1576 239 SARESBERIENSIS
1718 191 1830 254 [ΜΒ.
1844 204 1897 238 lv

429 315 614 359 Vtinam
634 329 794 358 aurum
813 330 914 359 cum
934 317 1121 373 argento
1143 314 1340 366 uilescat‚
1359 315 1466 358 dum
1486 314 1546 358 sit
1569 314 1663 358 sola
1682 314 1828 358 uirtus
1847 314 1896 358 in

428 385 572 442 pretio
608 387 654 428 et
688 384 767 428 illa
801 399 988 442 quorum
1019 399 1150 428 usum
1182 384 1351 442 optima
1385 383 1479 427 dux
1514 383 1698 427 uiuendi
1734 386 1898 426 natura

427 453 717 497 commendat.
777 453 951 511 Pauper
981 454 1132 510 itaque
1166 467 1256 496 non
1290 453 1463 505 iacebit,
1494 467 1575 497 nec
1605 453 1731 496 diues
1760 451 1898 495 solius

429 522 641 579 pecuniae
660 522 871 567 beneficio
890 523 1194 573 honorabitur,
1214 523 1321 566 dum
1345 523 1647 580 unusquisque
1667 522 1737 565 sui
1756 522 1898 579 ipsius
1950 555 1952 558 .

432 591 536 635 dote
576 592 662 636 erit
700 592 748 635 in
786 593 930 650 pretio
968 592 1041 635 uel
1081 592 1272 636 uilescet.
1332 592 1468 635 Porro
1511 592 1728 648 quaedam
1771 606 1799 634 a
1838 605 1896 642 se,
1915 606 1936 642 5

431 661 648 718 quaedam
688 661 746 705 ab
779 662 967 705 aliorum
1001 661 1207 719 opinione
1246 661 1414 705 habent
1451 661 1584 719 pretii
1619 661 1896 718 dignitatem.

433 729 566 774 Panis
604 730 822 788 siquidem
857 732 938 774 aut
971 731 1196 782 uictualia‚
1231 745 1344 788 quae
1377 730 1426 773 in
1456 730 1680 773 alimentis
1715 733 1794 773 aut
1828 730 1898 772 in-

385 802 416 841 b
433 799 657 843 dumentis
683 800 939 844 necessariis
965 803 1182 851 constant,
1201 800 1398 843 dictante
1424 802 1587 842 natura
1606 801 1713 842 sunt
1732 799 1898 856 ubique

430 872 653 930 terrarum
691 869 740 911 in
778 869 934 926 pretio.
1005 869 1130 922 Quae
1167 883 1322 912 sensus
1367 868 1592 913 oblectant
1632 868 1900 912 naturaliter

429 938 636 982 omnibus
668 940 800 996 grata
832 940 950 982 sunt.
1009 937 1129 990 Quid
1162 938 1336 981 multa?
1396 937 1521 991 Quae
1554 940 1741 981 naturae
1780 939 1898 989 sunt,
1917 951 1960 978 ιο

431 1022 521 1051 non
550 1007 681 1051 modo
707 1007 860 1051 eadem
891 1007 968 1050 sed
1001 1007 1158 1065 uigent
1185 1007 1304 1065 apud
1327 1020 1503 1060 omnes;
1537 1021 1650 1064 quae
1678 1006 1899 1064 opinionis

431 1077 669 1120 arbitrium
685 1079 943 1133 sequuntur,
958 1076 1128 1120 incerta
1143 1080 1267 1129 sunt;
1286 1079 1342 1128 et,
1355 1076 1470 1120 sicut
1484 1076 1542 1119 ad
1554 1076 1768 1134 placitum
1780 1078 1899 1127 sunt,

431 1146 498 1189 ita
517 1148 563 1189 et
582 1145 638 1188 ad
658 1145 871 1203 placitum
892 1148 1172 1189 euanescunt.
1232 1145 1336 1189 Non
1356 1144 1506 1188 fuerat
1526 1159 1631 1203 ergo
1651 1145 1900 1189 timendum

430 1214 689 1272 imperatori
712 1229 769 1258 ne
795 1214 984 1258 materia
1010 1214 1370 1259 commerciorum
1394 1214 1612 1266 deficeret,
1631 1229 1731 1258 cum
1762 1214 1898 1258 etiam

430 1284 575 1327 adhuc
596 1284 715 1342 apud
735 1284 835 1327 illos
854 1284 1117 1327 uenalitium
1138 1283 1346 1342 frequens
1366 1284 1437 1335 sit,
1458 1283 1535 1341 qui
1555 1283 1787 1341 pecuniam
1807 1298 1897 1327 non
1917 1301 1959 1338 15

430 1358 666 1398 nonerunt.
703 1353 803 1398 Scio
817 1354 1020 1411 equidem
1032 1356 1185 1397 tantae
1200 1353 1444 1411 sapientiae
1456 1353 1594 1397 fuisse
1607 1353 1898 1404 Salomonem,

430 1427 484 1467 ut
517 1438 761 1480 numquam
802 1423 1006 1468 timuerit
1036 1438 1092 1467 ne
1132 1438 1292 1467 aurum
1327 1425 1374 1467 et
1401 1426 1636 1481 argentum
1667 1423 1899 1466 uilesceret

429 1492 629 1549 posteris,
657 1507 845 1550 quorum
875 1496 1085 1538 naturam
1114 1492 1297 1536 uidebat
1333 1507 1426 1536 esse
1462 1491 1711 1536 famelicam
1741 1495 1788 1535 et
1816 1506 1898 1550 pro

429 1565 558 1619 parte
570 1562 767 1607 maxima
780 1562 917 1607 nichil
930 1562 1054 1607 aliud
1066 1576 1199 1620 quam
1211 1562 1443 1620 pecuniam
1458 1561 1635 1606 esurire.
1675 1561 1804 1605 Vnde
1816 1575 1897 1619 per

429 1632 693 1690 inspiratam
713 1632 978 1690 sapientiam
998 1632 1112 1676 hanc
1131 1632 1381 1690 rubiginem
1396 1646 1476 1675 rex
1491 1631 1756 1689 contempsit
1775 1645 1896 1690 egre-
1915 1648 1960 1675 ιο

430 1701 544 1759 gius,
558 1704 611 1745 ut
626 1701 683 1745 ad
698 1704 1001 1759 contemptum
1015 1702 1227 1760 pecuniae
1242 1701 1311 1746 sui
1327 1701 1466 1759 ipsius
1481 1701 1683 1759 exemplo
1699 1703 1898 1758 posteros

389 1785 415 1816 c
432 1770 657 1814 inuitaret.
726 1770 960 1816 Praeterea
1008 1786 1101 1815 esse
1144 1785 1293 1829 regem
1337 1770 1518 1829 expedit
1557 1770 1793 1828 copiosum,
1832 1770 1900 1814 ita

431 1842 581 1883 tamen
607 1842 661 1883 ut
687 1839 871 1884 diuitias
898 1855 1001 1884 suas
1028 1840 1180 1898 populi
1208 1842 1396 1898 reputet.
1455 1839 1559 1883 Non
1584 1839 1767 1883 habebit
1793 1853 1899 1898 ergo

429 1908 612 1952 diuitias
634 1923 743 1966 quas
769 1910 947 1953 nomine
973 1909 1168 1969 possidet
1188 1909 1342 1961 alieno,
1362 1923 1441 1953 nec
1461 1909 1546 1953 sibi
1567 1909 1746 1966 priuata
1760 1908 1898 1953 'erunt

429 1978 546 2022 bona
565 1978 732 2022 fiscalia
752 1993 864 2038 quae
884 1979 1062 2036 publica
1081 1979 1328 2024 confitetur.
1388 1978 1481 2023 Nec
1501 1978 1676 2030 mirum,
1696 1993 1796 2022 cum
1816 1992 1896 2023 nec
1915 1993 1959 2031 ²5

429 2047 524 2105 ipse
543 2061 650 2092 suus
669 2047 730 2091 sit
748 2047 825 2091 sed
845 2048 1137 2093 subditorum.

430 2170 537 2230 Cap.
559 2173 600 2215 6.
638 2171 766 2226 Quod
789 2171 907 2217 debet
936 2173 1068 2230 le9e‘m
1098 2173 1180 2218 Dei
1206 2172 1362 2218 habere
1383 2187 1495 2231 prae
1521 2178 1665 2218 ‘mente
1689 2178 1728 2218 et
1759 2174 1899 2220 oculis

544 2255 723 2298 semper,
747 2245 786 2287 et
810 2242 988 2299 peritus
1016 2257 1100 2287 esee
1130 2243 1183 2287 in
1213 2243 1386 2295 litteris,
1416 2247 1453 2288 et
1484 2243 1789 2289 litteratorum
1818 2245 1899 2302 aqi

546 2310 758 2355 consiliis.

488 2390 727 2448 Postquam
752 2379 902 2435 autem
923 2392 1087 2436 sederit
1111 2392 1158 2435 in
1185 2392 1294 2436 solio
1318 2393 1442 2451 regni
1470 2393 1551 2444 sui,
1571 2393 1789 2438 describet
1812 2394 1897 2439 sibi
1915 2409 1960 2448 go

429 2459 822 2504 Deuteronomium
839 2461 949 2519 legis
962 2461 1094 2507 huius
1110 2461 1155 2504 in
1171 2462 1408 2506 uolumine.
1453 2462 1562 2507 Ecce
1575 2463 1680 2520 quia
1695 2463 1899 2522 princeps

429 2544 518 2573 non
558 2530 691 2573 debet
730 2544 823 2574 esse
863 2531 972 2574 iuris
1013 2531 1195 2588 ignarus
1230 2535 1287 2582 et,
1320 2531 1422 2575 licet
1461 2532 1615 2576 multis
1651 2533 1899 2591 priuilegiis

429 2599 634 2657 gaudeat,
661 2614 741 2644 nec
768 2599 954 2644 militiae
981 2603 1217 2658 praetextu
1245 2600 1385 2659 legem
1412 2601 1594 2646 Domini
1621 2602 1900 2660 permittitur

431 2713 475 2741 ¹2
501 2705 679 2740 secuntur
696 2702 736 2740 M

478 2800 497 2826 2
523 2766 753 2844 optimu-dux
770 2792 869 2829 etc:
895 2802 927 2828 ν.
946 2789 1022 2828 eie.
1041 2792 1084 2826 de
1101 2792 1248 2828 Amicii.
1268 2799 1286 2838 5
1309 2790 1326 2838 ξ
1350 2800 1405 2839 19.
1517 2802 1564 2838 30
1588 2792 1780 2840 Postquam.
1799 2793 1898 2830 etex

430 2835 543 2874 Deut.
563 2848 649 2874 xm.
673 2839 726 2875 18.

539 2917 608 2952 ⁸50
