1994 3190
197 119 206 128 ’
259 135 381 185 482d
725 133 985 178 IOANNIS
1026 133 1538 178 SARESBERIENSIS
1673 132 1784 193 [ΜΒ.
1798 145 1860 178 111

397 255 452 298 de
491 268 634 306 causa,
672 253 828 311 utique
866 253 1150 311 persuadebit
1183 257 1236 296 ut
1275 253 1392 310 quod
1427 254 1610 311 appetit,
1642 253 1790 305 faciat,
1821 253 1859 297 si

396 324 546 381 possit,
579 326 718 376 recte;
759 323 798 366 si
831 338 932 374 non,
962 337 1237 379 quocumque
1270 323 1401 366 modo
1421 338 1524 366 rem.
1583 323 1750 366 Verum
1780 323 1859 380 qui
1922 365 1925 367 ,

248 395 332 444 483
351 406 380 434 a
397 408 477 436 suo
510 393 699 442 nomine,
730 395 783 436 ut
816 392 991 449 proprie
1026 392 1269 449 loquamur,
1299 392 1463 435 dicitur
1497 393 1713 445 adulator,
1744 393 1860 435 uitia

396 462 608 519 cuiusque
628 461 816 512 dealbat,
837 464 882 505 et
906 476 961 504 ne
981 476 1027 504 se
1054 461 1199 518 ipsum
1226 461 1389 512 uideat,
1404 462 1551 505 oculos
1571 461 1860 519 colloquentis

397 532 588 589 quadam
608 531 725 574 nube
745 530 959 574 uanitatis
979 530 1146 587 implet,
1166 533 1212 573 et
1231 545 1360 574 aures
1380 530 1505 574 falsis
1524 531 1858 588 praeconiorum
1879 550 1898 584 5

397 601 543 644 titulis
564 600 715 644 reficit.
774 599 855 643 Ait
875 600 1068 643 ethicus:

513 692 631 746 Quid
662 691 779 748 quod
808 691 1019 734 adulandi
1049 705 1158 748 gens
1186 691 1531 748 prudentissima
1560 691 1715 735 laudat

512 765 756 794 sermonem
785 749 962 799 indocti,
992 749 1149 792 faciem
1179 748 1390 792 deformis
1419 750 1560 801 amici,

513 812 559 851 et
587 808 660 851 lon
724 823 768 850 m
798 807 984 850 inualidi
1014 807 1174 850 collum
1204 807 1448 850 ceruicibus
1477 811 1639 864 aequat

515 866 632 909 Herc
681 866 731 917 is,
758 866 970 908 Anteium
999 865 1151 921 procul
1180 879 1208 908 a
1237 865 1395 908 tellure
1424 866 1628 917 tenentis,
1879 876 1920 900 ¹0

513 925 703 967 miratur
731 938 882 967 uocem
913 927 1160 980 angustam,
1189 937 1277 979 qua
1306 923 1500 966 deterius
1529 938 1610 967 nec

514 983 588 1025 ille
618 985 757 1033 sonat,
787 996 874 1038 quo
903 981 1130 1024 mordetur
1158 981 1326 1038 gallina
1354 981 1545 1025 marito?

399 1075 495 1118 Hoc
515 1078 664 1117 autem
684 1073 865 1116 minime
885 1073 1065 1116 uidetur
1082 1072 1257 1124 mirum,
1278 1073 1315 1116 si
1339 1073 1627 1129 perditissimi
1647 1074 1858 1125 homines,

397 1148 442 1188 et
469 1144 630 1201 quibus
655 1143 728 1186 hic
751 1143 903 1200 grauis
926 1142 1123 1185 moribus
1149 1145 1195 1185 et
1222 1142 1469 1185 feculentus
1495 1142 1688 1186 mundus
1717 1143 1856 1186 sordi·
1881 1190 1883 1193 ,

396 1214 541 1266 datur,
567 1212 624 1255 ad
654 1216 828 1257 tantam
857 1212 1180 1269 turpitudinem
1209 1214 1394 1268 possunt
1420 1211 1598 1269 impelli.
1658 1212 1746 1255 Sed
1776 1214 1859 1257 hoc
1880 1224 1919 1259 ¹5

395 1283 545 1340 potius
565 1282 677 1325 duco
698 1281 910 1333 mirabile,
931 1281 1048 1338 quod
1069 1281 1280 1337 populum
1302 1281 1379 1337 qui
1399 1281 1483 1324 sibi
1503 1281 1655 1325 credat
1681 1282 1860 1334 habent,

397 1352 473 1408 qui
501 1351 554 1394 de
581 1365 627 1393 se
652 1350 793 1407 magis
820 1350 988 1395 alienae
1019 1349 1196 1407 linguae
1226 1350 1481 1407 adquiescat
1503 1365 1636 1407 quam
1656 1352 1861 1408 proprias

349 1426 378 1464 b
398 1420 560 1464 iudicio
580 1419 882 1469 conscientiae,
904 1419 1010 1462 dum
1031 1419 1223 1476 seipsum
1250 1419 1438 1475 quilibet
1464 1423 1592 1463 extra
1616 1435 1663 1463 se
1686 1421 1862 1478 quaerit

397 1494 443 1533 et
472 1504 598 1532 nosse
628 1489 896 1546 dedignatur
925 1502 1057 1545 quam
1087 1488 1148 1531 sit
1174 1488 1257 1531 sibi
1283 1492 1410 1532 curta
1438 1489 1649 1546 supellex,
1708 1490 1860 1534 Nichil

397 1562 465 1603 est
507 1559 625 1602 enim
660 1558 777 1615 quod
809 1557 984 1601 credere
1019 1557 1073 1600 de
1113 1572 1159 1600 se
1198 1572 1287 1600 non
1321 1558 1461 1615 possit
1498 1573 1598 1602 cum
1639 1559 1860 1612 laudatur,
1879 1573 1922 1598 πο

397 1643 486 1672 non
516 1628 646 1671 modo
676 1627 761 1670 diis
790 1641 932 1684 aequa
961 1630 1168 1684 potestas,
1192 1626 1268 1670 sed
1298 1641 1597 1684 quaecumque
1627 1628 1776 1672 anima
1805 1629 1860 1673 de

399 1699 618 1741 fermento
647 1696 878 1754 superbiae
909 1696 1175 1741 intumescit.

441 1815 547 1874 Cap.
570 1826 608 1871 5.
648 1816 713 1860 De
742 1815 918 1860 cautela
946 1815 1256 1867 adulatorum,
1286 1819 1326 1860 et
1347 1815 1522 1871 fraude
1550 1817 1818 1875 multiplici,

672 1888 709 1929 et
740 1883 975 1929 comitibus
1003 1884 1300 1936 adulationis,
1330 1888 1367 1928 et
1398 1886 1584 1943 sequela.

365 1968 367 1970 ’
456 1966 574 2010 Sunt
611 1968 761 2014 tamen
801 1965 877 2022 qui
913 1964 1120 2022 uulgares
1150 1968 1196 2008 et
1229 1964 1505 2009 adulationes
1539 1966 1731 2023 plebeias
1770 1982 1860 2011 non
1879 1982 1920 2018 ος,

397 2035 651 2086 admittant,
685 2039 739 2078 ut
772 2035 847 2091 qui
883 2034 1042 2078 nolunt
1081 2034 1160 2077 uili
1201 2039 1429 2092 unguento
1463 2035 1614 2079 oleoue
1653 2040 1861 2094 corrupto

398 2105 515 2163 quod
535 2104 740 2147 omnibus
761 2104 872 2147 fetet
893 2103 1061 2161 inungi,
1081 2118 1180 2147 cum
1202 2105 1441 2147 amicorum
1468 2108 1548 2148 aut
1571 2105 1861 2150 conuiuarum

397 2177 616 2231 expetunt
628 2173 830 2231 gratiam.
872 2172 990 2226 Quid
1006 2173 1123 2216 enim
1140 2173 1314 2230 turpius
1330 2176 1397 2217 est
1417 2188 1549 2231 quam
1570 2174 1626 2218 ad
1646 2174 1862 2219 lenocinia

400 2243 628 2287 histrionis
662 2243 979 2300 transfigurare
1011 2242 1198 2293 uultum,
1232 2246 1405 2286 mutare
1444 2243 1659 2297 habitum,
1691 2247 1862 2288 motum

398 2313 568 2363 ducere,
607 2315 653 2355 et
686 2326 773 2355 non
805 2315 897 2355 tam
934 2311 1084 2355 uidere
1118 2311 1254 2355 alium
1287 2327 1419 2369 quam
1451 2327 1497 2355 se
1530 2313 1674 2370 ipsum
1708 2328 1861 2371 gerere
1879 2331 1922 2367 30

399 2381 689 2437 histrionem?
747 2381 865 2435 Quid
895 2381 1090 2439 ineptius
1113 2396 1258 2439 quam,
1281 2396 1380 2426 cum
1405 2382 1520 2425 alius
1547 2397 1707 2440 magno
1734 2383 1862 2428 hiatu

400 2502 421 2538 3
442 2491 667 2547 'eloquamur
684 2490 723 2527 M
868 2500 913 2529 ιο
935 2492 1089 2528 anteum
1107 2489 1175 2527 C'S
1347 2501 1384 2528 ιι
1414 2492 1616 2537 augustam
1634 2490 1673 2527 M
1818 2502 1861 2539 13

400 2551 535 2575 mltum
554 2538 705 2575 uidetur
721 2538 753 2574 A
889 2548 931 2583 ¹⁴
956 2538 1081 2585 grauis
1099 2538 1160 2575 hic
1178 2538 1210 2574 A
1345 2548 1388 2585 19
1414 2538 1610 2586 suppellex
1626 2537 1685 2575 As
1815 2541 1863 2579 26

400 2588 569 2633 ungento
589 2585 645 2622 138

406 2654 480 2723 „h
498 2689 518 2715 2
544 2680 577 2714 ω’
640 2679 703 2713 m‘e
719 2680 812 2715 eto.:
838 2688 869 2713 v.
889 2675 979 2713 nor.
997 2677 1068 2723 Ep.
1088 2675 1111 2712 i.
1136 2687 1163 2713 ι.
1180 2677 1241 2714 66.
1394 2685 1414 2721 7
1442 2678 1539 2721 Quid
1553 2679 1647 2724 quod
1664 2679 1757 2715 eta:
1783 2676 1860 2717 Iuv.

398 2729 471 2761 Sat.
493 2725 545 2762 iii.
636 2735 692 2771 9¹·
839 2725 879 2762 18
906 2730 1008 2761 exera
1023 2736 1058 2760 u
1076 2726 1167 2761 eta:
1195 2736 1227 2760 v.
1247 2723 1344 2761 Pers.
1363 2726 1438 2759 Sat.
1463 2724 1488 2761 i.
1506 2733 1539 2769 7.
1687 2735 1730 2772 19
1753 2737 1862 2773 quam

397 2775 442 2810 ω’(
461 2775 554 2811 ete:
582 2772 679 2811 Peru.
696 2774 770 2810 Sat.
789 2772 837 2810 iv.
856 2781 912 2819 52.
1007 2772 1130 2808 Nichil
1146 2773 1237 2808 eta:
1266 2771 1342 2809 1uv.
1359 2775 1432 2808 Sat.
1453 2771 1498 2808 iv.
1517 2781 1576 2819 70,
1594 2782 1649 2816 71.

512 2845 575 2878 180
