1994 3190
764 82 781 105 S

229 218 312 269 5⁵6
333 226 359 258 c
702 214 962 261 IOANNIS
1001 183 1515 260 SARESBERIENSIS
1633 261 1638 267 ,
1683 215 1794 273 [m.
1808 225 1839 259 v

377 334 710 394 Quadrigarius,
729 335 1044 380 contendentes
1069 336 1124 379 de
1150 336 1327 380 nomine
1347 339 1393 380 et
1418 336 1559 380 officio
1587 335 1839 394 proditoris.
1896 342 1900 347 ·

330 409 360 450 d
376 405 450 448 An
484 404 732 448 Timocares
762 404 901 448 fuerit
934 405 1064 449 iuxta
1093 405 1320 449 Valerium
1355 409 1484 464 pater
1522 406 1642 449 illius
1680 405 1757 463 qui
1791 405 1840 448 in

375 474 493 532 regis
530 473 736 517 conuiuio
774 474 931 531 pocula
972 475 1266 526 ministrabat,
1305 490 1364 518 an
1402 474 1643 518 secundum
1692 474 1840 528 Quad-

375 543 591 601 rigarium
630 542 783 586 Nicias
820 543 1026 595 medicus,
1066 558 1155 587 non
1204 543 1396 587 multum
1444 558 1562 596 curo,
1602 543 1841 586 dummodo

373 614 547 656 constet
579 611 779 655 consules
818 612 1117 656 Romanorum
1152 628 1203 656 eo
1236 613 1461 671 subegisse
1500 613 1687 663 Pirrum,
1723 611 1841 669 quod
1860 629 1880 664 5

374 682 605 740 perfidiam
645 681 827 725 fuerant
864 683 1099 739 aspernati.
1180 681 1425 740 Epistolam
1464 696 1571 725 uero
1610 681 1841 725 consulum

373 751 432 794 ad
481 751 655 793 Pirrum
695 751 808 794 hanc
858 751 995 795 fuisse
1035 751 1356 809 Quadrigarius
1405 750 1569 794 refert:
1629 749 1843 795 Consules

375 820 564 864 Romani
590 820 779 863 salutem
809 820 964 864 dicunt
994 821 1119 864 Pirro
1145 820 1253 878 regi.
1312 820 1407 863 Nos
1436 834 1517 878 pro
1546 820 1637 863 tuis
1666 819 1843 863 iniuriis

373 890 585 934 continuo
604 889 752 932 animo
771 890 978 933 commoti
998 890 1236 933 inimiciter
1254 891 1401 934 tecum
1421 889 1585 932 bellare
1601 889 1843 939 studemus,

375 959 451 1003 sed
486 973 586 1002 cum
621 958 786 1002 muniis
821 959 1011 1016 exempli
1043 962 1090 1002 et
1119 958 1234 1001 fidei.
1294 958 1413 1016 Ergo
1441 958 1589 1002 uisum
1619 961 1687 1002 est
1715 960 1768 1002 ut
1796 961 1843 1002 te
1862 972 1905 998 ιο

374 1028 549 1071 saluum
569 1028 770 1080 uelimus,
786 1042 874 1085 quo
893 1028 953 1071 sit
974 1042 1104 1084 quem
1123 1027 1260 1071 armis
1284 1028 1502 1085 possimus
1522 1027 1712 1070 uincere.
1771 1026 1844 1070 Ad

376 1112 457 1141 nos
483 1097 610 1140 uenit
629 1097 781 1140 Nicias
802 1096 1036 1140 familiaris
1055 1100 1172 1147 tuus,
1193 1097 1270 1154 qui
1290 1097 1376 1140 sibi
1396 1112 1424 1140 a
1443 1097 1570 1140 nobis
1597 1096 1844 1154 praemium

375 1170 558 1225 peteret,
594 1166 633 1209 si
668 1169 714 1209 te
745 1166 859 1209 clam
894 1165 1198 1209 interfecisset.
1270 1165 1325 1208 Id
1358 1180 1438 1209 nos
1470 1179 1684 1224 negamus
1718 1165 1845 1217 uelle,

232 1249 309 1290 557
329 1250 359 1280 a
376 1250 488 1279 neue
518 1235 574 1278 ob
613 1250 710 1278 eam
740 1249 833 1278 rem
864 1234 1099 1292 quicquam
1129 1235 1345 1278 commodi
1380 1237 1647 1292 expectaret,
1676 1235 1846 1278 denun-

377 1305 600 1348 tiauimus.
660 1304 804 1347 Simul
832 1304 967 1347 etiam
991 1304 1138 1347 uisum
1168 1307 1236 1348 est
1266 1307 1319 1347 ut
1347 1307 1394 1348 te
1422 1304 1652 1348 certiorem
1681 1303 1845 1348 facere-
1866 1321 1906 1357 15

376 1388 487 1424 mus,
507 1389 563 1417 ne
584 1373 691 1430 quid
719 1373 945 1424 eiusmodi,
965 1373 1002 1416 si
1029 1373 1270 1426 accidisset,
1289 1377 1442 1417 nostro
1467 1373 1649 1417 consilio
1675 1372 1846 1417 factum

376 1446 588 1500 putarent
608 1443 825 1493 ciuitates,
845 1442 1035 1486 sciturae
1060 1442 1178 1499 quod
1197 1443 1325 1486 nobis
1345 1457 1435 1486 non
1454 1443 1599 1500 placet
1618 1442 1847 1500 promissis

377 1515 458 1555 aut
497 1512 639 1569 pretio
679 1515 760 1555 aut
797 1512 910 1555 dolis
956 1526 1168 1569 pugnare.
1247 1512 1328 1563 Tu,
1367 1512 1453 1555 nisi
1493 1527 1634 1565 caues,
1672 1511 1846 1555 iacebis.

377 1581 496 1635 Quid
536 1580 726 1624 referam
775 1581 905 1638 quod,
944 1595 1045 1624 cum
1095 1581 1135 1624 ei
1183 1581 1309 1639 regni
1357 1581 1641 1625 medietatem
1692 1581 1846 1624 Pirrus

376 1651 622 1702 obtulisset,
649 1653 702 1693 ut
730 1665 882 1708 pacem
910 1650 1237 1694 conditionibus
1265 1651 1417 1708 aequis
1446 1651 1714 1703 admitteret,
1743 1665 1843 1695 con·
1864 1666 1910 1692 ιο

377 1723 574 1777 temptus
590 1720 686 1763 est'l
745 1719 833 1763 Sed
853 1734 932 1763 nec
948 1720 1074 1778 regni
1094 1720 1378 1764 medietatem
1397 1720 1630 1778 adquieuit
1649 1721 1846 1778 accipere

378 1793 431 1832 ut
470 1789 712 1832 amicitiam
760 1789 1042 1846 promitteret
1090 1789 1196 1847 regi.
1274 1789 1388 1834 Cum
1429 1804 1536 1834 uero
1575 1789 1736 1844 Cineas
1774 1789 1848 1832 uir

378 1858 796 1916 praestantissimus,
817 1858 893 1915 qui
919 1858 1105 1902 Romam
1125 1859 1285 1903 missus
1306 1859 1466 1911 fuerat,
1481 1874 1684 1903 reuersus
1710 1859 1848 1903 inter-

379 1930 612 1985 rogaretur
646 1927 790 1984 qualis
826 1927 966 1970 Roma
1005 1931 1131 1979 esset,
1161 1929 1390 1986 respondit
1419 1943 1465 1972 se
1494 1943 1649 1987 regum
1683 1928 1849 1972 uidisse

379 1996 583 2054 patriam,
610 2011 660 2040 eo
687 1996 805 2054 quod
838 1996 931 2040 fere
958 2011 1109 2041 omnes
1139 1997 1251 2041 tales
1278 2001 1424 2041 essent
1450 1998 1540 2042 illie
1567 1998 1710 2056 qualis
1734 2000 1850 2042 esset
1868 2014 1910 2049 ²⁵

379 2065 499 2109 solus
543 2066 694 2108 Pirrus
730 2066 776 2108 in
808 2065 943 2123 Epiro
978 2066 1049 2109 uel
1084 2067 1255 2123 reliqua
1296 2067 1464 2111 Grecia.
1536 2067 1707 2111 Audita
1742 2081 1848 2125 ergo

332 2139 361 2178 b
379 2135 630 2179 constantia
647 2134 850 2185 Fabricii,
864 2134 1011 2191 inquit
1026 2150 1105 2178 rex
1123 2152 1131 2177 :
1164 2136 1250 2180 Hic
1265 2139 1333 2179 est
1354 2136 1509 2193 utique
1524 2136 1599 2179 ille
1622 2136 1852 2180 Fabricius

380 2204 456 2262 qui
478 2204 699 2248 difficilius
724 2219 751 2247 a
776 2204 946 2247 uirtute
967 2219 1099 2261 quam
1121 2205 1184 2248 sol
1212 2220 1240 2248 a
1266 2219 1398 2248 cursu
1419 2220 1499 2248 suo
1519 2205 1664 2248 auerti
1692 2208 1852 2263 potest.

380 2274 631 2331 Imperator
656 2272 792 2317 Cesar
819 2273 1050 2330 Augustus
1077 2274 1365 2318 Germanicus
1391 2289 1442 2318 eo
1470 2274 1583 2318 bello
1604 2289 1691 2331 quo
1719 2274 1853 2318 uictis
1916 2285 1924 2291 ·

381 2343 583 2386 hostibus
613 2342 863 2386 Germanici
904 2357 1145 2399 cognomen
1176 2343 1351 2396 meruit,
1381 2358 1481 2386 cum
1512 2344 1558 2385 in
1588 2343 1752 2387 finibus
1781 2357 1851 2387 co-
1869 2358 1912 2393 30

381 2413 555 2470 piarum
587 2411 768 2456 castella
795 2415 989 2469 poneret,
1009 2426 1089 2469 pro
1118 2411 1337 2455 fructibus
1365 2412 1572 2465 locorum,
1593 2428 1706 2470 quae
1733 2412 1853 2456 uallo

380 2482 791 2540 comprehendebat,
824 2481 1016 2539 pretium
1052 2482 1164 2524 solui
1201 2481 1341 2533 iussit,
1376 2485 1510 2539 atque
1551 2482 1616 2525 ita
1655 2482 1854 2526 iustitiae

382 2595 652 2681 ὲὲτοᾱίιοὲὶέ]
665 2595 875 2691 ἓζὲιὲὲιὲιὲι
893 2594 932 2631 Μ
1110 2605 1153 2641 ¹⁴
1177 2595 1368 2634 comodis
1569 2598 1612 2634 16
1636 2595 1853 2634 huiusmodi

430 2745 463 2781 7,
483 2737 504 2773 8
532 2737 703 2772 Consules
720 2737 875 2772 Romam·
898 2738 997 2773 cto-t
1025 2734 1119 2772 Gen.
1136 2734 1190 2772 iii.
1208 2736 1229 2773 8
1248 2735 1266 2783 ξ
1287 2737 1330 2779 8;
1359 2736 1651 2784 discrepantiam
1676 2736 1854 2775 lectionis

384 2782 486 2821 inter
505 2782 682 2820 Ioannem
702 2786 870 2820 nostrum
888 2786 927 2820 ct
960 2783 1065 2820 codd.
1082 2783 1198 2820 Gellii
1224 2787 1502 2821 commentatus
1527 2787 1584 2822 est
1609 2784 1786 2822 Hertzius
1810 2783 1854 2822 in

383 2830 440 2868 cd.
468 2830 622 2868 maiore.
802 2842 843 2877 ¹9
866 2843 946 2867 cum
965 2833 998 2866 en·
1015 2833 1117 2876 requi
1141 2834 1234 2868 eta:
1261 2843 1293 2867 v.
1315 2831 1408 2869 Flor.
1429 2832 1453 2868 i.
1478 2842 1517 2878 ¹3
1538 2833 1556 2878 ξ
1577 2842 1631 2869 21.
1808 2842 1853 2869 22

387 2879 477 2914 Cum
495 2890 579 2915 uem
609 2880 738 2914 cineas
754 2880 849 2915 etc:
877 2890 908 2915 v.
929 2878 1084 2925 Eun-op.
1105 2877 1143 2915 ii.
1168 2889 1208 2925 13
1229 2877 1247 2926 ξ
1267 2889 1298 2926 3.
1454 2890 1499 2926 29
1523 2880 1729 2926 Imperator
1746 2880 1857 2917 Cesar

384 2929 479 2963 eto:
507 2925 673 2963 Frontin.
693 2928 802 2963 Serae.
822 2925 860 2963 ii.
884 2936 920 2964 ιι
944 2926 961 2974 §
982 2935 1013 2971 7.

491 3006 559 3040 3¹²
