1994 3190
244 187 327 227 422
344 175 375 216 <1
721 175 875 220 IOAN
876 175 921 219 N
923 175 981 219 IS
1021 171 1534 220 SARESBERIENSIS
1687 173 1800 235 [Lm.
1815 188 1856 220 11

391 294 673 351 sepulchrum
716 295 956 346 ueniretur,
996 295 1214 338 efflabant.
1293 294 1382 337 Sed
1429 309 1510 338 nec
1557 294 1762 352 planctus
1800 308 1858 337 ex

391 378 512 407 more
539 363 761 408 defunctis
786 365 1081 408 exhibebatur
1102 367 1182 407 aut
1201 364 1358 413 luctus,
1378 364 1483 421 quia
1502 365 1584 407 hoc
1607 364 1691 407 sibi
1711 366 1857 407 totum

391 433 708 476 uendicauerat
740 433 891 477 fames.
951 434 1040 477 Sed
1074 448 1154 476 nec
1193 433 1378 476 ariditas
1417 433 1589 477 inediae
1628 434 1858 476 humorem

392 503 599 559 cuiquam
645 503 885 559 reliquerat
932 502 1226 545 lacrimarum.
1303 502 1581 546 Obsederant
1628 502 1858 545 ciuitatem

391 571 614 627 profunda
643 572 830 623 silentia,
861 575 906 615 et
933 586 1023 614 nox
1053 571 1184 628 plena
1215 571 1372 614 mortis
1400 574 1560 614 cuncta
1588 573 1858 614 contexerat.
1877 593 1896 626 5

392 640 564 693 Quibus
593 641 722 684 malis
750 641 955 683 omnibus
984 640 1211 697 grauiores
1246 639 1328 682 soli
1359 640 1572 697 uigebant
1603 639 1858 696 praedones,

391 709 468 766 qui
507 724 563 752 ne
602 710 835 767 sepulchra
874 710 1052 766 quidem
1091 709 1282 766 diripere
1321 711 1367 752 et
1413 709 1602 765 spoliare
1642 709 1859 752 cadauera

391 779 597 822 illicitum
618 779 849 829 ducebant,
869 793 958 821 non
979 781 1072 820 tam
1098 777 1308 834 praedam
1332 780 1534 834 petentes
1557 792 1690 834 quam
1717 777 1859 820 scelus

243 864 326 904 423
344 866 375 895 a
391 848 593 891 irrisione
621 848 897 892 cumulantes
927 850 971 890 et
1000 847 1138 889 aciem
1167 847 1417 904 gladiorum
1446 861 1626 890 suorum
1653 847 1701 889 in
1730 847 1858 890 cada-

391 933 547 961 uerum
576 917 912 961 obtruncatione
941 917 1191 973 probantes.
1251 916 1483 959 Interdum
1513 916 1647 959 etiam
1672 916 1719 958 in
1749 907 1919 961 non-‘10

389 987 536 1030 nullos
555 987 699 1030 adhuc
729 986 948 1043 spirantes
975 1000 1126 1028 mucro
1150 985 1471 1028 examinandus
1495 986 1720 1043 agebatur,
1741 985 1859 1042 quod

391 1055 471 1098 alii
495 1056 731 1098 semineces
761 1070 860 1098 cum
887 1055 1103 1105 uiderent,
1124 1053 1342 1111 supplices
1368 1054 1573 1097 dexteras
1600 1055 1858 1112 praetende-

391 1123 515 1177 bant,
550 1127 603 1167 ut
633 1124 680 1166 in
711 1138 757 1166 se
790 1138 962 1180 quoque
998 1123 1197 1166 beneficii
1231 1123 1326 1166 loco
1359 1126 1668 1167 conuerterent
1707 1125 1860 1176 scelus,

392 1207 480 1249 quo
510 1192 676 1236 scilicet
704 1192 972 1236 cruciatibus
1003 1191 1135 1234 famis
1165 1192 1359 1235 uelocius
1388 1192 1745 1246 absoluerentur3
1781 1193 1858 1236 sed

390 1275 507 1304 nouo
546 1261 821 1304 crudelitatis
855 1276 1014 1318 genere
1043 1275 1194 1304 necem
1233 1275 1366 1318 quam
1399 1264 1555 1318 sponte
1595 1261 1858 1314 inferebant,
1878 1282 1917 1316 15

390 1331 430 1373 si
460 1334 734 1388 rogarentur,
764 1331 996 1388 negabant.
1059 1330 1172 1374 Cum
1203 1333 1352 1374 tamen
1380 1331 1682 1388 unusquisque
1711 1332 1857 1376 defici-

392 1400 562 1442 entium
597 1415 697 1443 cum
732 1401 902 1458 gemitu
941 1402 1218 1456 retorqueret
1251 1399 1398 1443 oculos
1427 1400 1484 1442 ad
1513 1401 1740 1458 templum,
1769 1416 1859 1445 non

392 1469 447 1512 de
482 1472 623 1512 morte
658 1469 837 1527 propria
872 1469 1036 1521 dolens,
1070 1469 1147 1512 sed
1182 1469 1236 1512 de
1275 1470 1541 1527 impunitate
1574 1471 1859 1528 praedonum,

391 1553 501 1595 quos
531 1540 791 1596 superstites
821 1539 1139 1596 relinquebant.
1200 1539 1259 1582 Et
1292 1539 1434 1596 primo
1463 1540 1641 1597 quidem
1676 1544 1859 1598 sumptu

391 1607 568 1664 publico
614 1609 797 1665 sepelire
842 1613 1040 1652 mortuos
1086 1609 1307 1652 iusserant
1351 1608 1506 1653 fetoris
1545 1609 1855 1664 intolerantia;
1877 1632 1920 1656 ao

391 1681 444 1719 ut
472 1692 579 1721 uero
609 1693 782 1721 omnem
813 1681 1039 1735 sumptum
1071 1678 1216 1735 coepit
1248 1679 1424 1722 uincere
1455 1679 1695 1723 multitudo
1725 1681 1857 1724 mori-

343 1751 374 1790 b
392 1747 574 1796 entium,
601 1746 656 1789 de
686 1762 814 1790 muro
843 1747 1060 1790 cadauera
1088 1747 1450 1805 praecipitabant.
1509 1749 1572 1792 At
1600 1763 1699 1792 cum
1730 1750 1860 1793 Titus

390 1814 651 1858 circumiens
700 1816 964 1872 pei-uidisset
1012 1817 1202 1873 repletas
1250 1817 1538 1861 cadaueribus
1582 1823 1858 1863 mortuorum

390 1884 529 1926 ualles
551 1889 596 1927 et
623 1884 806 1927 humani
833 1885 1026 1941 corporis
1049 1886 1154 1928 tabo
1180 1886 1371 1942 patriam
1396 1890 1559 1929 terram
1587 1888 1736 1946 rigari,
1756 1903 1856 1932 cum

391 1953 562 2009 ingenti
593 1954 774 2011 gemitu,
795 1954 979 1998 eleuatis
1009 1955 1065 1998 ad
1095 1955 1236 1998 celum
1263 1956 1479 2008 manibus,
1504 1957 1646 2000 Deum
1679 1958 1857 2003 inuocat
1877 1977 1918 2012 ²5

391 2025 550 2065 testem
583 2023 664 2065 hoc
694 2022 762 2065 sui
792 2037 925 2066 causa
954 2039 1042 2068 non
1073 2024 1305 2081 prouenire
1336 2025 1413 2067 sed
1442 2041 1488 2068 se
1518 2026 1605 2069 ista
1639 2027 1857 2071 sustinere

392 2090 595 2134 inuitum.
663 2091 721 2134 Et
740 2095 841 2148 post
859 2093 1089 2149 aliquanta
1108 2093 1269 2136 iterum
1291 2094 1503 2151 Iosephus
1519 2096 1628 2138 talia
1642 2097 1859 2153 quaedam

392 2160 698 2217 prosequitur:
730 2161 831 2203 Non
862 2162 1112 2212 cunctabor,
1144 2163 1300 2220 inquit,
1331 2164 1528 2220 proferre
1556 2166 1673 2222 quod
1701 2167 1858 2210 sentio.

392 2228 600 2271 Arbitror
648 2228 765 2271 enim
816 2230 932 2286 quod
983 2231 1130 2281 etiam,
1179 2232 1215 2274 si
1270 2232 1482 2276 aduersus
1531 2234 1690 2291 impios
1739 2236 1859 2280 ciues

393 2297 690 2340 Romanorum
732 2298 954 2355 paulisper
987 2314 1111 2342 arma
1149 2305 1402 2352 cessassent,
1433 2306 1511 2344 aut
1551 2303 1677 2346 hiatu
1714 2307 1859 2348 terrae
1878 2322 1920 2356 30

390 2371 470 2409 aut
499 2381 639 2423 aquae
669 2366 838 2410 diluuio
867 2377 947 2411 aut
977 2368 1276 2412 Sodomitanis
1306 2370 1483 2427 ignibus
1517 2375 1562 2414 et
1597 2372 1860 2418 fulminibus

390 2436 546 2479 celitus
587 2436 716 2479 tortis
749 2437 1010 2494 supplicium
1048 2438 1207 2481 ciuitas
1242 2439 1532 2496 dependisset,
1566 2457 1677 2498 quae
1718 2444 1859 2487 multo

391 2505 698 2549 infaustiorem
736 2506 835 2557 illis,
867 2507 941 2564 qui
984 2507 1089 2550 haec
1130 2509 1322 2565 perpessi
1363 2514 1480 2562 sunt,
1519 2515 1565 2554 et
1604 2513 1858 2569 nequiorem

392 2573 588 2617 uirorum
625 2579 898 2632 praesentem
936 2576 1048 2619 hanc
1084 2576 1341 2633 protulisset
1375 2582 1551 2632 etatem,
1586 2594 1666 2636 pro
1698 2582 1859 2638 quibus

397 2717 408 2743 ι
439 2707 653 2754 sepulcrum
673 2708 703 2743 A
729 2755 735 2762 .
812 2754 819 2762 ⁸
895 2718 914 2752 7
940 2709 1111 2756 sepulcra
1130 2710 1158 2745 A
1346 2721 1387 2747 ιο
1412 2711 1450 2748 in
1469 2718 1552 2749 ante
1571 2714 1773 2752 nonnullos
1789 2726 1858 2752 om.

392 2754 576 2838 ἓυῦιίιωὺω
593 2766 677 2837 A23
704 2767 890 2793 circuiens
909 2757 965 2792 As
1063 2761 1293 2794 mortuorum
1313 2758 1557 2798 cadaueribus
1575 2761 1640 2797 SM
1751 2778 1755 2785 ·
1812 2763 1857 2799 28

504 2875 546 2917 7⁸
