1994 3236
687 213 1142 260 PROLEGOMENA

182 340 232 371 11
255 327 367 372 citat
386 326 587 381 Ioannes,
606 327 710 372 uide
735 330 1101 373 commentarium
1127 333 1331 374 nostrum
1356 331 1413 374 ad
1440 331 1519 376 loe.
1580 332 1650 376 Ibi

178 395 405 453 Anonymi
425 411 556 453 quem
576 400 739 442 uocant
757 397 813 441 de
834 398 1160 456 Bragmanibus
1186 400 1380 444 editione
1411 402 1651 445 Bissaeana

177 467 357 510 tantum
388 479 495 508 usus
524 479 635 519 sum,
665 466 867 524 neglecta
895 481 976 524 per
1009 467 1226 510 incuriam
1259 468 1470 512 Kuebleri
1502 485 1648 514 recen-

177 533 300 578 sione
338 533 670 588 Teubneriana3
718 534 775 579 cf.
816 535 1122 579 addendorum
1161 536 1413 594 catalogum
1454 539 1511 581 ad
1551 543 1583 582 t.
1619 540 1648 581 i.

177 617 219 662 p.
241 612 336 658 270.
359 615 412 647 22
440 618 484 647 n.
509 606 686 647 nostrae
709 603 929 648 editionis.
992 603 1079 648 Hie
1106 604 1247 662 igitur
1275 605 1379 648 licet
1409 606 1463 649 de
1488 607 1648 651 disere-

176 674 334 731 pantia
375 673 614 717 uerborum
658 674 777 718 inter
818 673 1045 727 Ioannem,
1087 674 1329 724 Bissaeum,
1373 674 1646 719 Kueblerum

176 742 391 786 nonnulla
404 743 698 800 subiungere:
727 747 759 787 t.
773 743 801 786 i.
816 757 858 801 p.
875 753 970 797 271.
991 756 1010 786 1
1030 746 1209 786 nostrae
1224 743 1272 786 1:
1302 748 1519 788 rwetratee
1539 745 1577 787 B
1592 746 1648 788 K.

178 823 204 856 2
225 811 679 869 quem1:qu‹.wBK.
729 826 756 870 3
776 811 1048 856 decoriIK:
1074 811 1238 855 honori
1259 811 1310 855 B.
1359 825 1389 864 4
1410 814 1529 869 quod
1549 812 1649 856 ῙΚ;

110 895 112 898 ’
176 894 262 924 om.
282 880 331 924 B.
392 881 618 924 Postremo
637 895 737 925 eum
758 880 947 938 epistola
967 880 1319 938 Bragmanorum
1345 895 1479 938 quam
1507 883 1647 926 refert

177 949 368 993 Ioannes
390 948 658 994 conferenda
683 953 791 993 sunt
817 964 930 1007 quae
957 949 998 992 ei
1025 949 1313 992 consentiunt
1339 950 1459 1007 apud
1479 950 1646 994 Iulium

121 1072 123 1075 Α
176 1018 403 1062 Valerium
413 1022 459 1062 et
470 1019 518 1061 in
530 1019 897 1077 interpretatione
909 1018 1108 1069 Palladii,
1116 1033 1229 1076 quae
1241 1019 1347 1062 olim
1361 1019 1403 1063 S.
1412 1021 1648 1064 Ambrosio

176 1087 365 1131 attribui
396 1088 577 1132 solebat.
653 1089 843 1132 Ioannes
877 1091 909 1132 t.
944 1088 973 1131 i.
1003 1103 1046 1146 p.
1080 1100 1176 1143 270.
1211 1090 1264 1132 26
1295 1089 1383 1132 Sed
1412 1089 1530 1146 quid
1559 1091 1646 1134 erit

175 1156 356 1201 homini
384 1157 496 1202 eatis
524 1157 603 1202 eui
633 1161 750 1202 totus
777 1172 874 1202 non
900 1157 1074 1215 sufficit
1092 1157 1240 1201 orbis?
1290 1157 1362 1202 Cf.
1390 1158 1645 1206 pallad-ed.

176 1225 227 1270 C.
259 1226 421 1270 Miiller
446 1241 487 1284 p.
518 1239 595 1269 111
625 1227 856 1280 Quomodo
886 1239 984 1282 erqo
1014 1226 1127 1270 satie
1145 1228 1298 1284 facere
1317 1227 1540 1272 desiderio
1568 1233 1646 1272 tuo

171 1295 339 1352 poteria
369 1309 475 1339 cum
506 1299 624 1339 totus
658 1295 743 1340 tibi
773 1296 976 1339 seruiens
1010 1296 1219 1340 mundus
1252 1297 1474 1340 animum
1509 1302 1647 1342 tuum

175 1364 344 1421 eoeplere
363 1379 415 1408 ae
434 1365 603 1409 satiare
622 1379 719 1409 non
734 1365 905 1422 possit?
964 1365 1154 1409 Ioannes
1173 1380 1217 1423 p.
1241 1378 1334 1421 270.
1358 1379 1410 1422 27
1439 1367 1647 1411 Diuitias

174 1447 270 1477 non
299 1433 521 1485 habemus,
551 1448 755 1492 quarum
784 1434 1037 1491 eupiditate
1067 1450 1149 1478 noe
1177 1434 1328 1479 debeas
1360 1450 1646 1493 expuynare:

176 1501 341 1547 Pallad.
371 1517 413 1561 p.
447 1517 528 1561 119
561 1504 602 1546 A
632 1503 766 1548 nullo
797 1504 925 1548 enim
953 1503 1170 1548 debellari
1198 1509 1334 1562 atque
1371 1508 1647 1563 eoepuynari,

174 1571 288 1629 quia
315 1571 500 1617 nullius
537 1573 602 1616 rel
631 1572 853 1616 desiderio
884 1572 961 1617 uel
989 1588 1143 1618 amore
1173 1577 1396 1618 tenentur.
1456 1575 1646 1620 Ioannes

174 1654 214 1698 p.
250 1653 346 1696 271.
378 1650 406 1697 5
444 1642 600 1685 Antra
634 1640 763 1686 nobie
795 1641 1026 1699 duplicem
1060 1657 1201 1686 usum
1228 1647 1483 1700 praestant,
1523 1648 1645 1701 tequ-

173 1713 383 1753 mentum
415 1710 473 1754 in
501 1711 620 1765 uita,
646 1710 703 1754 in
731 1715 873 1755 morte
903 1711 1216 1768 sepulturam:
1256 1711 1462 1756 Valerius
1492 1714 1554 1757 iii.
1594 1729 1639 1757 11

172 1778 252 1823 Ad
279 1779 383 1823 haee
410 1794 674 1837 responsum
702 1785 763 1824 eet
788 1781 910 1824 idem
929 1780 1221 1824 domicilium
1241 1796 1325 1826 esee
1351 1783 1471 1836 quod
1497 1784 1644 1839 sepul-

173 1856 329 1893 crum:
359 1849 487 1892 Alex.
519 1864 620 1893 cum
653 1849 788 1893 Dind.
819 1850 916 1894 eoll.
949 1850 1168 1908 (=An0n.
1202 1850 1257 1894 de
1293 1851 1547 1908 Bragman.)
1577 1853 1642 1895 ed.

175 1917 230 1962 Κ.
252 1932 295 1976 p.
319 1928 414 1976 173.
439 1920 492 1963 26
513 1933 633 1976 seqq.
655 1919 823 1963 Tutius
841 1934 938 1963 non
957 1919 1161 1976 defendit
1181 1919 1237 1963 ab
1258 1919 1404 1964 imbre
1428 1922 1646 1978 spelunca

174 2001 315 2044 quam
343 1987 494 2044 teyula
508 2002 526 2039 ;
561 1988 696 2031 curus
721 1988 936 2045 yeminue
961 1988 1092 2032 nobie
1120 2004 1234 2033 usus
1263 1994 1324 2034 eet
1352 1991 1615 2036 mansionis
1627 2010 1644 2041 ,-

171 2055 291 2100 dum
339 2056 571 2108 univimus,
617 2056 795 2115 proficit
844 2058 982 2108 uitae,
1030 2058 1148 2102 dum
1199 2059 1446 2110 morimur,
1495 2061 1642 2116 sepul-

171 2127 318 2169 turae.
378 2124 639 2168 Notandum
661 2129 728 2170 est
747 2126 868 2183 apud
888 2125 1102 2170 Ioannem
1130 2126 1407 2184 Bragmanos
1434 2128 1643 2172 inwlam

97 2216 99 2218 ·
172 2193 402 2247 habitare;
441 2195 523 2238 hoc
554 2209 644 2238 non
674 2195 852 2252 quidem
882 2196 1042 2239 asserit
1072 2196 1309 2247 Palladius,
1340 2200 1490 2240 tamen
1520 2199 1644 2242 seho-

172 2261 376 2307 lasticum
403 2264 624 2321 quendam
652 2264 917 2316 Thebaeum,
935 2279 964 2308 a
984 2279 1072 2322 quo
1098 2265 1152 2308 de
1176 2265 1459 2322 Braynmnis
1481 2267 1644 2324 aliqua

93 2351 97 2354 ·
172 2346 216 2376 οε
236 2332 417 2376 audisse
447 2333 631 2385 fatetur,
656 2334 704 2376 in
734 2333 926 2376 insulam
951 2334 1255 2392 Taprobanem
1280 2335 1643 2380 transfretanisse

172 2403 337 2453 narrat,
367 2416 500 2458 quam
530 2403 587 2446 ob
619 2418 712 2446 rem
748 2403 869 2446 illius
903 2403 1074 2447 insulae
1106 2404 1447 2462 descriptionem
1481 2405 1642 2449 descri-

173 2469 317 2527 ptioni
358 2471 530 2528 patriae
574 2471 927 2530 Bragmanorum
966 2473 1187 2517 adiunxit.
1266 2474 1414 2517 Etiam
1453 2474 1643 2518 Ioannes

99 2555 101 2558 ·
174 2537 319 2582 uilem
344 2543 384 2583 et
410 2553 574 2584 raram
603 2545 769 2585 uestem
798 2541 979 2585 indutos
1008 2556 1101 2585 esse
1131 2542 1197 2586 ait
1227 2542 1513 2601 Bragmanos,
1533 2559 1643 2601 quos

174 2606 308 2650 eeteri
327 2608 506 2652 omnino
525 2609 668 2653 nudos
691 2609 829 2654 fuisse
848 2614 1065 2655 asserunt.

232 2673 288 2718 In
315 2675 545 2722 Enthet‘eko
569 2679 630 2723 ad
653 2678 984 2723 Policratieum
1004 2680 1062 2723 ad
1082 2679 1259 2724 fabulas
1286 2682 1466 2738 respicit
1490 2682 1642 2738 quales

96 2762 101 2766 ·
175 2742 224 2785 in
243 2743 428 2788 historia
447 2745 640 2790 Renardi
655 2747 815 2805 Vulpis
834 2752 915 2791 aut
934 2749 1054 2806 apud
1075 2749 1313 2792 Romulum
1334 2765 1466 2807 quem
1486 2750 1643 2797 dicunt

176 2811 412 2870 Anglieum
431 2813 579 2872 legas:
608 2815 712 2860 uide
731 2817 1097 2862 eommentarium
1118 2822 1320 2862 nostrum
1340 2819 1398 2862 ad
1418 2819 1497 2862 loc.

1329 2919 1335 2925 .
1411 2887 1526 2932 xlvii
