1994 3190
237 183 318 223 530
338 174 367 213 b
703 170 962 216 IOANNIS
1003 170 1516 216 SARESBERIENSIS
1668 167 1777 230 [mn.
1793 181 1844 214 IV

338 297 367 335 b
385 292 422 335 si
443 292 604 335 habeat
622 292 869 349 lippientes,
885 307 958 336 eos
977 292 1105 335 malit
1125 292 1311 336 effodere
1327 306 1459 349 quam
1479 305 1645 335 curare.
1683 291 1846 335 Aiebat

384 365 430 404 et
449 377 630 418 ungues,
651 362 689 404 si
713 362 901 405 acriores
928 361 1108 413 fuerint,
1127 362 1384 406 resecandos
1411 376 1516 414 esse,
1537 375 1626 404 non
1653 361 1844 404 auellen-

383 431 475 474 dos.
535 430 584 474 Si
610 431 729 474 enim
757 431 1008 474 citharedus
1035 432 1197 488 aliique
1223 431 1421 474 fidicines
1447 430 1590 473 multa
1613 430 1846 487 diligentia

383 503 635 557 procurant,
659 501 876 558 quomodo
904 501 1150 544 oberrantis
1179 501 1335 544 cordae
1364 502 1642 557 compescant
1671 499 1846 550 uitium,

384 573 430 612 et
450 570 633 613 eandem
653 570 752 613 aliis
771 571 1025 613 unanimem
1045 570 1245 621 reddant,
1266 569 1520 626 faciantque
1546 569 1845 612 dulcissimam
1865 583 1885 618 5

383 639 693 682 dissidentium
732 640 1075 691 consonantiam,
1109 639 1252 683 cordis
1289 653 1379 682 non
1418 638 1564 695 ruptis
1598 638 1675 681 sed
1709 638 1847 681 tensis

384 709 773 766 proportionaliter
800 709 872 752 uel
899 709 1116 761 remissis3
1150 711 1318 766 quanta
1347 707 1643 751 sollicitudine
1672 710 1848 764 oportet

384 779 628 836 principem
656 779 874 822 moderari
903 793 1021 822 nunc
1051 779 1195 836 rigore
1224 778 1434 830 iustitiae,
1454 791 1573 820 nunc
1593 777 1847 820 remissione

384 848 653 899 clementiae,
673 851 725 891 ut
749 849 949 891 subditos
969 848 1105 891 faciat
1126 847 1252 905 quasi
1278 847 1509 890 unanimes
1530 860 1622 889 esse
1649 845 1697 888 in
1717 845 1847 890 domo

385 920 430 960 et
470 917 596 974 quasi
635 917 982 960 discordantium
1021 917 1068 959 in
1107 915 1352 959 ministerio
1391 915 1511 972 pacis
1556 917 1602 958 et
1647 914 1847 958 caritatis
1867 929 1909 954 xo

384 987 590 1044 operibus
619 1001 753 1029 unam
784 985 920 1029 faciat
949 985 1192 1043 perfectam
1221 987 1268 1028 et
1296 984 1537 1027 maximam
1573 983 1847 1026 armoniam?

386 1056 482 1099 Hoc
522 1059 671 1098 autem
711 1059 879 1098 certum
919 1058 997 1106 est,
1037 1055 1142 1112 quia
1180 1054 1324 1097 tutius
1373 1055 1441 1096 est
1479 1052 1633 1096 cordas
1679 1053 1848 1096 remitti

384 1125 601 1168 intensius
641 1139 773 1181 quam
812 1124 1030 1181 protendi.
1093 1123 1392 1166 Remissarum
1431 1137 1622 1179 namque
1659 1122 1848 1166 intensio

384 1194 567 1237 artificis
587 1194 748 1251 peritia
767 1194 1033 1236 conualescit
1059 1196 1105 1236 et
1128 1193 1323 1236 debitam
1348 1192 1444 1235 soni
1464 1191 1611 1234 reddit
1629 1191 1848 1249 gratiam;

343 1277 369 1308 c
385 1264 462 1307 sed
492 1279 603 1321 quae
633 1263 766 1306 semel
796 1267 930 1320 rupta
959 1266 1037 1316 est,
1067 1263 1190 1306 nullo
1220 1262 1407 1305 artificio
1436 1264 1680 1318 reparatur.
1743 1261 1846 1305 Pro·
1866 1275 1906 1311 15

385 1333 512 1383 fecto,
532 1333 570 1376 si
591 1348 724 1376 sonus
744 1333 940 1390 exigitur
959 1347 1089 1389 quem
1110 1347 1199 1375 non
1218 1332 1397 1384 habent,
1413 1330 1582 1374 frustra
1601 1330 1848 1374 tenduntur

384 1406 430 1445 et
449 1417 578 1459 saepe
604 1402 736 1446 citius
765 1402 946 1445 uenitur
971 1402 1028 1445 ad
1054 1402 1226 1445 nullum
1253 1416 1386 1459 quam
1413 1400 1470 1443 ad
1494 1415 1594 1443 eum
1619 1400 1695 1458 qui
1715 1400 1848 1444 nimis

383 1471 590 1529 exigitur.
650 1471 730 1514 Ait
750 1471 946 1514 ethicus:

500 1546 581 1589 Est
609 1546 735 1603 piger
764 1546 821 1589 ad
851 1561 986 1603 penas
1015 1546 1230 1613 princeps,
1259 1545 1317 1588 ad
1346 1544 1543 1603 praemia
1571 1544 1716 1595 uelox,

557 1605 719 1661 quique
749 1604 880 1656 dolet,
910 1607 1112 1661 quotlens
1141 1604 1315 1662 cogitur
1343 1618 1436 1647 esse
1465 1602 1605 1647 ferox.
1866 1614 1910 1639 ὀ

382 1684 587 1728 Alterum
617 1699 807 1741 namque
837 1684 1046 1737 iustitiae,
1070 1684 1259 1727 alterum
1289 1683 1469 1741 pietatis
1498 1686 1576 1734 est,
1597 1697 1709 1740 quae
1739 1682 1848 1726 adeo

383 1754 572 1811 principi
606 1754 874 1797 necessariae
908 1756 1025 1804 sunt,
1045 1756 1097 1796 ut
1126 1753 1326 1810 quisquis
1357 1753 1451 1796 sine
1481 1753 1570 1796 illis
1598 1767 1687 1795 non
1717 1751 1847 1796 modo

383 1822 680 1880 principatum
711 1822 788 1864 sed
820 1822 1061 1879 quemlibet
1089 1822 1401 1879 magistratum
1431 1821 1650 1874 uendicat,
1679 1820 1849 1864 frustra

383 1906 429 1935 se
470 1892 614 1949 ipsum
651 1891 846 1943 irrideat,
876 1891 952 1934 sed
993 1894 1039 1933 et
1077 1890 1264 1934 aliorum
1305 1890 1352 1933 in
1384 1906 1430 1934 se
1463 1893 1676 1948 prouocat
1708 1890 1848 1933 risum

383 1964 685 2018 contemptum
725 1963 771 2003 et
809 1960 970 2003 odium.
1043 1959 1354 2012 Misericordia,
1390 1959 1548 2016 inquit,
1593 1962 1638 2002 et
1680 1958 1847 2002 ueritas
1867 1971 1907 2006 ²5

384 2046 472 2074 non
508 2034 553 2073 te
585 2030 800 2082 deserant,
834 2029 1057 2072 circumda
1089 2044 1162 2071 eas
1193 2028 1367 2086 gutturi
1400 2031 1478 2072 tuo
1521 2031 1566 2071 et
1599 2028 1739 2072 scribe
1774 2043 1847 2072 eas

385 2098 431 2142 in
468 2098 631 2142 tabulis
666 2098 809 2142 cordis
841 2098 921 2146 tui,
952 2101 998 2140 et
1029 2097 1227 2140 inuenies
1261 2097 1452 2155 gratiam
1488 2100 1534 2140 et
1569 2097 1847 2154 disciplinam

385 2169 544 2212 bonam
565 2182 710 2212 coram
742 2168 836 2211 Deo
866 2171 911 2210 et
940 2167 1203 2210 hominibus.
1265 2166 1421 2209 Gratia
1448 2181 1636 2224 namque
1662 2168 1849 2211 debetur

338 2235 367 2276 d
385 2237 719 2290 misericordiae,
751 2237 947 2280 iustitiae
978 2235 1220 2293 disciplina.
1281 2235 1444 2292 Vtique
1474 2236 1621 2293 gratia
1650 2240 1695 2279 et
1725 2251 1848 2280 amor

383 2306 692 2355 subiectorum,
713 2320 845 2363 quam
872 2305 1027 2348 diuina
1046 2304 1250 2362 producit
1267 2304 1425 2362 gratia,
1445 2305 1662 2362 optimum
1683 2305 1846 2349 instru-
1865 2314 1910 2348 30

384 2379 581 2419 mentum
633 2380 700 2418 cst
749 2375 944 2419 omnium
988 2374 1294 2431 gerendorum.
1365 2374 1453 2417 Sed
1498 2377 1543 2417 ct
1587 2390 1710 2418 amor
1753 2375 1848 2419 sine

383 2445 615 2502 disciplina
660 2459 746 2487 non
795 2444 979 2501 proficit,
1024 2443 1128 2500 quia
1176 2446 1373 2486 cessante
1423 2443 1619 2487 iustitiae
1669 2444 1849 2488 stimulo

384 2514 572 2572 populus
615 2528 661 2555 se
706 2513 751 2555 in
793 2513 948 2556 illicita
992 2512 1184 2555 resoluit.
1260 2512 1503 2555 Meditatur
1543 2527 1647 2571 ergo
1686 2513 1850 2572 iugiter

385 2611 405 2647 3
430 2599 617 2653 citat-edun
635 2599 659 2635 S
804 2608 820 2645 5
850 2598 1007 2635 reddant
1024 2598 1240 2635 unanimem
1257 2598 1302 2635 A*
1446 2609 1469 2645 9
1494 2597 1587 2635 facit
1605 2598 1651 2634 Αι

432 2681 455 2716 9
479 2672 671 2706 unanimes
696 2672 733 2705 n‘n
760 2671 884 2705 domo:
912 2668 968 2704 1‘..
990 2667 1091 2704 lxvii.
1113 2677 1132 2713 7
1150 2680 1220 2704 sce.
1241 2667 1449 2705 versionem
1467 2668 1666 2714 antiquam
1688 2667 1729 2704 in
1753 2667 1849 2705 Psal-

385 2717 480 2755 torio
501 2717 668 2754 Romano
686 2719 874 2754 seruatam
891 2729 899 2757 ς
925 2728 954 2751 ν.
973 2715 1147 2752 Sabatini·
1163 2717 1255 2752 Bibl.
1276 2718 1376 2753 sacr.
1394 2717 1476 2752 Lat.
1504 2718 1598 2752 Vera.
1613 2718 1698 2752 Ant.
1714 2715 1755 2752 ii.
1771 2724 1846 2762 131.

390 2776 432 2811 ¹9
457 2766 521 2801 1⁵:11
534 2766 641 2819 piger·
655 2767 749 2802 otc:
777 2765 841 2801 Ov.
861 2765 963 2799 Pone.
982 2763 1004 2799 i.
1025 2773 1057 2799 2.
1083 2773 1159 2809 123.
1182 2773 1257 2808 ¹24·
1419 2772 1461 2818 25
1488 2764 1737 2800 Misericordia
1753 2765 1846 2800 eta:

385 2812 488 2850 Prov.
508 2811 560 2848 iii.
582 2822 613 2858 3.
633 2822 667 2856 ⁴·
810 2822 855 2859 33
880 2812 1080 2847 Medicam
1096 2813 1191 2848 cta:
1219 2823 1250 2848 v.
1269 2810 1326 2847 Pa.
1347 2822 1470 2848 xxxvi.
1491 2821 1548 2858 30.

494 2883 559 2925 2⁶4
