1994 3190
93 176 195 212 oar.
212 163 314 226 ΧΠ]
629 163 1069 210 POLICRATICVS
1579 173 1662 215 579
1681 174 1712 204 a

94 290 141 332 et
173 286 321 344 laquei
351 285 761 343 calumpniantium.
834 285 1081 329 Verborum
1119 285 1368 329 tendiculae
1407 298 1564 342 propo-

93 359 266 400 nuntur
291 358 337 399 et
362 355 678 412 aucupationes
705 354 985 407 sillabarum3
1014 369 1098 398 uae
1127 355 1316 411 simplici
1343 355 1419 411 qui
1446 354 1564 397 silla-

93 425 241 469 bizare
280 439 370 467 non
410 424 564 467 nouit!
634 423 750 476 Feci,
785 423 944 480 inquit,
983 423 1195 467 iudicium
1236 426 1281 466 et
1319 424 1564 475 iustitiam3

92 508 184 537 non
215 493 366 537 tradas
400 507 472 536 me
500 492 905 550 calumpniantibus
934 507 1017 536 me.
1074 492 1140 535 Ac
1170 492 1208 535 si
1237 496 1389 549 aperte
1419 493 1565 536 dicat:

55 579 76 615 5
95 563 183 617 Qui
214 562 427 606 iudicium
456 565 721 619 peruertunt
750 564 796 604 et
825 561 1045 605 iustitiam
1075 561 1295 612 deserunt,
1327 562 1566 605 tradantur

93 631 433 688 calumpniatori
474 631 551 688 qui
586 631 701 674 filios
735 631 880 674 Adam
915 634 1020 674 ante
1058 634 1340 688 conspectum
1383 630 1564 673 Domini

92 703 271 744 accusat
308 700 380 744 die
419 714 470 744 ac
509 703 648 744 nocte.
728 700 914 758 Legitur
958 700 1006 742 in
1054 699 1168 742 libro
1212 699 1466 756 Regnorum
1507 699 1564 742 ad

92 770 352 814 uniuersum
389 769 527 813 Israel
563 770 728 813 dixisse
760 769 1037 813 Samuelem:
1082 768 1192 812 Ecce
1226 769 1381 812 audiui
1411 783 1559 812 uocem

92 842 288 883 uestram
318 839 448 882 iuxta
475 839 625 882 omnia
655 854 768 896 quae
794 839 930 883 locuti
961 838 1067 882 estis
1093 839 1150 881 ad
1176 853 1258 888 me,
1278 841 1324 882 et
1350 838 1561 882 constitui
1580 841 1609 880 b

34 923 78 950 ιο
93 923 226 966 super
259 923 340 951 uos
371 923 530 966 regem.
603 909 662 951 Et
695 923 813 952 nunc
847 923 928 952 rex
962 908 1166 966 graditur
1197 911 1302 950 ante
1332 922 1435 960 uos;
1481 923 1563 966 ego

93 980 244 1021 autem
279 977 405 1020 senui
444 981 490 1021 et
521 978 723 1031 incanui3
766 992 898 1035 porro
933 977 1015 1021 filii
1051 977 1137 1020 mei
1172 977 1400 1020 uobiscum
1435 981 1566 1032 sunt3

91 1047 158 1090 ita
196 1050 483 1091 conuersatus
526 1061 625 1090 sum
671 1062 818 1091 coram
857 1046 985 1090 uobis
1033 1046 1091 1089 ab
1133 1045 1428 1089 adolescentia
1467 1062 1566 1090 mea

92 1131 232 1174 usque
262 1116 319 1159 ad
349 1116 466 1159 diem
497 1116 623 1160 hanc.
685 1116 795 1159 Ecce
823 1119 1001 1173 praesto
1035 1130 1147 1160 sum.
1220 1115 1472 1172 Loquimini
1509 1116 1564 1160 de

92 1200 176 1228 me.
197 1200 343 1229 coram
378 1185 570 1228 Domino
604 1188 650 1228 et
681 1199 828 1229 coram
863 1184 1043 1229 Christo
1077 1185 1183 1237 eius,
1215 1188 1368 1228 utrum
1403 1185 1562 1228 bouem

34 1269 75 1304 15
93 1254 352 1312 cuiusquam
382 1255 561 1298 tulerim
591 1269 650 1298 an
679 1255 865 1306 asinum,
886 1254 924 1297 si
955 1254 1206 1311 quempiam
1236 1254 1564 1312 calumpniatus

92 1338 204 1377 sum,
233 1324 272 1368 si
306 1324 502 1382 oppressi
541 1324 744 1381 aliquem,
777 1324 814 1366 si
844 1323 899 1366 de
933 1338 1070 1366 manu
1101 1323 1360 1380 cuiusquam
1401 1339 1564 1368 munus

92 1393 264 1451 accepi;
304 1396 349 1436 et
387 1396 695 1451 contempnam
735 1393 847 1436 illud
893 1393 1024 1436 hodie
1064 1393 1384 1450 restituamque
1423 1394 1564 1440 uobis.

93 1463 132 1506 O
175 1462 384 1520 pudicum
424 1463 634 1515 animum,
675 1477 701 1506 o
740 1463 1039 1506 continentem
1078 1477 1272 1513 manum,
1307 1477 1333 1506 ο
1371 1463 1562 1507 iudicem

94 1531 410 1589 incorruptum,
431 1534 476 1575 et
496 1546 648 1576 uocem
676 1532 956 1590 magnificam
981 1532 1287 1575 admirandam
1313 1535 1358 1575 et
1383 1532 1562 1576 imitan-

33 1613 77 1638 πο
93 1601 195 1645 dam
235 1601 454 1645 uniuersis
500 1616 612 1659 quae
662 1602 716 1645 de
765 1602 1034 1645 conscientia
1073 1616 1186 1658 pura
1228 1602 1290 1645 sic
1334 1603 1561 1660 loquitur!

93 1670 344 1728 Loquimini
375 1671 430 1714 de
458 1685 529 1714 me
561 1686 707 1715 coram
738 1671 929 1714 Domino
964 1674 1010 1714 et
1045 1670 1225 1715 Christo
1260 1672 1366 1723 eius,
1402 1673 1478 1729 qui
1514 1673 1562 1715 in

91 1740 184 1784 celo
212 1743 258 1784 et
287 1740 335 1783 in
364 1743 486 1784 terra
514 1740 680 1784 iudices
719 1740 930 1784 iudicant.
1003 1740 1267 1797 Loquimini,
1297 1742 1492 1798 inquam,
1522 1742 1560 1785 si
1579 1754 1603 1784 c

90 1809 249 1852 bouem
278 1810 538 1867 cuiusquam
567 1813 648 1853 aut
687 1810 860 1853 asinum
900 1810 1092 1854 tulerim.
1151 1810 1316 1867 Vtique
1350 1811 1482 1854 uillas
1516 1815 1562 1854 et

91 1879 273 1937 praedia
292 1883 372 1923 aut
391 1880 606 1923 immensa
623 1880 819 1937 pondera
839 1880 936 1923 auri
957 1880 1029 1923 uel
1050 1880 1224 1938 argenti
1245 1884 1324 1924 aut
1344 1882 1563 1938 pretiosae

32 1961 74 1997 25
91 1949 405 2006 suppellectilis
443 1964 578 1992 onera
612 1964 702 1992 non
737 1952 984 1992 extorserat
1016 1950 1092 2006 qui
1133 1950 1284 2008 magni
1324 1951 1562 2007 reputabat

91 2017 280 2062 iudicem
299 2018 458 2062 bouem
474 2019 672 2062 oblatum
689 2019 905 2076 accepisse
920 2019 991 2062 uel
1012 2019 1197 2062 asinum.
1238 2019 1287 2062 Si
1308 2021 1561 2077 quempiam

91 2086 415 2144 calumpniatus
441 2102 552 2140 sum,
579 2088 616 2131 si
644 2088 840 2145 oppressi
867 2088 1073 2145 aliquem.
1134 2088 1368 2132 Neminem
1395 2090 1560 2133 iniuste

90 2159 334 2200 uexauerat
354 2157 430 2214 qui
450 2171 601 2200 omnes
628 2158 901 2215 calumpnias
925 2157 1210 2210 excludebat;
1241 2173 1320 2201 nec
1347 2158 1560 2202 iudicium

91 2225 185 2268 eius
222 2227 506 2283 peruertebat
544 2224 646 2270 caro
684 2227 757 2269 uel
798 2227 980 2284 sanguis
1020 2227 1096 2284 qui
1136 2228 1308 2270 nullum
1348 2243 1560 2285 umquam

29 2309 74 2343 30
90 2295 319 2351 oppressit.
389 2295 439 2339 Si
478 2296 596 2339 enim
639 2296 686 2339 in
725 2291 884 2339 manus
922 2296 1017 2339 eius
1053 2297 1286 2353 quisquam
1330 2298 1559 2349 inciderat,

90 2378 180 2407 non
210 2378 310 2406 eum
339 2364 475 2408 iudex
505 2365 582 2408 sed
610 2366 791 2423 propria
819 2366 1033 2422 iniquitas
1063 2367 1353 2423 opprimebat.
1424 2367 1473 2411 Si
1504 2368 1558 2412 de

91 2473 114 2510 6
139 2474 347 2519 conspectu
359 2459 395 2508 'B
491 2473 662 2522 Domini]
676 2474 739 2512 dei
756 2473 848 2510 BAs

141 2581 161 2617 3
186 2572 271 2608 Feci
287 2573 379 2608 etc.:
405 2571 464 2609 Ps.
478 2571 603 2609 cxviii.
620 2582 696 2608 121.
841 2573 864 2609 6
889 2574 1172 2619 calumpniatori
1187 2574 1282 2609 etc.:
1306 2585 1338 2609 v.
1356 2572 1471 2620 Apoc.
1490 2573 1558 2609 xii.

95 2629 160 2660 103
193 2618 258 2654 ubi
283 2624 468 2655 accusator
489 2619 632 2666 legitur
655 2619 697 2655 in
721 2619 955 2657 versionibus
979 2632 1072 2666 quas
1097 2620 1290 2657 habemus.
1339 2620 1396 2656 cf.
1425 2623 1557 2658 tamen

93 2665 285 2702 Hilarium
327 2667 369 2702 in
400 2668 460 2702 Ps.
491 2668 612 2704 cxviii.
648 2677 713 2702 122
758 2667 906 2721 (Migne
939 2670 980 2703 P.
1014 2670 1056 2704 L.
1089 2668 1139 2704 ix.
1166 2668 1252 2714 609)
1286 2669 1477 2714 Scriptura
1515 2671 1557 2704 in

90 2714 309 2759 Apocalypsi
324 2714 616 2750 calumniatorem
632 2725 712 2749 eum
728 2713 792 2762 [sc.
812 2715 1019 2761 diabolum]
1045 2727 1115 2751 esse
1138 2720 1285 2750 testante
1301 2729 1309 2757 3
1334 2728 1364 2751 v,
1384 2715 1558 2752 Sabatier

91 2761 186 2796 Bibl.
203 2761 302 2796 Sacr.
319 2762 401 2796 Lat.
425 2762 524 2797 Vm.
542 2762 664 2807 Antiq.
683 2760 737 2797 iii.
758 2772 858 2807 1014.
1049 2772 1082 2809 7,
1101 2764 1121 2800 8
1147 2764 1196 2799 ad
1212 2765 1425 2799 uniuersum
1441 2765 1559 2800 Israel

92 2819 209 2854 usque
226 2807 275 2844 ad
291 2810 544 2855 restituamque
559 2809 682 2845 uobis:
711 2819 726 2845 1
745 2809 836 2856 Reg.
853 2808 918 2846 xii.
939 2820 1016 2857 1-3.

1381 2890 1444 2923 351
