1994 3190
282 175 362 216 472
382 175 408 206 c
753 162 1018 208 IOANNIS
1059 163 1574 208 SARESBERIENSIS
1727 161 1838 223 [ΗΒ.
1853 174 1896 211 11

427 283 545 327 enim
565 284 612 326 in
632 298 863 328 commune
883 285 1029 328 sciunt
1049 286 1129 327 aut
1155 284 1266 328 scire
1285 284 1448 328 debent
1469 285 1584 328 hanc
1603 283 1895 342 ignominiam

427 354 531 396 fidei
564 355 860 397 anathematis
894 354 1128 411 obprobrio
1162 354 1541 411 condempnatam.
1600 354 1704 397 Non
1738 353 1895 410 utique

383 427 412 466 d
430 424 501 466 hic
530 427 804 467 sacramento
833 424 959 467 miles
988 424 1219 480 excipitur,
1249 424 1444 481 pupillus
1478 426 1609 474 etate,
1638 423 1798 466 mulier
1826 423 1896 464 in-

426 493 639 536 firmitate
665 508 808 544 sexus,
829 494 1020 537 rusticus
1044 508 1225 536 munere
1251 493 1548 551 agriculturae
1578 508 1666 550 qua
1692 492 1895 550 publicae

422 562 612 606 utilitati
652 563 871 620 inuigilat.
932 563 1055 606 Licet
1094 563 1212 606 enim
1252 562 1300 604 in
1334 563 1576 619 dispendiis
1608 577 1756 605 rerum
1791 562 1893 605 sub·
1913 580 1932 613 5

421 631 631 675 ueniatur
665 633 727 675 eis
761 647 841 689 per
870 632 1168 689 ignorantiam
1199 632 1319 684 iuris,
1349 632 1397 674 in
1427 632 1712 675 subuersione
1742 634 1894 674 tamen

420 701 524 744 fidei
548 701 720 744 nullum
750 702 807 744 ab
834 701 1088 759 ignorantia
1113 701 1356 744 remedium
1383 704 1476 752 est;
1505 701 1734 744 obtinente
1765 715 1815 743 eo
1841 702 1894 743 ut

422 770 499 826 qui
534 771 712 828 ignorat
745 771 976 828 ignoretur
1010 773 1056 813 et
1090 770 1303 827 insipiens
1337 770 1385 812 in
1417 770 1547 826 culpa
1581 769 1812 812 erudiatur
1845 769 1894 811 in

419 853 536 896 pena
565 843 610 883 et
639 840 862 897 sapienter
890 839 1105 896 puniatur
1135 839 1211 895 qui
1241 839 1386 882 noluit
1417 838 1666 895 intelligere
1700 841 1753 881 ut
1782 838 1894 881 bene

421 912 583 966 ageret.
643 909 754 962 Quis
784 909 901 952 enim
936 908 1085 965 potuit
1119 908 1285 951 discere
1317 911 1370 951 ut
1404 908 1498 950 sine
1530 907 1680 951 labore
1709 922 1737 950 a
1764 910 1894 950 tanto
1913 923 1960 950 ια

420 977 571 1021 labore
598 981 798 1028 cessaret,
819 978 925 1020 dum
949 977 1062 1019 illud
1089 977 1304 1020 laboriose
1331 977 1576 1020 addisceret
1602 979 1655 1019 ut
1678 976 1894 1019 laboriose

422 1050 468 1089 et
506 1048 766 1104 pestilenter
804 1047 1006 1090 erraret?
1064 1046 1169 1089 Non
1207 1048 1355 1103 potest
1396 1046 1444 1088 in
1483 1046 1570 1089 fide
1610 1046 1705 1089 sine
1743 1046 1893 1089 labore

420 1116 642 1172 quiescere
672 1116 749 1173 qui
780 1119 937 1173 potens
972 1118 1040 1159 est
1073 1115 1370 1159 sollieitudine
1404 1116 1567 1159 mentis
1602 1118 1647 1159 et
1681 1115 1893 1159 exercitio

419 1186 614 1242 corporis
644 1201 671 1228 a
700 1186 788 1228 fide
819 1185 1033 1229 deuiare‘ss
1092 1185 1179 1238 Qui
1211 1185 1329 1228 enim
1358 1185 1429 1228 his
1460 1185 1593 1242 nugis
1621 1185 1892 1242 obsequitur,

419 1254 552 1298 fidem
577 1255 761 1312 negauit
781 1258 826 1298 et
845 1254 1014 1298 infideli
1041 1255 1234 1298 deterior
1260 1257 1352 1307 est;
1382 1257 1427 1298 et
1447 1254 1550 1298 licet
1573 1254 1721 1298 uerbis
1745 1254 1890 1298 Deum
1911 1272 1951 1308 15

269 1341 350 1382 473
373 1342 403 1372 a
418 1326 693 1376 confiteatur,
714 1325 754 1368 ei
782 1325 1002 1382 peruersis
1029 1325 1235 1382 operibus
1261 1324 1535 1368 contradicit.
1594 1324 1688 1368 Nec
1716 1324 1892 1368 facilius

419 1398 487 1438 est
526 1395 748 1438 hominem
788 1393 1041 1437 huiusmodi
1081 1409 1175 1437 esse
1213 1394 1400 1446 fidelem,
1433 1408 1566 1451 quam
1600 1394 1789 1437 iudicem
1823 1394 1890 1436 in-

417 1468 676 1521 corruptum
715 1464 792 1522 qui
832 1464 982 1521 diligit
1019 1478 1205 1507 munera
1244 1466 1290 1506 et
1329 1464 1531 1521 sequitur
1564 1464 1890 1507 retributiones.

417 1532 627 1576 Ceterum
667 1534 784 1591 quod
824 1533 1140 1590 simpliciorum
1185 1533 1355 1577 animos
1398 1536 1559 1584 mouet,
1599 1533 1764 1577 scilicet
1809 1548 1890 1591 per

417 1602 670 1646 huiusmodi
719 1603 1087 1647 consultationem
1137 1603 1395 1646 abscondita
1443 1602 1699 1647 futurorum
1746 1603 1886 1646 mani-
1907 1619 1951 1644 20

418 1672 573 1715 festari
603 1688 693 1716 non
722 1687 860 1730 posse,
880 1673 966 1715 nisi
996 1687 1076 1729 per
1103 1687 1286 1715 manum
1316 1673 1410 1716 eius
1440 1672 1488 1715 in
1517 1673 1642 1716 cuius
1667 1675 1888 1730 potestate

417 1745 523 1784 sunt
546 1745 747 1799 tempora
777 1745 822 1785 et
851 1744 1086 1792 momenta,
1107 1742 1274 1784 nodum
1299 1757 1389 1785 non
1416 1742 1580 1800 ingerit
1605 1742 1888 1799 quaestionis.

418 1810 542 1855 Licet
585 1812 702 1854 enim
743 1811 998 1855 futurorum
1037 1811 1097 1854 sit
1136 1826 1252 1855 unus
1287 1811 1464 1863 arbiter,
1495 1812 1570 1869 qui
1607 1815 1652 1855 et
1686 1811 1808 1855 Deus
1840 1815 1887 1856 et

416 1880 634 1924 Dominus
654 1882 851 1924 omnium
873 1884 951 1931 est,
971 1883 1122 1923 tamen
1147 1895 1203 1924 ex
1223 1881 1362 1939 signis
1381 1880 1605 1924 interdum
1632 1881 1886 1925 hominibus

416 1950 711 1995 innotescunt.
770 1950 888 2003 Quid
929 1964 1033 2007 ergo
1072 1949 1247 2002 mirum,
1288 1950 1325 1993 si
1365 1965 1417 1993 ea
1456 1950 1719 2007 quandoque
1757 1965 1884 2007 prae·
1906 1966 1947 2003 25

415 2024 611 2070 noscant,
639 2034 750 2076 quae
782 2023 827 2062 et
856 2019 1105 2062 subtilitate
1135 2023 1322 2062 naturae
1351 2019 1508 2077 uigent
1537 2022 1582 2062 et
1612 2019 1887 2076 experientia

415 2088 628 2145 temporis
668 2088 863 2146 longiore
903 2090 949 2131 et
988 2088 1257 2131 reuelatione
1297 2088 1571 2145 superiorum
1612 2091 1884 2145 potestatum

416 2157 471 2200 de
502 2158 704 2215 plurimis
738 2158 1056 2201 admonentur?
1115 2157 1163 2199 Si
1199 2172 1304 2214 ergo
1335 2157 1519 2214 spiritus
1548 2157 1742 2214 corporis
1772 2158 1886 2202 mole

417 2227 606 2284 grauati,
627 2241 736 2283 quos
763 2227 931 2270 luteum
959 2226 1104 2269 carnis
1128 2226 1327 2269 retardat
1353 2226 1673 2275 indumentum,
1698 2241 1886 2283 quorum

372 2300 402 2339 b
418 2310 602 2339 acumen
622 2296 790 2339 turbati
816 2311 969 2339 sensus
989 2295 1212 2352 corruptio
1233 2295 1423 2345 hebetat,
1444 2310 1499 2338 ex
1524 2296 1886 2352 praecedentibus
1905 2310 1948 2346 30

417 2368 497 2408 aut
544 2379 919 2422 quarumcumque
965 2379 1111 2408 rerum
1162 2363 1335 2408 indiciis
1378 2379 1491 2422 quae
1539 2368 1645 2408 sunt
1693 2368 1886 2410 uentura

415 2501 454 2575 2t
464 2490 668 2574 opprxbrio
685 2490 716 2526 A
822 2489 1115 2574 cociduemnatam
1134 2490 1158 2527 S
1316 2500 1340 2537 9
1365 2490 1548 2537 punietur
1565 2489 1677 2528 0¹SM
1839 2493 1884 2534 18

415 2550 435 2575 c
470 2550 535 2576 om.
730 2547 770 2583 31
801 2549 858 2574 um

467 2667 506 2704 15
526 2660 642 2703 fidem
667 2660 813 2704 mqam't
837 2660 932 2695 etc.:
962 2667 975 2695 ι
996 2657 1090 2695 Τίιιι,
1115 2670 1147 2695 v.
1173 2659 1205 2694 8.
1347 2660 1467 2695 uerbffs
1492 2661 1587 2696 ctc.:
1611 2659 1659 2696 cf.
1682 2659 1756 2697 Tit.
1780 2659 1805 2696 i.
1827 2660 1882 2699 16.

416 2715 455 2742 2¹
487 2708 526 2741 in
545 2708 648 2741 cuiun
661 2711 831 2752 potestate
849 2709 942 2743 etc.:
971 2718 1000 2741 v.
1019 2707 1103 2742 Act.
1122 2706 1177 2761 Ap
1207 2734 1215 2743 .
1235 2705 1258 2741 i.
1283 2715 1314 2751 7.
1467 2716 1509 2753 25
1541 2709 1637 2751 Quid
1653 2720 1732 2754 erqo
1750 2710 1884 2744 mirum

416 2756 488 2789 etc.
505 2766 511 2788 :
542 2753 593 2789 De
614 2754 839 2790 daemonum
862 2753 1113 2799 praescientia
1131 2718 1211 2790 vuit
1229 2754 1325 2798 Aug.
1343 2755 1386 2790 de
1409 2755 1640 2791 Divinatione
1657 2757 1883 2793 Daemonum

416 2799 561 2848 (Migne
582 2802 620 2836 l'.
640 2802 682 2837 IA·
702 2800 751 2837 xl.
773 2804 834 2848 581
856 2810 996 2847 ucqq.);
1022 2801 1069 2837 cf.
1087 2804 1128 2837 de
1150 2805 1219 2839 Civ.
1241 2803 1319 2845 Dei,
1339 2801 1386 2838 ix.
1406 2812 1464 2838 22.

529 2870 592 2905 162
