1994 3190
700 209 964 253 IOANNIS
1004 209 1522 255 SARESBERIENSIS

377 331 522 375 Nemo
550 331 692 375 sciens
721 331 848 374 illum
877 331 1026 383 laedit,
1056 346 1187 389 quem
1217 332 1358 376 credit
1387 332 1604 385 amicum;

435 401 608 459 Regula
636 401 727 444 fida
757 402 914 445 nimis:
953 404 963 421 ‘
977 402 1178 459 quisquis
1208 402 1436 453 amandus,
1466 402 1610 446 amet!

379 470 502 514 Haec
531 470 762 513 hominum
791 471 1015 514 disiuncta
1043 471 1156 514 solet
1184 472 1451 529 coniungere
1480 471 1626 522 corda,

436 540 532 584 Ista
560 543 708 598 potest
735 541 960 584 hominem
989 541 1222 584 conciliare
1250 541 1358 584 Deo.

380 609 478 653 Hac
507 609 617 653 duce
646 625 776 667 carpe
802 610 937 663 uiam,
964 610 1187 668 gradienti
1215 625 1345 653 nemo
1373 609 1560 661 nocebit,

439 679 498 722 Et
527 679 694 736 poteris
722 683 903 723 cunctas
932 682 1060 722 tutus
1089 679 1202 723 inire
1231 694 1400 722 manus.

381 838 467 881 Illa
496 841 646 881 tamen
675 839 914 881 metuenda
933 853 1113 891 manus,
1144 853 1256 895 quae
1285 841 1452 882 tractat
1481 838 1656 896 iniquas

439 907 612 958 Sordes,
641 922 774 964 quam
803 908 1030 951 maculant
1058 922 1161 950 aera
1191 908 1333 951 colore
1362 923 1454 952 suo.

381 976 485 1020 Non
514 977 620 1034 quia
648 977 864 1034 polluitur
893 980 939 1020 et
968 977 1140 1034 polluit,
1170 980 1237 1020 est
1267 977 1506 1035 fugienda;

440 1046 529 1090 Sed
559 1047 767 1103 quoniam
797 1061 1005 1089 nummus
1034 1047 1183 1090 toxica
1212 1061 1346 1090 saeua
1374 1047 1502 1104 gerit.

334 1111 363 1148 b
382 1115 547 1159 Toxica
575 1119 835 1172 perpetuam
864 1116 1067 1173 paritura
1097 1115 1347 1173 famemque
1376 1116 1598 1173 sitimque,

441 1185 500 1228 Et
527 1185 734 1228 miseram
763 1185 917 1235 uitam,
947 1185 1103 1228 mortis
1133 1188 1178 1228 et
1208 1199 1336 1228 omne
1365 1199 1515 1243 genus.

382 1254 521 1297 Nulla
550 1254 676 1297 libris
705 1254 791 1297 erit
820 1257 927 1311 apta
956 1268 1114 1297 manus
1144 1254 1371 1312 ferrugine
1401 1254 1542 1298 tincta
1555 1268 1565 1307 ;

440 1324 535 1367 Nec
563 1327 795 1366 nummata
823 1326 994 1380 queunt
1022 1323 1154 1366 corda
1182 1338 1340 1367 uacare
1370 1323 1508 1368 libris.

383 1393 487 1436 Non
515 1396 583 1436 est
613 1393 808 1435 eiusdem
838 1407 1128 1449 nummosque
1157 1393 1379 1450 librosque
1408 1393 1606 1450 probare,

443 1462 814 1518 Persequiturque
843 1461 978 1504 libros
1007 1476 1129 1519 grex,
1160 1462 1359 1519 Epicure,
1388 1465 1506 1506 tuus.

384 1532 510 1590 Ignis
540 1531 756 1574 auaritiae
786 1545 887 1574 cum
917 1530 1098 1574 faenum
1128 1532 1273 1575 carnis
1302 1531 1464 1582 adurit,

441 1601 610 1662 Surgit,
641 1603 686 1644 et
714 1603 944 1643 aeternum
972 1601 1191 1644 construit
1220 1614 1358 1658 usque
1389 1600 1549 1644 focum.

384 1671 547 1715 Omnia
576 1685 676 1714 cum
706 1670 846 1727 possit
875 1685 1033 1713 manus
1063 1670 1404 1728 Omnipotentis‚
1433 1684 1594 1714 auarae

442 1740 606 1784 Mentis
635 1742 876 1797 egestatem
906 1755 996 1783 non
1025 1740 1187 1783 satiare
1216 1742 1375 1797 potest.

385 1810 488 1853 Non
518 1810 680 1852 satiare
710 1812 856 1866 potest
885 1823 1044 1852 manus
1074 1809 1404 1867 Omnipotentis
1433 1823 1642 1852 auarum:

442 1880 526 1923 Dic
555 1879 665 1921 mihi
696 1879 795 1936 quis
823 1879 999 1936 poterit,
1029 1879 1146 1935 quod
1176 1879 1332 1936 nequit
1360 1879 1438 1921 illa
1466 1880 1658 1922 manus?

384 1949 544 1992 Nonne
574 1948 683 1991 satis
711 1948 844 1991 miser
873 1950 951 1998 est,
982 1963 1111 2005 quem
1141 1963 1220 1992 nec
1251 1948 1371 1991 Deus
1401 1948 1494 2005 ipse
1524 1948 1654 1991 beare

441 2017 651 2061 Sufficit?
689 2017 877 2060 ulterius
906 2018 1006 2074 quis
1035 2018 1169 2060 miser
1197 2032 1290 2060 esse
1320 2019 1498 2074 potest?

385 2087 698 2144 Nummipetae
728 2101 827 2129 cum
858 2086 1068 2130 libricolis
1096 2090 1322 2144 nequeunt
1351 2086 1482 2129 simul
1513 2100 1605 2130 esse

343 2167 367 2196 e
442 2156 619 2206 Ambos,
649 2155 775 2198 crede
805 2155 927 2205 mihi,
957 2170 1046 2198 non
1076 2156 1196 2213 capit
1224 2170 1314 2198 una
1343 2155 1511 2198 domus.

386 2226 503 2281 Ergo
532 2239 638 2268 caue
669 2225 861 2273 miseros,
892 2239 971 2267 nec
1002 2225 1058 2267 ab
1088 2225 1158 2267 his
1187 2225 1272 2267 nisi
1304 2224 1452 2267 tristia
1481 2239 1651 2281 speres:

443 2294 558 2337 Nam
590 2293 738 2336 miseri
769 2293 923 2344 cultor,
954 2294 1052 2350 quis
1083 2293 1166 2336 nisi
1198 2293 1374 2344 stultus,
1406 2293 1523 2336 erit?

385 2364 465 2407 Est
495 2363 680 2419 antiqua
709 2362 852 2411 nimis,
884 2362 1016 2405 nimis
1047 2366 1114 2405 cst
1144 2363 1365 2406 sententia
1396 2378 1512 2413 vcra,

441 2433 585 2486 Quam
615 2432 800 2475 docuere
830 2435 990 2488 patres,
1024 2432 1192 2474 Ennius
1223 2435 1356 2489 atquc
1387 2431 1521 2476 Cato:

386 2616 429 2644 22
457 2605 596 2653 nequid
614 2605 647 2641 A
790 2573 860 2652 31⁰.
826 2571 994 2643 bd'eiitn&

526 2701 621 2705 ——
629 2700 655 2705 .-.
675 2701 681 2703 2
693 2697 817 2704 ,.-,,-,,

436 2749 477 2783 16
501 2759 600 2792 prex,
620 2748 783 2792 Epicuro,
803 2751 906 2782 tuus·
940 2757 973 2782 v.
992 2745 1078 2781 Hor.
1100 2746 1166 2791 Fp.
1186 2744 1208 2780 i
1227 2756 1248 2789 4
1266 2745 1312 2781 ad
1332 2745 1422 2781 calc.
1520 2755 1563 2791 23
1591 2747 1721 2782 miser·
1747 2748 1857 2783 miser

387 2794 624 2840 Anglicean
604 2806 752 2830 auur-nm.
922 2803 968 2839 30
993 2794 1027 2828 1
1030 2795 1142 2829 »mimo
1158 2798 1259 2840 atque
1280 2795 1387 2829 Cato:
1420 2792 1468 2831 cs.
1486 2791 1575 2830 Hor.
1592 2794 1665 2829 Ars
1682 2795 1778 2831 Poet.
1799 2794 1852 2842 56,

386 2844 480 2880 Cato
500 2844 592 2879 Dine.
612 2841 656 2878 iv.
679 2844 732 2883 16.
756 2851 808 2885 ¹7·

499 2917 539 2942 ιο

1873 1067 1912 1091 10

1872 1416 1908 1448 15

1870 1767 1944 1790 20>

1872 2112 1912 2145 25

1872 2460 1915 2493 30
