1994 3190
266 162 358 212 46⁷
378 159 408 201 d

274 628 361 677 468
382 638 412 667 a

385 1458 414 1496 b

395 2374 421 2405 e

754 157 1019 202 IOANNIS
1060 154 1577 201 SARESBERIENSIS
1617 154 1620 159 ’
1727 153 1840 215 [ΜΒ.
1855 164 1896 198 11

425 280 557 323 Dixit
606 295 711 337 ergo
760 280 945 324 mulier:
1002 280 1145 334 Quem
1198 279 1420 323 suscitabo
1468 279 1586 322 tibi‘ss
1664 279 1752 332 Qui
1801 278 1896 320 ait:

426 349 688 392 Samuelem.
768 350 979 394 Omnium
1028 354 1278 407 temporum
1326 364 1417 392 una
1466 353 1534 393 est
1584 350 1705 401 fides,
1752 349 1898 392 Deum

426 433 520 462 esse
550 420 825 477 eundemque
854 421 1022 463 iustum
1053 423 1103 463 et
1123 420 1289 463 bonum
1320 422 1366 462 et
1394 423 1770 463 remuneratorem
1802 433 1898 476 spe-

427 489 624 531 rantium
644 489 692 531 in
716 504 773 540 se,
794 490 991 533 omnium
1019 490 1147 546 plene
1174 489 1346 532 meritis
1371 489 1719 546 respondentem.
1779 489 1898 531 Ante

427 557 581 614 legem,
609 559 693 601 sub
722 559 830 616 lege,
854 559 937 602 sub
968 559 1126 616 gratia,
1157 559 1323 601 nemini
1353 561 1523 602 rectum
1554 559 1744 616 sapienti
1774 557 1900 601 uenit
1917 567 1936 601 5

429 627 551 670 istud
594 628 641 670 in
681 628 877 672 dubium.
957 628 1063 671 Sine
1107 628 1194 670 ista
1240 643 1370 671 nemo
1415 643 1628 685 umquam
1675 628 1901 685 ingressus

430 700 498 739 est
528 697 586 740 ad
625 698 824 741 salutem.
896 698 1063 740 Verum
1096 697 1172 753 qui
1208 701 1328 740 errat
1361 697 1409 740 in
1440 698 1647 748 minimis,
1682 697 1901 754 paulatim

428 766 487 809 ad
516 767 685 810 maiora
722 767 981 824 prolabitur.
1056 766 1129 809 Sic
1169 766 1253 809 iste
1291 766 1436 823 primo
1474 766 1704 824 negligens
1743 765 1901 808 deinde

427 836 685 879 inobediens
718 837 999 893 postmodum
1029 838 1271 879 contumax
1304 836 1464 879 exinde
1493 836 1744 879 obstinatus
1782 837 1901 891 post·

430 920 550 948 remo
587 905 645 948 ad
675 921 771 948 eam
804 906 1035 962 prolapsus
1067 908 1135 948 est
1163 905 1404 956 cecitatem,
1435 908 1489 948 ut
1517 920 1598 948 nec
1626 904 1902 962 praedictum
1914 911 1963 938 ‘10

430 975 668 1018 articulum
714 976 818 1018 fidei
875 975 959 1018 sibi
1009 978 1158 1018 seruet
1210 975 1487 1018 incolumem.
1540 975 1686 1018 Deum
1737 973 1902 1017 etenim

428 1045 598 1088 iustum
618 1059 932 1102 usquequaque
964 1059 1054 1087 non
1081 1044 1279 1095 credidit,
1299 1044 1486 1101 opinans
1506 1044 1640 1087 etiam
1660 1044 1708 1086 in
1728 1046 1904 1086 sanctos

429 1117 532 1171 post
571 1114 742 1157 exitum
786 1115 907 1157 uitae
954 1114 1088 1156 huius
1131 1113 1339 1170 malignis
1383 1113 1614 1170 spiritibus
1654 1127 1903 1156 concessam

431 1187 709 1240 potestatem.
776 1184 978 1227 Nouerat
1019 1184 1138 1226 enim
1183 1186 1386 1226 sanctum
1417 1183 1667 1226 Samuelem
1708 1181 1903 1240 phitoni-

430 1253 494 1296 cis
532 1267 622 1295 non
661 1253 986 1310 obtemperasse
1020 1253 1127 1296 dum
1161 1253 1336 1296 uiueret
1374 1268 1454 1296 nec
1488 1253 1667 1310 aliquod
1701 1267 1802 1296 cum
1841 1251 1905 1294 eis
1923 1260 1963 1296 15

432 1322 571 1365 initae
613 1321 933 1366 familiaritatis
977 1323 1183 1366 habuisse
1227 1323 1548 1366 commercium.
1620 1322 1753 1376 Nunc
1798 1335 1905 1364 uero

433 1406 534 1433 eum
569 1391 626 1434 ad
658 1392 856 1448 phitonis
890 1392 1124 1449 imperium
1166 1393 1251 1435 sibi
1286 1395 1436 1449 sperat
1475 1395 1521 1436 et
1559 1393 1674 1449 petit
1707 1391 1904 1435 excitari.

434 1460 543 1503 Vult
570 1461 704 1504 etiam
725 1461 782 1503 ad
813 1462 894 1504 hoc
921 1462 1017 1519 cogi
1047 1462 1320 1513 defunctum,
1341 1463 1398 1505 ad
1428 1462 1546 1519 quod
1575 1462 1708 1505 uiuus
1736 1460 1905 1518 impelli

432 1545 521 1573 non
552 1531 710 1587 potuit.
786 1531 897 1588 Regi
927 1532 1146 1588 siquidem
1176 1532 1321 1575 noluit
1352 1532 1547 1575 indicare
1578 1532 1684 1574 dum
1719 1531 1904 1580 uiueret,

432 1600 517 1642 nisi
559 1600 677 1656 quod
712 1600 998 1644 indicandum
1031 1601 1249 1645 Dominus
1287 1602 1546 1659 inspirabat.
1605 1600 1718 1646 Cum
1753 1603 1903 1644 autem
1923 1605 1966 1633 ²⁰

432 1669 619 1712 uidisset
667 1670 826 1713 mulier
875 1670 1138 1722 Samuelem,
1178 1672 1446 1715 exclamauit
1491 1686 1598 1715 uoce
1647 1685 1820 1729 magna,
1860 1673 1906 1713 et

433 1739 552 1781 dixit
581 1739 639 1781 ad
675 1739 878 1782 Saulem:
925 1740 1072 1793 Quare
1104 1740 1354 1798 imposuisti
1389 1741 1534 1785 mihi?
1603 1741 1672 1784 Tu
1707 1755 1753 1784 es
1787 1740 1921 1797 enim¹

435 1807 554 1850 Saul.
615 1808 672 1851 Se
700 1809 855 1865 utique
882 1809 1109 1866 deceptam
1138 1811 1327 1854 credidit
1355 1814 1400 1854 et
1427 1811 1562 1854 etiam
1591 1813 1692 1868 post
1720 1810 1906 1867 praesti·

434 1880 531 1919 tum
559 1877 858 1920 iuramentum
887 1879 1049 1921 notitia
1076 1882 1122 1922 et
1149 1880 1400 1937 praesentia
1426 1881 1638 1938 principis
1665 1882 1905 1923 oneratam.

434 1946 651 2002 Dixitque
672 1946 711 1989 ei
733 1961 838 1998 rex3
869 1947 973 1990 Noli
1002 1948 1171 1999 timere,
1192 1949 1299 2005 quid
1319 1950 1510 1993 uidisti'l
1569 1949 1628 1993 Et
1654 1949 1719 1992 ait
1746 1948 1905 1991 mulier
1925 1951 1966 1985 ²⁵

433 2015 492 2058 ad
522 2015 722 2059 Saulem:
763 2016 879 2059 Deos
909 2017 1003 2059 uidi
1042 2019 1326 2062 ascendentes
1357 2019 1411 2062 de
1442 2022 1570 2062 terra.
1630 2018 1907 2065 Phitonissae

435 2088 644 2142 potuerat
689 2086 746 2128 ab
792 2086 967 2142 incepto
1011 2087 1082 2130 uel
1130 2088 1278 2131 tenuis
1323 2088 1425 2131 fidei
1470 2088 1617 2131 uirum
1665 2087 1907 2132 deteruisse

437 2154 672 2211 responsio.
762 2154 957 2197 Deorum
1007 2156 1225 2212 siquidem
1277 2156 1580 2213 pluralitatem
1629 2156 1813 2206 inducit,
1863 2160 1909 2201 et

437 2238 588 2266 eorum
611 2223 930 2267 habitationem
951 2225 1035 2267 sub
1063 2228 1182 2269 terra
1210 2229 1256 2269 et
1281 2226 1327 2268 in
1349 2226 1542 2269 tenebris
1563 2241 1655 2269 esse
1675 2226 1909 2284 significat.

439 2293 569 2336 Dixit
598 2307 703 2350 ergo
734 2293 867 2335 Saul:
909 2294 1064 2347 Qualis
1094 2298 1161 2338 est
1192 2295 1335 2338 forma
1364 2296 1492 2340 eius?
1551 2296 1674 2349 Quae
1705 2296 1793 2339 ait:
1827 2296 1970 2340 virae

439 2376 573 2404 senex
622 2362 831 2412 ascendit,
871 2366 916 2406 et
962 2364 1054 2419 ipse
1101 2364 1288 2407 amictus
1338 2368 1405 2407 est
1453 2365 1598 2422 pallio.
1678 2365 1911 2410 Intellexit

438 2432 589 2488 itaque
629 2431 737 2475 Saul
782 2431 900 2488 quod
951 2432 1129 2476 Samuel
1171 2438 1295 2484 esset,
1335 2437 1381 2478 et
1420 2434 1654 2478 inclinauit
1692 2449 1738 2478 se
1778 2449 1911 2493 super

444 2555 483 2592 15
510 2548 792 2592 optemperassc
810 2546 842 2583 A
984 2558 1025 2585 21
1056 2546 1229 2595 uidisset]
1248 2548 1417 2586 audisset
1435 2549 1474 2585 M

492 2660 503 2685 1
539 2652 643 2685 Dixit
661 2663 740 2697 erqo
758 2653 890 2688 mulier·
904 2654 974 2689 etc.
992 2665 1000 2688 τ
1031 2662 1044 2689 1
1067 2651 1157 2697 Rea.
1176 2653 1302 2690 xxviii.
1326 2663 1378 2691 11.
1492 2665 1524 2699 2,
1545 2665 1564 2701 3
1593 2657 1710 2692 Deum
1726 2667 1797 2693 esse
1813 2658 1908 2694 etc.:

440 2708 469 2731 v.
492 2697 603 2751 Heln.
623 2697 672 2735 xi.
691 2700 724 2735 6.
867 2700 890 2736 6
916 2701 1010 2736 tata:
1037 2712 1085 2737 ac.
1106 2700 1190 2738 fide.
1334 2712 1381 2738 20
1408 2702 1498 2738 Cum
1521 2708 1640 2739 autem
1656 2706 1751 2741 etc.:
1781 2714 1793 2741 1
1818 2703 1908 2752 Reg.

439 2755 567 2780 xxvm.
592 2756 642 2781 12.
821 2756 864 2793 25
893 2748 1065 2794 Diam’eque
1083 2750 1116 2783 ει·
1134 2760 1196 2784 rex
1213 2750 1305 2787 eta:
1339 2760 1350 2786 1
1373 2750 1463 2797 Reg.
1482 2750 1608 2788 xxviii.
1632 2761 1684 2797 13.
1864 2762 1911 2799 30

442 2793 548 2827 Dixit
565 2805 646 2838 erqo
662 2795 752 2830 Saul
768 2796 862 2832 eta:
894 2805 908 2832 1
930 2794 1020 2843 Reg.
1039 2795 1164 2834 xxviii.
1188 2806 1239 2843 ¹4·

553 2872 617 2907 ¹5⁴
