1994 3190
117 198 216 232 cAP.
230 183 284 246 x]
631 179 1072 226 POLICRATICVS
1593 178 1686 228 496
1703 187 1739 218 a

118 321 205 364 quo
223 303 442 362 principes
461 301 683 345 uirtutum
703 300 848 343 titulis
869 302 915 342 et
933 314 1065 342 uerae
1083 299 1187 342 fidei
1211 299 1307 342 Iuce
1327 297 1585 356 praesignes

117 390 164 418 se
183 374 310 417 diuos
328 372 522 415 audeant
550 370 714 413 nedum
740 368 966 426 gaudeant
991 368 1216 424 appellari,
1236 368 1378 411 ueteri
1402 367 1582 424 quidem

117 441 431 487 consuetudine
460 439 595 483 etiam
624 439 672 480 in
701 438 814 480 uitio
843 439 889 480 et
918 437 1131 480 aduersus
1160 438 1294 480 fidem
1320 437 1583 480 catholicam

117 511 356 555 obtinente.
413 508 463 552 Si
483 522 589 550 uero
615 506 823 549 ueniatur
849 505 906 547 ad
926 506 1075 557 uerba,
1094 506 1142 547 in
1168 520 1220 548 eo
1247 506 1336 547 iam
1356 506 1583 548 Romanus

81 599 100 634 5
117 580 354 624 Grecorum
374 577 604 635 perfidiam
631 574 864 624 antecedit,
884 574 961 631 qui
988 589 1039 616 eo
1067 588 1206 630 usque
1233 574 1445 616 adulandi
1464 574 1583 616 leno·
1600 575 1635 613 b

116 649 280 694 cinium
327 647 488 697 docuit,
527 648 580 689 ut
619 659 646 687 a
688 643 819 687 docili
862 643 1025 700 populo
1066 642 1276 686 facillime
1318 645 1587 685 transeatur.

117 718 265 768 Voces,
275 717 435 774 quibus
451 714 693 758 mentimur
712 712 914 762 dominis,
923 712 1031 754 dum
1046 712 1405 769 singularitatem
1420 712 1587 753 honore

117 786 417 831 multitudinis
444 784 711 834 decoramus,
732 781 856 824 natio
883 781 990 824 haec
1017 781 1191 824 inuenit
1217 784 1265 824 et
1291 781 1348 823 ad
1371 780 1587 822 finitimos

118 858 402 914 posterosque
421 853 490 897 sui
510 851 702 896 nominis
725 851 991 894 auctoritate
1018 850 1278 894 transmisit.
1337 849 1386 892 Si
1407 849 1587 906 quando

60 944 103 971 10
119 925 306 982 quaeris,
323 923 435 966 illud
455 922 539 966 tibi
559 925 734 978 tempus
754 922 968 970 occurrat,
989 934 1077 976 quo
1097 919 1236 962 Gaius
1256 918 1402 969 Cesar,
1418 932 1588 961 exuens

118 994 264 1037 nescio
293 1008 351 1036 an
379 992 608 1050 perficiens
638 990 912 1039 dictatorem,
936 989 1086 1032 omnia
1115 988 1262 1033 factus
1288 988 1438 1031 omnia
1460 1002 1587 1030 occu-

117 1063 254 1122 pauit.
311 1063 439 1106 Illius
473 1065 590 1105 certe
626 1060 837 1117 temporis
870 1059 1006 1102 michi
1038 1074 1168 1116 saepe
1201 1059 1394 1102 occurrit
1427 1058 1590 1114 imago,

117 1147 217 1177 cum
237 1132 294 1175 ad
313 1130 576 1189 potentioris
599 1132 760 1173 nutum
790 1129 1088 1171 subiectorum
1109 1129 1259 1171 omnia
1281 1128 1590 1185 disponantur,

119 1204 164 1245 et
192 1202 295 1245 licet
324 1201 472 1244 animo
501 1200 748 1243 reluctante
777 1199 823 1240 in
855 1198 1020 1255 seipsos
1050 1198 1196 1255 parati
1226 1200 1332 1240 sunt
1359 1197 1482 1240 exilii
1508 1199 1590 1239 aut

61 1287 102 1322 15
119 1271 274 1314 mortis
293 1271 460 1314 dictare
481 1269 760 1312 sententiam.
812 1268 930 1310 Hinc
951 1268 1114 1324 quippe
1134 1270 1331 1324 potestas
1351 1266 1589 1317 terribilis;

118 1341 222 1384 hinc
260 1339 464 1397 angentis
504 1342 550 1382 et
583 1338 755 1381 urentis
794 1337 1087 1380 conscientiae
1122 1336 1292 1379 stimuli
1330 1335 1589 1379 meticulosa

119 1409 250 1454 corda
269 1409 527 1453 concutiunt
551 1411 596 1451 et
622 1406 905 1464 praecipuam
933 1406 980 1448 in
1007 1406 1212 1448 omnibus
1239 1405 1324 1448 sibi
1348 1404 1588 1448 uendicant
1606 1413 1633 1442 e

119 1478 441 1523 auctoritatem.
524 1477 648 1520 Adeo
683 1477 861 1534 quidem
894 1479 946 1518 ut
984 1475 1232 1518 sacerdotes
1265 1475 1376 1532 legis
1410 1474 1590 1517 diuinae

120 1551 355 1607 praecepta
388 1547 678 1597 dissimulent,
714 1546 978 1604 sapientiam
1010 1545 1211 1588 nesciant
1245 1545 1448 1594 seniores,
1480 1544 1591 1586 iuris

62 1631 106 1656 ²0
121 1619 182 1663 sit
201 1618 336 1661 iudex
358 1618 552 1675 ignarus,
573 1616 799 1674 praelatus
823 1615 1104 1658 auctoritatis
1127 1615 1312 1665 nescius,
1332 1613 1593 1670 disciplinae

121 1687 354 1738 subiectus,
383 1687 635 1730 libertatem
665 1688 951 1742 contempnat
981 1684 1213 1742 ingenuus,
1242 1687 1364 1726 totus
1399 1683 1591 1739 denique

120 1757 308 1815 populus
328 1756 521 1813 quietem
549 1758 595 1798 et
620 1769 784 1812 pacem.
844 1754 963 1797 Dum
991 1754 1109 1796 enim
1129 1768 1281 1796 omnes
1308 1753 1441 1796 unius
1465 1767 1590 1809 prae-

121 1826 305 1870 sidentis
319 1826 550 1869 uoluntate
566 1824 785 1874 feruntur,
801 1824 999 1866 uniuersi
1016 1826 1061 1866 et
1076 1823 1241 1880 singuli
1257 1837 1336 1865 suo
1352 1822 1593 1879 priuantur

121 1895 318 1940 arbitriO.
377 1894 537 1938 Nonne
557 1894 665 1938 haec
685 1897 782 1936 erat
802 1893 938 1936 facies
958 1893 1170 1950 temporis
1190 1892 1370 1949 quando

65 2008 110 2045 ²⁵
553 1991 703 2034 sedere
732 1994 882 2048 patres
912 2005 1088 2034 censere
1117 1990 1277 2048 parati,

238 2050 276 2093 si
305 2064 502 2107 regnum,
531 2049 570 2092 si
599 2049 766 2106 templa
795 2052 932 2106 petat,
962 2048 1253 2107 iugulumque
1281 2051 1477 2098 senatus,

241 2122 531 2166 passurasque
560 2107 746 2150 infanda
775 2121 939 2159 nurus;

125 2219 260 2263 eoque
284 2205 376 2249 solo
404 2205 515 2249 bene
544 2219 645 2248 cum
674 2205 848 2248 ciuibus
877 2208 1027 2249 actum
1056 2207 1137 2257 est,
1157 2204 1275 2262 quod
1302 2203 1441 2247 Cesar
1461 2203 1592 2261 plura
1606 2206 1638 2246 (ί

125 2274 276 2318 iubere
304 2274 482 2317 erubuit
511 2289 644 2331 quam
675 2275 816 2318 Roma
846 2275 975 2332 pati?
1045 2274 1206 2317 Nonne
1241 2273 1410 2316 tiranni
1442 2273 1595 2330 opinio

68 2361 112 2396 30
127 2344 184 2387 ad
218 2343 454 2386 tirannidis
484 2344 664 2387 transiit
695 2344 974 2394 successores
1009 2344 1115 2386 dum
1150 2343 1444 2400 suspicantur,
1475 2343 1595 2399 quod

127 2413 243 2470 leges
276 2427 304 2454 a
332 2427 378 2455 se
406 2412 564 2455 maluit
592 2413 690 2456 tolli
720 2428 853 2471 quam
883 2413 941 2456 ab
970 2412 1213 2455 humilibus
1247 2412 1503 2455 obseruari?
1545 2412 1595 2455 in

128 2496 264 2538 eoque
287 2481 507 2525 libertatis
537 2486 742 2527 seruatur
771 2483 942 2536 umbra,
966 2483 1005 2526 si
1032 2497 1078 2526 se
1108 2482 1297 2539 quisque
1322 2482 1442 2538 quod
1467 2496 1598 2539 prae—

127 2617 152 2653 4
177 2605 375 2653 optinente
390 2606 424 2644 A
563 2608 622 2651 28,
639 2617 686 2654 29
709 2606 839 2645 iubere
854 2607 967 2655 plura
980 2607 1015 2644 A
1109 2618 1160 2654 30
1180 2606 1397 2654 tyrannidis
1411 2606 1453 2643 M

180 2733 225 2759 10
250 2723 361 2759 Cesar
384 2723 475 2758 eta:
511 2721 559 2759 cf.
585 2721 795 2759 Mommsen
818 2723 1038 2759 Staatsrecht
1059 2721 1100 2758 ii.
1122 2732 1153 2765 1,
1172 2733 1209 2768 p.
1226 2721 1309 2767 716,
1328 2733 1367 2757 n.
1391 2731 1413 2757 2
1440 2720 1515 2768 (ed.
1541 2726 1597 2767 3⁸,

130 2771 238 2816 1887)
410 2777 452 2814 25
478 2771 595 2805 sedere
612 2771 704 2825 ορο.;
729 2770 819 2806 Luc
840 2771 972 2807 Phara
995 2769 1052 2806 iii.
1072 2779 1301 2816 109,110,v.
1326 2777 1409 2815 307.
1550 2770 1599 2805 28

129 2772 335 2866 quoasstca
359 2815 451 2853 Luc.
466 2817 595 2854 Pham.
610 2816 670 2854 111.
689 2827 767 2861 111,
787 2827 870 2855 112.

1421 2895 1490 2928 203
