1994 3236
743 196 1091 242 REGISTRVM

185 318 308 355 Lnuu
323 314 378 352 IV

318 383 373 412 ιο.
397 370 496 417 Quid
532 367 714 407 utilitatis
745 368 794 407 de
831 368 939 406 cultu
976 366 1144 405 iustitiae
1178 367 1373 416 principes
1410 380 1535 406 conse·

448 430 614 476 quantur
673 455 684 466 .
886 453 896 462 .
1099 454 1109 464 .

318 499 374 527 11.
399 487 500 533 Quae
517 486 569 524 sit
585 486 663 523 alia
678 496 825 523 merces
841 483 1057 532 principum
1097 512 1107 522 .
1314 513 1323 523 .
1420 512 1430 521 .

319 557 375 586 12.
400 544 460 584 Ex
475 544 612 592 quibus
627 543 750 582 888818
765 543 1046 581 transferantur
1061 541 1303 590 principatus
1318 545 1358 580 et
1375 554 1495 591 regna
1522 570 1531 581 .

186 653 310 690 me
325 649 360 688 V
407 648 593 696 Prologus

231 721 322 770 Cap.
340 729 371 758 1.
397 717 571 765 Epistola
587 715 783 754 Plutarchi
800 715 1028 753 instruentis
1044 714 1250 752 Traianum
1314 743 1324 752 .
1422 743 1430 752 .

343 788 376 815 2.
401 775 500 822 Quid
516 787 577 813 188
593 774 749 822 publica
771 774 979 812 secundum
994 773 1228 817 Plutarcum,
1248 775 1288 811 et
1305 773 1396 820 quid
1413 773 1538 812 uicem

453 834 603 872 animae
620 833 662 870 in
678 833 762 881 ipsa
777 831 951 870 obtineat
967 834 1035 870 881
1051 832 1309 870 membrorum

341 905 376 942 3.
400 893 502 940 Quae
519 891 723 940 praecipue
740 891 968 929 uersentur
957 903 999 928 18
1014 890 1234 929 1818811888
1251 891 1475 936 Plutarchi,
1501 894 1541 930 81

452 952 501 990 de
517 950 735 989 reuerentia
751 950 969 988 exhibenda
985 949 1065 988 Deo
1082 952 1121 987 81
1139 949 1250 987 rebus
1266 950 1382 987 sacris
1420 978 1429 988 .

342 1022 377 1059 4.
401 1010 458 1049 De
486 1009 702 1048 reuerentia
726 1020 974 1058 personarum
999 1011 1039 1046 et
1070 1020 1209 1053 rerum,
1239 1011 1278 1046 81
1303 1011 1397 1056 quot
1422 1009 1542 1046 modis

455 1081 620 1117 persona
636 1068 686 1106 sit
703 1067 935 1106 uenerabilis
996 1095 1006 1105 .
1211 1095 1221 1104 .
1317 1096 1327 1105 .

346 1138 377 1178 5.
403 1128 508 1174 Quae
547 1139 650 1176 pena
688 1126 886 1164 immineat
921 1125 982 1163 his
1021 1126 1088 1174 qui
1130 1126 1314 1164 ministris
1357 1096 1541 1165 ecclesiae

454 1188 700 1234 locorumque
724 1185 1005 1224 uenerabilium
1029 1185 1188 1223 iniurias
1211 1185 1404 1231 inferunt3
1433 1188 1470 1223 81
1495 1186 1542 1223 (18

456 1245 672 1294 Ρ11111183118
684 1245 855 1283 18881881
867 1244 1142 1283 88881811111818
1158 1258 1168 1289 ;
1191 1246 1230 1282 81
1244 1245 1344 1291 quod
1356 1244 1544 1282 absolutio

456 1317 524 1343 1188
557 1316 624 1352 per
661 1304 743 1342 uim
774 1303 994 1351 extorqueri
1034 1314 1105 1340 888
1145 1302 1285 1350 surripi
1318 1305 1444 1351 potest
1476 1315 1546 1351 per

455 1364 629 1402 fraudem
678 1389 688 1398 .
1001 1390 1009 1399 .
1215 1390 1224 1399 .
1531 1388 1542 1400 .

348 1425 381 1462 6.
407 1423 463 1461 De
488 1421 665 1470 principe
690 1421 757 1468 qui
779 1424 894 1468 caput
919 1422 976 1459 est
1002 1419 1056 1458 rei
1079 1420 1270 1468 publicae,
1290 1423 1330 1458 81
1355 1420 1543 1459 electione

458 1481 553 1526 81118,
571 1483 611 1518 81
630 1479 851 1528 pannagiis,
878 1482 918 1518 81
942 1478 1113 1526 praemio
1138 1479 1294 1516 uirtutis
1319 1481 1358 1517 81
1383 1480 1544 1527 culpae·

456 1541 496 1578 81
508 1540 607 1587 quod
619 1540 774 1577 beatum
788 1539 854 1576 Iob
871 1539 1008 1576 debeat
1024 1538 1190 1581 imitari;
1215 1540 1254 1576 81
1271 1539 1318 1576 de
1336 1539 1543 1576 uirtutibus

458 1599 563 1637 beati
581 1598 649 1636 Iob
690 1626 700 1635 .
797 1626 807 1636 .

348 1667 381 1704 7.
407 1657 509 1703 Quae
526 1657 628 1694 mala
650 1656 714 1694 1181
733 1656 834 1694 bona
855 1625 1032 1694 subiectis
1053 1623 1282 1702 proueniant
1307 1655 1353 1693 de
1378 1656 1544 1693 moribus

458 1715 703 1764 principum,
746 1715 847 1762 quod
875 1717 915 1753 81
943 1714 1158 1761 aliquorum
1182 1715 1545 1762 strategemmaticis

459 1775 659 1812 roboratur
676 1773 859 1821 exemplis
898 1801 908 1810 .

350 1835 383 1871 8.
409 1832 530 1878 Quare
544 1832 729 1869 Traianus
747 1832 927 1869 uideatur
943 1831 1120 1868 omnibus
1138 1830 1437 1879 praeferendus.

351 1902 384 1940 9
408 1891 465 1929 De
479 1891 537 1928 1118
549 1891 666 1938 quiin
680 1903 720 1928 18
734 1890 888 1938 publica
900 1890 1079 1928 obtinent
1091 1890 1216 1927 locum
1228 1890 1374 1934 cordis,
1388 1894 1428 1928 et
1444 1860 1545 1938 quod

460 1950 584 1997 iniqui
607 1949 763 1987 arcendi
789 1951 877 1986 sunt
903 1961 927 1986 a
953 1948 1123 1987 888811118
1147 1951 1404 1996 potestatumz
1433 1954 1474 1988 81
1498 1951 1545 1988 de

460 2009 600 2047 timore
617 2007 700 2053 Dei,
719 2010 757 2045 81
774 2007 975 2055 sapientia..
994 2010 1033 2045 et
1049 2007 1294 2055 philosophia
1324 2036 1333 2046 .

332 2079 385 2106 10.
410 2067 467 2106 De
487 2067 672 2106 lateribus
691 2069 940 2115 potestatum,
959 2079 1119 2114 quorum
1135 2066 1339 2104 necessitas
1356 2067 1547 2115 explenda

461 2130 531 2173 est,
548 2126 698 2164 malitia
715 2126 957 2174 reprimenda
1004 2154 1014 2164 .

333 2195 387 2224 11.
409 2185 466 2223 De
491 2185 608 2223 8811118
631 2185 786 2222 88111188
810 2187 851 2222 81
875 2185 1010 2232 lingua
1032 2186 1277 2232 potestatum,
1297 2187 1336 2222 81
1354 2186 1401 2222 de
1423 2186 1546 2224 officio

464 2243 656 2291 praesidis,
675 2246 715 2281 et
741 2243 840 2290 quod
866 2243 1028 2280 iudicem
1052 2245 1202 2289 oportet
1227 2243 1367 2281 habere
1392 2244 1484 2282 iuris
1509 2247 1549 2283 81

461 2302 575 2350 aequi
608 2302 802 2346 notitiam,
832 2302 1075 2339 uoluntatem
1107 2302 1210 2347 11881,
1243 2305 1285 2340 81
1316 2305 1549 2350 potestatem

463 2361 684 2408 exequendi,
715 2364 754 2398 et
784 2362 885 2408 quod
914 2361 1128 2398 iuramento
1157 2361 1270 2398 debet
1297 2374 1376 2399 esse
1400 2362 1550 2410 legibus

465 2420 645 2468 alligatus
662 2422 702 2458 et
713 2432 736 2456 a
752 2420 924 2457 sordibus
940 2431 1139 2456 munerum
1155 2419 1302 2456 8118888
1327 2448 1335 2457 .

335 2489 388 2516 12.
413 2478 469 2517 De
498 2482 732 2517 sacramento
758 2478 940 2524 iudicum,
970 2481 1010 2516 et
1039 2478 1243 2516 collatione
1278 2479 1480 2527 pitagorae
1512 2450 1551 2518 81

464 2537 683 2582 Alexandri,
718 2539 758 2576 81
789 2537 831 2574 in
864 2538 1001 2585 quibus
1033 2538 1146 2575 rebus
1180 2537 1344 2585 gratiam
1376 2539 1551 2585 partibus

466 2596 586 2644 possit
604 2596 730 2634 facere
746 2596 871 2641 iudex,
891 2598 931 2633 et
948 2596 995 2632 de
1011 2596 1297 2642 quaestionibus
1310 2597 1492 2644 captiosis

337 2663 390 2702 13.
415 2653 606 2699 Quomodo
622 2654 807 2691 iudicium
822 2655 960 2692 debeat
977 2654 1157 2700 ordinari,
1175 2656 1215 2692 et
1231 2655 1278 2692 de
1301 2656 1552 2703 conceptione

467 2714 694 2751 sacramenti
719 2713 967 2761 calumpniae,
998 2713 1099 2760 quod
1124 2725 1170 2751 ex
1196 2714 1424 2751 necessitate
1449 2726 1554 2762 prae·

424 2768 427 2769 ⁷
469 2773 572 2808 818111
610 2774 718 2809 actor
756 2773 796 2810 et
839 2784 934 2816 1888,
968 2773 1008 2808 81
1039 2771 1130 2818 quid
1162 2771 1360 2809 immineat
1392 2772 1453 2808 illi
1486 2771 1554 2818 qui

469 2829 722 2867 iuramentum
761 2829 887 2867 subire
926 2829 1128 2875 detrectat,
1163 2830 1203 2867 et
1233 2830 1281 2868 de
1319 2833 1555 2868 sacramento

1490 2889 1556 2932 vii

1556 318 1653 348 Pae,

1524 453 1533 464 .
1584 428 1652 472 267

1525 514 1534 523 .
1584 487 1655 532 269

1585 546 1655 589 276

1526 674 1536 684 .
1585 648 1657 684 280

1528 743 1537 753 .
1586 718 1654 754 281

1589 834 1657 870 282

1531 978 1539 987 .
1590 951 1659 997 284

1533 1095 1543 1105 .
1591 1069 1661 1114 289

1536 1784 1663 1822 ·307

1594 1843 1661 1882 315

1595 2011 1665 2057 318

1597 2138 1665 2176 323

1599 2433 1669 2469 330

1540 2625 1549 2635 ·
1600 2607 1670 2646 334
