<?xml version="1.0" encoding="UTF-8"?>
<!DOCTYPE html PUBLIC "-//W3C//DTD XHTML 1.0 Transitional//EN"
    "http://www.w3.org/TR/xhtml1/DTD/xhtml1-transitional.dtd">
<html xmlns="http://www.w3.org/1999/xhtml" xml:lang="en" lang="en">
 <head>
  <title>
</title>
<meta http-equiv="Content-Type" content="text/html;charset=utf-8" />
  <meta name='ocr-system' content='tesseract 3.04.00' />
  <meta name='ocr-capabilities' content='ocr_page ocr_carea ocr_par ocr_line ocrx_word'/>
</head>
<body>
  <div class='ocr_page' id='page_1' title='image "./policraticisived01john_0104.png"; bbox 0 0 1994 3190; ppageno 0'>
   <div class='ocr_carea' id='block_1_1' title="bbox 225 156 1847 221">
    <p class='ocr_par' dir='ltr' id='par_1_1' title="bbox 225 156 1847 221">
     <span class='ocr_line' id='line_1_1' title="bbox 225 156 1847 221; baseline 0.005 -25"><span class='ocrx_word' id='word_1_1' title='bbox 225 166 311 207; x_wconf 82' lang='lat'><strong>407</strong></span> <span class='ocrx_word' id='word_1_2' title='bbox 328 167 361 196; x_wconf 87' lang='lat' dir='ltr'><strong>a</strong></span> <span class='ocrx_word' id='word_1_3' title='bbox 706 156 966 201; x_wconf 83' lang='lat' dir='ltr'><strong>IOANNIS</strong></span> <span class='ocrx_word' id='word_1_4' title='bbox 1007 157 1522 203; x_wconf 86' lang='lat' dir='ltr'>SARESBERIENSIS</span> <span class='ocrx_word' id='word_1_5' title='bbox 1699 158 1813 221; x_wconf 75' lang='lat' dir='ltr'><strong>[ms.</strong></span> <span class='ocrx_word' id='word_1_6' title='bbox 1827 172 1847 204; x_wconf 89' lang='lat'>1</span> 
     </span>
    </p>
   </div>
   <div class='ocr_carea' id='block_1_2' title="bbox 327 276 1908 1088">
    <p class='ocr_par' dir='ltr' id='par_1_2' title="bbox 327 276 1908 1088">
     <span class='ocr_line' id='line_1_2' title="bbox 376 276 1847 338; baseline 0.003 -18"><span class='ocrx_word' id='word_1_7' title='bbox 376 276 510 327; x_wconf 88' lang='lat' dir='ltr'><strong>tiunt,</strong></span> <span class='ocrx_word' id='word_1_8' title='bbox 554 277 686 321; x_wconf 90' lang='lat' dir='ltr'><strong>rebus</strong></span> <span class='ocrx_word' id='word_1_9' title='bbox 735 278 940 321; x_wconf 85' lang='lat' dir='ltr'><strong>adimunt</strong></span> <span class='ocrx_word' id='word_1_10' title='bbox 988 279 1154 336; x_wconf 87' lang='lat' dir='ltr'><strong>species</strong></span> <span class='ocrx_word' id='word_1_11' title='bbox 1193 293 1308 331; x_wconf 91' lang='lat' dir='ltr'><strong>suas,</strong></span> <span class='ocrx_word' id='word_1_12' title='bbox 1348 282 1541 322; x_wconf 89' lang='lat' dir='ltr'><strong>uentura</strong></span> <span class='ocrx_word' id='word_1_13' title='bbox 1587 280 1847 338; x_wconf 87' lang='lat' dir='ltr'><strong>plerumque</strong></span> 
     </span>
     <span class='ocr_line' id='line_1_3' title="bbox 327 346 1847 407; baseline 0.003 -19"><span class='ocrx_word' id='word_1_14' title='bbox 327 346 356 384; x_wconf 88' lang='lat' dir='ltr'>b</span> <span class='ocrx_word' id='word_1_15' title='bbox 376 347 706 404; x_wconf 71' lang='lat' dir='ltr'><strong>praenuntiant,</strong></span> <span class='ocrx_word' id='word_1_16' title='bbox 721 348 907 391; x_wconf 89' lang='lat' dir='ltr'><strong>turbant</strong></span> <span class='ocrx_word' id='word_1_17' title='bbox 921 350 1092 390; x_wconf 88' lang='lat' dir='ltr'><strong>mentes</strong></span> <span class='ocrx_word' id='word_1_18' title='bbox 1107 348 1349 398; x_wconf 89' lang='lat' dir='ltr'><strong>hominum,</strong></span> <span class='ocrx_word' id='word_1_19' title='bbox 1365 347 1617 392; x_wconf 89' lang='lat' dir='ltr'><strong>immittunt</strong></span> <span class='ocrx_word' id='word_1_20' title='bbox 1632 350 1847 407; x_wconf 82' lang='lat' dir='ltr'><strong>sompnia,</strong></span> 
     </span>
     <span class='ocr_line' id='line_1_4' title="bbox 374 417 1846 476; baseline 0.003 -18"><span class='ocrx_word' id='word_1_21' title='bbox 374 417 661 474; x_wconf 84' lang='lat' dir='ltr'><strong>hominesque</strong></span> <span class='ocrx_word' id='word_1_22' title='bbox 680 417 895 460; x_wconf 88' lang='lat' dir='ltr'><strong>uiolentia</strong></span> <span class='ocrx_word' id='word_1_23' title='bbox 923 417 1131 460; x_wconf 87' lang='lat' dir='ltr'><strong>carminis</strong></span> <span class='ocrx_word' id='word_1_24' title='bbox 1159 417 1398 459; x_wconf 84' lang='lat' dir='ltr'><strong>dumtaxat</strong></span> <span class='ocrx_word' id='word_1_25' title='bbox 1424 417 1642 472; x_wconf 90' lang='lat' dir='ltr'><strong>occidunt,</strong></span> <span class='ocrx_word' id='word_1_26' title='bbox 1663 419 1781 476; x_wconf 92' lang='lat' dir='ltr'><strong>quod</strong></span> <span class='ocrx_word' id='word_1_27' title='bbox 1801 422 1846 463; x_wconf 85' lang='lat' dir='ltr'><strong>et</strong></span> 
     </span>
     <span class='ocr_line' id='line_1_5' title="bbox 377 485 1408 530; baseline -0.001 -2"><span class='ocrx_word' id='word_1_28' title='bbox 377 486 604 530; x_wconf 86' lang='lat' dir='ltr'><strong>Lucanum</strong></span> <span class='ocrx_word' id='word_1_29' title='bbox 625 489 827 530; x_wconf 89' lang='lat' dir='ltr'><strong>nostrum</strong></span> <span class='ocrx_word' id='word_1_30' title='bbox 847 502 936 530; x_wconf 92' lang='lat' dir='ltr'><strong>non</strong></span> <span class='ocrx_word' id='word_1_31' title='bbox 957 487 1103 529; x_wconf 86' lang='lat' dir='ltr'><strong>latuit.</strong></span> <span class='ocrx_word' id='word_1_32' title='bbox 1162 486 1243 528; x_wconf 91' lang='lat' dir='ltr'><strong>Ait</strong></span> <span class='ocrx_word' id='word_1_33' title='bbox 1263 485 1382 528; x_wconf 91' lang='lat' dir='ltr'><strong>enim</strong></span> <span class='ocrx_word' id='word_1_34' title='bbox 1399 502 1408 528; x_wconf 89' lang='lat'>:</span> 
     </span>
     <span class='ocr_line' id='line_1_6' title="bbox 608 555 1886 614; baseline 0.001 -16"><span class='ocrx_word' id='word_1_35' title='bbox 608 556 733 600; x_wconf 90' lang='lat' dir='ltr'><strong>Mens</strong></span> <span class='ocrx_word' id='word_1_36' title='bbox 763 557 913 599; x_wconf 91' lang='lat' dir='ltr'><strong>hausti</strong></span> <span class='ocrx_word' id='word_1_37' title='bbox 943 556 1067 599; x_wconf 87' lang='lat' dir='ltr'><strong>nulla</strong></span> <span class='ocrx_word' id='word_1_38' title='bbox 1096 555 1219 599; x_wconf 90' lang='lat' dir='ltr'><strong>sanie</strong></span> <span class='ocrx_word' id='word_1_39' title='bbox 1248 555 1420 612; x_wconf 88' lang='lat' dir='ltr'><strong>polluta</strong></span> <span class='ocrx_word' id='word_1_40' title='bbox 1449 557 1610 599; x_wconf 88' lang='lat' dir='ltr'><strong>ueneni</strong></span> <span class='ocrx_word' id='word_1_41' title='bbox 1866 579 1886 614; x_wconf 83' lang='lat'><strong>5</strong></span> 
     </span>
     <span class='ocr_line' id='line_1_7' title="bbox 606 615 991 671; baseline 0 -15"><span class='ocrx_word' id='word_1_42' title='bbox 606 615 835 658; x_wconf 86' lang='lat' dir='ltr'><strong>incantata</strong></span> <span class='ocrx_word' id='word_1_43' title='bbox 865 615 991 671; x_wconf 89' lang='lat' dir='ltr'><strong>perit.</strong></span> 
     </span>
     <span class='ocr_line' id='line_1_8' title="bbox 376 682 1848 741; baseline 0.003 -16"><span class='ocrx_word' id='word_1_44' title='bbox 376 682 436 726; x_wconf 89' lang='lat' dir='ltr'><strong>Et</strong></span> <span class='ocrx_word' id='word_1_45' title='bbox 455 698 511 726; x_wconf 93' lang='lat' dir='ltr'><strong>ne</strong></span> <span class='ocrx_word' id='word_1_46' title='bbox 531 683 614 726; x_wconf 91' lang='lat' dir='ltr'><strong>tibi</strong></span> <span class='ocrx_word' id='word_1_47' title='bbox 635 699 776 741; x_wconf 84' lang='lat' dir='ltr'><strong>parua</strong></span> <span class='ocrx_word' id='word_1_48' title='bbox 790 684 998 726; x_wconf 89' lang='lat' dir='ltr'><strong>uideatur</strong></span> <span class='ocrx_word' id='word_1_49' title='bbox 1013 683 1133 726; x_wconf 86' lang='lat' dir='ltr'><strong>illius</strong></span> <span class='ocrx_word' id='word_1_50' title='bbox 1149 682 1403 734; x_wconf 84' lang='lat' dir='ltr'><strong>auctoritas,</strong></span> <span class='ocrx_word' id='word_1_51' title='bbox 1415 684 1533 727; x_wconf 91' lang='lat' dir='ltr'><strong>nosti</strong></span> <span class='ocrx_word' id='word_1_52' title='bbox 1554 684 1671 741; x_wconf 91' lang='lat' dir='ltr'><strong>quod</strong></span> <span class='ocrx_word' id='word_1_53' title='bbox 1685 685 1848 729; x_wconf 80' lang='lat' dir='ltr'><strong>Iannes</strong></span> 
     </span>
     <span class='ocr_line' id='line_1_9' title="bbox 374 751 1847 811; baseline 0.002 -16"><span class='ocrx_word' id='word_1_54' title='bbox 374 755 421 795; x_wconf 93' lang='lat' dir='ltr'><strong>et</strong></span> <span class='ocrx_word' id='word_1_55' title='bbox 462 753 662 796; x_wconf 82' lang='lat' dir='ltr'><strong>Mambre</strong></span> <span class='ocrx_word' id='word_1_56' title='bbox 703 753 823 811; x_wconf 88' lang='lat' dir='ltr'><strong>magi</strong></span> <span class='ocrx_word' id='word_1_57' title='bbox 862 753 1106 796; x_wconf 87' lang='lat' dir='ltr'><strong>Pharaonis</strong></span> <span class='ocrx_word' id='word_1_58' title='bbox 1137 751 1362 809; x_wconf 88' lang='lat' dir='ltr'><strong>(Egyptus</strong></span> <span class='ocrx_word' id='word_1_59' title='bbox 1393 753 1558 796; x_wconf 88' lang='lat' dir='ltr'><strong>etenim</strong></span> <span class='ocrx_word' id='word_1_60' title='bbox 1588 754 1847 798; x_wconf 88' lang='lat' dir='ltr'><strong>huiusmodi</strong></span> 
     </span>
     <span class='ocr_line' id='line_1_10' title="bbox 374 822 1846 881; baseline 0.001 -16"><span class='ocrx_word' id='word_1_61' title='bbox 374 822 740 879; x_wconf 74' lang='lat' dir='ltr'><strong>superstitionum</strong></span> <span class='ocrx_word' id='word_1_62' title='bbox 773 825 818 865; x_wconf 92' lang='lat' dir='ltr'><strong>et</strong></span> <span class='ocrx_word' id='word_1_63' title='bbox 849 822 1166 865; x_wconf 88' lang='lat' dir='ltr'><strong>maleficiorum</strong></span> <span class='ocrx_word' id='word_1_64' title='bbox 1196 824 1341 865; x_wconf 88' lang='lat' dir='ltr'><strong>mater</strong></span> <span class='ocrx_word' id='word_1_65' title='bbox 1370 823 1466 879; x_wconf 87' lang='lat' dir='ltr'><strong>est),</strong></span> <span class='ocrx_word' id='word_1_66' title='bbox 1491 822 1622 874; x_wconf 88' lang='lat' dir='ltr'><strong>nosti,</strong></span> <span class='ocrx_word' id='word_1_67' title='bbox 1649 823 1846 881; x_wconf 88' lang='lat' dir='ltr'><strong>inquam,</strong></span> 
     </span>
     <span class='ocr_line' id='line_1_11' title="bbox 373 890 1908 949; baseline 0.001 -15"><span class='ocrx_word' id='word_1_68' title='bbox 373 906 448 934; x_wconf 89' lang='lat' dir='ltr'><strong>eos</strong></span> <span class='ocrx_word' id='word_1_69' title='bbox 474 906 563 934; x_wconf 93' lang='lat' dir='ltr'><strong>non</strong></span> <span class='ocrx_word' id='word_1_70' title='bbox 592 892 722 934; x_wconf 92' lang='lat' dir='ltr'><strong>modo</strong></span> <span class='ocrx_word' id='word_1_71' title='bbox 743 891 888 948; x_wconf 86' lang='lat' dir='ltr'><strong>Moysi</strong></span> <span class='ocrx_word' id='word_1_72' title='bbox 915 891 1130 934; x_wconf 71' lang='lat' dir='ltr'><strong>restitisse</strong></span> <span class='ocrx_word' id='word_1_73' title='bbox 1156 890 1233 934; x_wconf 92' lang='lat' dir='ltr'><strong>sed</strong></span> <span class='ocrx_word' id='word_1_74' title='bbox 1263 905 1364 934; x_wconf 90' lang='lat' dir='ltr'><strong>cum</strong></span> <span class='ocrx_word' id='word_1_75' title='bbox 1395 906 1446 935; x_wconf 90' lang='lat' dir='ltr'><strong>eo</strong></span> <span class='ocrx_word' id='word_1_76' title='bbox 1475 891 1614 949; x_wconf 87' lang='lat' dir='ltr'><strong>signis</strong></span> <span class='ocrx_word' id='word_1_77' title='bbox 1642 895 1688 935; x_wconf 92' lang='lat' dir='ltr'><strong>et</strong></span> <span class='ocrx_word' id='word_1_78' title='bbox 1713 893 1846 936; x_wconf 89' lang='lat' dir='ltr'><strong>mira-</strong></span> <span class='ocrx_word' id='word_1_79' title='bbox 1866 919 1908 943; x_wconf 78' lang='lat'><strong>10</strong></span> 
     </span>
     <span class='ocr_line' id='line_1_12' title="bbox 373 959 1847 1017; baseline 0.002 -15"><span class='ocrx_word' id='word_1_80' title='bbox 373 960 484 1003; x_wconf 88' lang='lat' dir='ltr'><strong>culis</strong></span> <span class='ocrx_word' id='word_1_81' title='bbox 515 960 802 1011; x_wconf 89' lang='lat' dir='ltr'><strong>contendisse,</strong></span> <span class='ocrx_word' id='word_1_82' title='bbox 831 961 934 1004; x_wconf 87' lang='lat' dir='ltr'><strong>licet</strong></span> <span class='ocrx_word' id='word_1_83' title='bbox 966 960 1247 1017; x_wconf 90' lang='lat' dir='ltr'><strong>postmodum</strong></span> <span class='ocrx_word' id='word_1_84' title='bbox 1287 959 1360 1003; x_wconf 91' lang='lat' dir='ltr'><strong>uel</strong></span> <span class='ocrx_word' id='word_1_85' title='bbox 1395 960 1531 1004; x_wconf 89' lang='lat' dir='ltr'><strong>inuiti</strong></span> <span class='ocrx_word' id='word_1_86' title='bbox 1573 962 1713 1005; x_wconf 89' lang='lat' dir='ltr'><strong>coacti</strong></span> <span class='ocrx_word' id='word_1_87' title='bbox 1754 962 1847 1006; x_wconf 88' lang='lat' dir='ltr'><strong>sint</strong></span> 
     </span>
     <span class='ocr_line' id='line_1_13' title="bbox 374 1029 1298 1088; baseline 0.002 -16"><span class='ocrx_word' id='word_1_88' title='bbox 374 1029 567 1088; x_wconf 87' lang='lat' dir='ltr'><strong>digitum</strong></span> <span class='ocrx_word' id='word_1_89' title='bbox 588 1029 672 1072; x_wconf 90' lang='lat' dir='ltr'><strong>Dei</strong></span> <span class='ocrx_word' id='word_1_90' title='bbox 692 1030 739 1071; x_wconf 92' lang='lat' dir='ltr'><strong>in</strong></span> <span class='ocrx_word' id='word_1_91' title='bbox 759 1029 899 1087; x_wconf 86' lang='lat' dir='ltr'><strong>signis</strong></span> <span class='ocrx_word' id='word_1_92' title='bbox 919 1029 1065 1086; x_wconf 87' lang='lat' dir='ltr'><strong>Moysi</strong></span> <span class='ocrx_word' id='word_1_93' title='bbox 1085 1029 1298 1074; x_wconf 88' lang='lat' dir='ltr'><strong>confiteri.</strong></span> 
     </span>
    </p>
   </div>
   <div class='ocr_carea' id='block_1_3' title="bbox 706 1143 1520 1203">
    <p class='ocr_par' dir='ltr' id='par_1_3' title="bbox 706 1143 1520 1203">
     <span class='ocr_line' id='line_1_14' title="bbox 706 1143 1520 1203; baseline 0 -14"><span class='ocrx_word' id='word_1_94' title='bbox 706 1144 813 1203; x_wconf 88' lang='lat' dir='ltr'><strong>Cap.</strong></span> <span class='ocrx_word' id='word_1_95' title='bbox 847 1157 909 1187; x_wconf 86' lang='lat'><strong>11.</strong></span> <span class='ocrx_word' id='word_1_96' title='bbox 960 1145 1025 1188; x_wconf 91' lang='lat' dir='ltr'><strong>De</strong></span> <span class='ocrx_word' id='word_1_97' title='bbox 1054 1143 1277 1202; x_wconf 76' lang='lat' dir='ltr'><strong>speciebus</strong></span> <span class='ocrx_word' id='word_1_98' title='bbox 1305 1143 1520 1201; x_wconf 72' lang='lat' dir='ltr'><strong>mayicae.</strong></span> 
     </span>
    </p>
   </div>
   <div class='ocr_carea' id='block_1_4' title="bbox 334 1225 1905 1630">
    <p class='ocr_par' dir='ltr' id='par_1_4' title="bbox 334 1225 1905 1630">
     <span class='ocr_line' id='line_1_15' title="bbox 435 1225 1847 1284; baseline 0.002 -17"><span class='ocrx_word' id='word_1_99' title='bbox 435 1226 577 1269; x_wconf 87' lang='lat' dir='ltr'><strong>Varro</strong></span> <span class='ocrx_word' id='word_1_100' title='bbox 609 1229 758 1269; x_wconf 87' lang='lat' dir='ltr'><strong>autem</strong></span> <span class='ocrx_word' id='word_1_101' title='bbox 798 1225 1119 1268; x_wconf 84' lang='lat' dir='ltr'><strong>curiosissimus</strong></span> <span class='ocrx_word' id='word_1_102' title='bbox 1159 1225 1277 1268; x_wconf 89' lang='lat' dir='ltr'><strong>inter</strong></span> <span class='ocrx_word' id='word_1_103' title='bbox 1315 1225 1599 1283; x_wconf 89' lang='lat' dir='ltr'><strong>philosophos</strong></span> <span class='ocrx_word' id='word_1_104' title='bbox 1633 1228 1847 1284; x_wconf 87' lang='lat' dir='ltr'><strong>quattuor</strong></span> 
     </span>
     <span class='ocr_line' id='line_1_16' title="bbox 377 1294 1905 1354; baseline 0 -16"><span class='ocrx_word' id='word_1_105' title='bbox 377 1295 542 1352; x_wconf 88' lang='lat' dir='ltr'><strong>species</strong></span> <span class='ocrx_word' id='word_1_106' title='bbox 561 1295 851 1338; x_wconf 89' lang='lat' dir='ltr'><strong>diuinationis</strong></span> <span class='ocrx_word' id='word_1_107' title='bbox 871 1295 928 1337; x_wconf 89' lang='lat' dir='ltr'><strong>ab</strong></span> <span class='ocrx_word' id='word_1_108' title='bbox 948 1294 1177 1337; x_wconf 90' lang='lat' dir='ltr'><strong>elementis</strong></span> <span class='ocrx_word' id='word_1_109' title='bbox 1192 1298 1426 1338; x_wconf 89' lang='lat' dir='ltr'><strong>mutuatus</strong></span> <span class='ocrx_word' id='word_1_110' title='bbox 1441 1298 1519 1346; x_wconf 89' lang='lat' dir='ltr'><strong>est,</strong></span> <span class='ocrx_word' id='word_1_111' title='bbox 1531 1295 1846 1353; x_wconf 87' lang='lat' dir='ltr'><strong>piromantiam</strong></span> <span class='ocrx_word' id='word_1_112' title='bbox 1866 1320 1905 1354; x_wconf 85' lang='lat'><strong>15</strong></span> 
     </span>
     <span class='ocr_line' id='line_1_17' title="bbox 334 1364 1846 1422; baseline 0.001 -15"><span class='ocrx_word' id='word_1_113' title='bbox 334 1375 361 1405; x_wconf 83' lang='lat' dir='ltr'><strong>c</strong></span> <span class='ocrx_word' id='word_1_114' title='bbox 378 1365 554 1415; x_wconf 87' lang='lat' dir='ltr'><strong>scilicet,</strong></span> <span class='ocrx_word' id='word_1_115' title='bbox 588 1365 908 1417; x_wconf 87' lang='lat' dir='ltr'><strong>aerimantiam,</strong></span> <span class='ocrx_word' id='word_1_116' title='bbox 938 1364 1280 1421; x_wconf 89' lang='lat' dir='ltr'><strong>ydromantiam‚</strong></span> <span class='ocrx_word' id='word_1_117' title='bbox 1311 1368 1356 1407; x_wconf 90' lang='lat' dir='ltr'><strong>et</strong></span> <span class='ocrx_word' id='word_1_118' title='bbox 1389 1365 1700 1422; x_wconf 88' lang='lat' dir='ltr'><strong>geomantiam,</strong></span> <span class='ocrx_word' id='word_1_119' title='bbox 1732 1365 1846 1408; x_wconf 91' lang='lat' dir='ltr'><strong>mul—</strong></span> 
     </span>
     <span class='ocr_line' id='line_1_18' title="bbox 378 1434 1847 1491; baseline 0.001 -14"><span class='ocrx_word' id='word_1_120' title='bbox 378 1438 534 1491; x_wconf 80' lang='lat' dir='ltr'><strong>tasque</strong></span> <span class='ocrx_word' id='word_1_121' title='bbox 560 1434 724 1491; x_wconf 90' lang='lat' dir='ltr'><strong>species</strong></span> <span class='ocrx_word' id='word_1_122' title='bbox 751 1434 923 1476; x_wconf 90' lang='lat' dir='ltr'><strong>uidebis</strong></span> <span class='ocrx_word' id='word_1_123' title='bbox 950 1449 1006 1476; x_wconf 80' lang='lat' dir='ltr'><strong>ex</strong></span> <span class='ocrx_word' id='word_1_124' title='bbox 1033 1434 1103 1476; x_wconf 91' lang='lat' dir='ltr'><strong>his</strong></span> <span class='ocrx_word' id='word_1_125' title='bbox 1127 1434 1348 1491; x_wconf 85' lang='lat' dir='ltr'><strong>capitibus</strong></span> <span class='ocrx_word' id='word_1_126' title='bbox 1377 1434 1608 1491; x_wconf 76' lang='lat' dir='ltr'><strong>pullulare,</strong></span> <span class='ocrx_word' id='word_1_127' title='bbox 1628 1434 1723 1478; x_wconf 90' lang='lat' dir='ltr'><strong>siue</strong></span> <span class='ocrx_word' id='word_1_128' title='bbox 1749 1437 1847 1478; x_wconf 87' lang='lat' dir='ltr'><strong>arte</strong></span> 
     </span>
     <span class='ocr_line' id='line_1_19' title="bbox 377 1503 1846 1562; baseline 0.001 -17"><span class='ocrx_word' id='word_1_129' title='bbox 377 1504 471 1546; x_wconf 87' lang='lat' dir='ltr'><strong>siue</strong></span> <span class='ocrx_word' id='word_1_130' title='bbox 498 1503 647 1546; x_wconf 82' lang='lat' dir='ltr'><strong>furore</strong></span> <span class='ocrx_word' id='word_1_131' title='bbox 674 1503 893 1562; x_wconf 83' lang='lat' dir='ltr'><strong>diuinatio</strong></span> <span class='ocrx_word' id='word_1_132' title='bbox 929 1506 1180 1560; x_wconf 86' lang='lat' dir='ltr'><strong>peragatur,</strong></span> <span class='ocrx_word' id='word_1_133' title='bbox 1217 1517 1406 1560; x_wconf 90' lang='lat' dir='ltr'><strong>quarum</strong></span> <span class='ocrx_word' id='word_1_134' title='bbox 1438 1503 1620 1546; x_wconf 90' lang='lat' dir='ltr'><strong>nomina</strong></span> <span class='ocrx_word' id='word_1_135' title='bbox 1654 1503 1846 1561; x_wconf 85' lang='lat' dir='ltr'><strong>exempli</strong></span> 
     </span>
     <span class='ocr_line' id='line_1_20' title="bbox 377 1573 1038 1630; baseline 0.002 -14"><span class='ocrx_word' id='word_1_136' title='bbox 377 1588 510 1616; x_wconf 87' lang='lat' dir='ltr'><strong>causa</strong></span> <span class='ocrx_word' id='word_1_137' title='bbox 539 1573 610 1615; x_wconf 91' lang='lat' dir='ltr'><strong>uel</strong></span> <span class='ocrx_word' id='word_1_138' title='bbox 641 1587 782 1630; x_wconf 89' lang='lat' dir='ltr'><strong>pauca</strong></span> <span class='ocrx_word' id='word_1_139' title='bbox 812 1573 1038 1618; x_wconf 86' lang='lat' dir='ltr'><strong>subiciam.</strong></span> 
     </span>
    </p>
   </div>
   <div class='ocr_carea' id='block_1_5' title="bbox 376 1687 1910 2174">
    <p class='ocr_par' dir='ltr' id='par_1_5' title="bbox 378 1687 1910 1885">
     <span class='ocr_line' id='line_1_21' title="bbox 378 1687 1910 1746; baseline -0.003 -14"><span class='ocrx_word' id='word_1_140' title='bbox 378 1687 486 1746; x_wconf 87' lang='lat' dir='ltr'><strong>Cap.</strong></span> <span class='ocrx_word' id='word_1_141' title='bbox 523 1701 585 1732; x_wconf 85' lang='lat'><strong>12.</strong></span> <span class='ocrx_word' id='word_1_142' title='bbox 646 1687 737 1741; x_wconf 82' lang='lat' dir='ltr'><strong>Qui</strong></span> <span class='ocrx_word' id='word_1_143' title='bbox 766 1688 860 1731; x_wconf 76' lang='lat' dir='ltr'><strong>sint</strong></span> <span class='ocrx_word' id='word_1_144' title='bbox 886 1688 1204 1739; x_wconf 61' lang='lat' dir='ltr'><strong>incantatores,</strong></span> <span class='ocrx_word' id='word_1_145' title='bbox 1232 1688 1387 1741; x_wconf 82' lang='lat' dir='ltr'><strong>arioli,</strong></span> <span class='ocrx_word' id='word_1_146' title='bbox 1414 1688 1654 1745; x_wconf 79' lang='lat' dir='ltr'><strong>aruspices,</strong></span> <span class='ocrx_word' id='word_1_147' title='bbox 1676 1687 1845 1746; x_wconf 75' lang='lat' dir='ltr'><strong>phycii‚</strong></span> <span class='ocrx_word' id='word_1_148' title='bbox 1865 1703 1910 1728; x_wconf 66' lang='grc' dir='ltr'><strong>πο</strong></span> 
     </span>
     <span class='ocr_line' id='line_1_22' title="bbox 492 1757 1846 1815; baseline 0.001 -14"><span class='ocrx_word' id='word_1_149' title='bbox 492 1757 729 1807; x_wconf 75' lang='lat' dir='ltr'><strong>uultiuoli,</strong></span> <span class='ocrx_word' id='word_1_150' title='bbox 743 1757 1038 1813; x_wconf 73' lang='lat' dir='ltr'><strong>imayinarii,</strong></span> <span class='ocrx_word' id='word_1_151' title='bbox 1059 1757 1330 1811; x_wconf 73' lang='lat' dir='ltr'><strong>coniectores,</strong></span> <span class='ocrx_word' id='word_1_152' title='bbox 1350 1757 1681 1809; x_wconf 72' lang='lat' dir='ltr'><strong>chiromantici,</strong></span> <span class='ocrx_word' id='word_1_153' title='bbox 1696 1772 1846 1815; x_wconf 76' lang='lat' dir='ltr'><strong>specu·</strong></span> 
     </span>
     <span class='ocr_line' id='line_1_23' title="bbox 493 1826 1732 1885; baseline 0.002 -16"><span class='ocrx_word' id='word_1_154' title='bbox 493 1827 622 1878; x_wconf 83' lang='lat' dir='ltr'><strong>larii,</strong></span> <span class='ocrx_word' id='word_1_155' title='bbox 642 1826 962 1879; x_wconf 73' lang='lat' dir='ltr'><strong>mathematici,</strong></span> <span class='ocrx_word' id='word_1_156' title='bbox 982 1827 1267 1878; x_wconf 78' lang='lat' dir='ltr'><strong>salissatores,</strong></span> <span class='ocrx_word' id='word_1_157' title='bbox 1287 1826 1499 1884; x_wconf 66' lang='lat' dir='ltr'><strong>sortilegi,</strong></span> <span class='ocrx_word' id='word_1_158' title='bbox 1521 1842 1732 1885; x_wconf 72' lang='lat' dir='ltr'><strong>auyures.</strong></span> 
     </span>
    </p>

    <p class='ocr_par' dir='ltr' id='par_1_6' title="bbox 435 1907 1848 2035">
     <span class='ocr_line' id='line_1_24' title="bbox 435 1907 1748 1964; baseline 0.001 -13"><span class='ocrx_word' id='word_1_159' title='bbox 435 1907 742 1951; x_wconf 86' lang='lat' dir='ltr'><strong>Incantatores</strong></span> <span class='ocrx_word' id='word_1_160' title='bbox 762 1907 939 1963; x_wconf 88' lang='lat' dir='ltr'><strong>quidem</strong></span> <span class='ocrx_word' id='word_1_161' title='bbox 961 1910 1078 1960; x_wconf 87' lang='lat' dir='ltr'><strong>sunt,</strong></span> <span class='ocrx_word' id='word_1_162' title='bbox 1099 1908 1175 1964; x_wconf 91' lang='lat' dir='ltr'><strong>qui</strong></span> <span class='ocrx_word' id='word_1_163' title='bbox 1197 1911 1338 1951; x_wconf 86' lang='lat' dir='ltr'><strong>artem</strong></span> <span class='ocrx_word' id='word_1_164' title='bbox 1359 1908 1509 1951; x_wconf 87' lang='lat' dir='ltr'><strong>uerbis</strong></span> <span class='ocrx_word' id='word_1_165' title='bbox 1529 1911 1748 1952; x_wconf 85' lang='lat' dir='ltr'><strong>exercent.</strong></span> 
     </span>
     <span class='ocr_line' id='line_1_25' title="bbox 436 1976 1848 2035; baseline 0.001 -16"><span class='ocrx_word' id='word_1_166' title='bbox 436 1977 590 2029; x_wconf 89' lang='lat' dir='ltr'><strong>Arioli,</strong></span> <span class='ocrx_word' id='word_1_167' title='bbox 635 1977 711 2033; x_wconf 91' lang='lat' dir='ltr'><strong>qui</strong></span> <span class='ocrx_word' id='word_1_168' title='bbox 761 1977 876 2019; x_wconf 87' lang='lat' dir='ltr'><strong>circa</strong></span> <span class='ocrx_word' id='word_1_169' title='bbox 925 1991 1025 2020; x_wconf 90' lang='lat' dir='ltr'><strong>aras</strong></span> <span class='ocrx_word' id='word_1_170' title='bbox 1075 1976 1270 2021; x_wconf 81' lang='lat' dir='ltr'><strong>nefarias</strong></span> <span class='ocrx_word' id='word_1_171' title='bbox 1319 1992 1468 2035; x_wconf 89' lang='lat' dir='ltr'><strong>preces</strong></span> <span class='ocrx_word' id='word_1_172' title='bbox 1513 1980 1593 2021; x_wconf 93' lang='lat' dir='ltr'><strong>aut</strong></span> <span class='ocrx_word' id='word_1_173' title='bbox 1642 1981 1848 2021; x_wconf 85' lang='lat' dir='ltr'><strong>execrata</strong></span> 
     </span>
    </p>

    <p class='ocr_par' dir='ltr' id='par_1_7' title="bbox 376 2046 1907 2107">
     <span class='ocr_line' id='line_1_26' title="bbox 376 2046 1907 2107; baseline 0 -17"><span class='ocrx_word' id='word_1_174' title='bbox 376 2046 590 2090; x_wconf 82' lang='lat' dir='ltr'><strong>sacrificia</strong></span> <span class='ocrx_word' id='word_1_175' title='bbox 609 2046 794 2095; x_wconf 75' lang='lat' dir='ltr'><strong>faciunt,</strong></span> <span class='ocrx_word' id='word_1_176' title='bbox 815 2046 860 2088; x_wconf 91' lang='lat' dir='ltr'><strong>in</strong></span> <span class='ocrx_word' id='word_1_177' title='bbox 886 2061 1074 2103; x_wconf 87' lang='lat' dir='ltr'><strong>quorum</strong></span> <span class='ocrx_word' id='word_1_178' title='bbox 1101 2047 1347 2090; x_wconf 88' lang='lat' dir='ltr'><strong>ceruicibus</strong></span> <span class='ocrx_word' id='word_1_179' title='bbox 1374 2050 1442 2090; x_wconf 88' lang='lat' dir='ltr'><strong>est</strong></span> <span class='ocrx_word' id='word_1_180' title='bbox 1469 2061 1627 2089; x_wconf 90' lang='lat' dir='ltr'><strong>manus</strong></span> <span class='ocrx_word' id='word_1_181' title='bbox 1653 2046 1846 2099; x_wconf 92' lang='lat' dir='ltr'><strong>Domini,</strong></span> <span class='ocrx_word' id='word_1_182' title='bbox 1866 2072 1907 2107; x_wconf 73' lang='lat'><strong>‚5</strong></span> 
     </span>
    </p>

    <p class='ocr_par' dir='ltr' id='par_1_8' title="bbox 376 2115 1754 2174">
     <span class='ocr_line' id='line_1_27' title="bbox 376 2115 1754 2174; baseline 0.001 -15"><span class='ocrx_word' id='word_1_183' title='bbox 376 2117 550 2159; x_wconf 85' lang='lat' dir='ltr'><strong>dicente</strong></span> <span class='ocrx_word' id='word_1_184' title='bbox 571 2116 808 2173; x_wconf 81' lang='lat' dir='ltr'><strong>propheta:</strong></span> <span class='ocrx_word' id='word_1_185' title='bbox 840 2115 1015 2158; x_wconf 87' lang='lat' dir='ltr'><strong>Ariolos</strong></span> <span class='ocrx_word' id='word_1_186' title='bbox 1037 2119 1082 2159; x_wconf 90' lang='lat' dir='ltr'><strong>et</strong></span> <span class='ocrx_word' id='word_1_187' title='bbox 1102 2131 1255 2174; x_wconf 87' lang='lat' dir='ltr'><strong>magos</strong></span> <span class='ocrx_word' id='word_1_188' title='bbox 1275 2131 1364 2159; x_wconf 90' lang='lat' dir='ltr'><strong>non</strong></span> <span class='ocrx_word' id='word_1_189' title='bbox 1385 2116 1568 2174; x_wconf 88' lang='lat' dir='ltr'><strong>patieris</strong></span> <span class='ocrx_word' id='word_1_190' title='bbox 1589 2116 1754 2161; x_wconf 85' lang='lat' dir='ltr'><strong>uiuere.</strong></span> 
     </span>
    </p>
   </div>
   <div class='ocr_carea' id='block_1_6' title="bbox 374 2222 1847 2364">
    <p class='ocr_par' dir='ltr' id='par_1_9' title="bbox 374 2222 1847 2364">
     <span class='ocr_line' id='line_1_28' title="bbox 375 2222 1847 2278; baseline 0.001 -17"><span class='ocrx_word' id='word_1_191' title='bbox 375 2235 396 2261; x_wconf 85' lang='lat'>2</span> <span class='ocrx_word' id='word_1_192' title='bbox 423 2224 569 2261; x_wconf 72' lang='lat' dir='ltr'><strong>somnia</strong></span> <span class='ocrx_word' id='word_1_193' title='bbox 587 2222 645 2259; x_wconf 88' lang='lat' dir='ltr'><strong>BS</strong></span> <span class='ocrx_word' id='word_1_194' title='bbox 813 2233 832 2268; x_wconf 91' lang='lat'>7</span> <span class='ocrx_word' id='word_1_195' title='bbox 858 2223 1005 2260; x_wconf 77' lang='lat' dir='ltr'><strong>iamnes</strong></span> <span class='ocrx_word' id='word_1_196' title='bbox 1024 2223 1097 2258; x_wconf 78' lang='lat' dir='ltr'><strong>AM</strong></span> <span class='ocrx_word' id='word_1_197' title='bbox 1269 2234 1310 2268; x_wconf 85' lang='grc'>14</span> <span class='ocrx_word' id='word_1_198' title='bbox 1336 2223 1593 2278; x_wconf 81' lang='lat' dir='ltr'><strong>phylosophos</strong></span> <span class='ocrx_word' id='word_1_199' title='bbox 1610 2224 1637 2260; x_wconf 87' lang='lat' dir='ltr'>C</span> <span class='ocrx_word' id='word_1_200' title='bbox 1803 2226 1847 2262; x_wconf 85' lang='lat'><strong>16</strong></span> 
     </span>
     <span class='ocr_line' id='line_1_29' title="bbox 376 2269 1845 2318; baseline 0.001 -10"><span class='ocrx_word' id='word_1_201' title='bbox 376 2271 646 2308; x_wconf 69' lang='lat' dir='ltr'><strong>idn-ornantium</strong></span> <span class='ocrx_word' id='word_1_202' title='bbox 666 2269 704 2306; x_wconf 89' lang='grc' dir='ltr'><strong>Μ</strong></span> <span class='ocrx_word' id='word_1_203' title='bbox 888 2282 936 2307; x_wconf 91' lang='grc' dir='ltr'><strong>2ο</strong></span> <span class='ocrx_word' id='word_1_204' title='bbox 960 2271 1058 2315; x_wconf 86' lang='lat' dir='ltr'><strong>Quid</strong></span> <span class='ocrx_word' id='word_1_205' title='bbox 1077 2270 1155 2307; x_wconf 79' lang='lat' dir='ltr'><strong>sint</strong></span> <span class='ocrx_word' id='word_1_206' title='bbox 1172 2270 1441 2315; x_wconf 82' lang='lat' dir='ltr'><strong>incantatores,</strong></span> <span class='ocrx_word' id='word_1_207' title='bbox 1459 2271 1579 2315; x_wconf 73' lang='lat' dir='ltr'><strong>arioli,</strong></span> <span class='ocrx_word' id='word_1_208' title='bbox 1597 2271 1788 2318; x_wconf 81' lang='lat' dir='ltr'><strong>aruspices</strong></span> <span class='ocrx_word' id='word_1_209' title='bbox 1805 2274 1845 2309; x_wconf 84' lang='lat' dir='ltr'><strong>et</strong></span> 
     </span>
     <span class='ocr_line' id='line_1_30' title="bbox 374 2318 1845 2364; baseline 0 -8"><span class='ocrx_word' id='word_1_210' title='bbox 374 2319 599 2356; x_wconf 79' lang='lat' dir='ltr'><strong>huiusmodi.</strong></span> <span class='ocrx_word' id='word_1_211' title='bbox 653 2318 677 2354; x_wconf 89' lang='lat' dir='ltr'>S</span> <span class='ocrx_word' id='word_1_212' title='bbox 696 2320 734 2353; x_wconf 73' lang='lat' dir='ltr'><strong>in</strong></span> <span class='ocrx_word' id='word_1_213' title='bbox 753 2319 899 2355; x_wconf 75' lang='lat' dir='ltr'><strong>rubrica</strong></span> <span class='ocrx_word' id='word_1_214' title='bbox 917 2331 992 2364; x_wconf 82' lang='lat' dir='ltr'><strong>cap.</strong></span> <span class='ocrx_word' id='word_1_215' title='bbox 1006 2322 1179 2364; x_wconf 64' lang='lat' dir='ltr'><strong>praefixa</strong></span> <span class='ocrx_word' id='word_1_216' title='bbox 1324 2329 1364 2356; x_wconf 84' lang='lat'><strong>21</strong></span> <span class='ocrx_word' id='word_1_217' title='bbox 1386 2318 1578 2364; x_wconf 79' lang='lat' dir='ltr'><strong>uultiuoli]</strong></span> <span class='ocrx_word' id='word_1_218' title='bbox 1598 2319 1790 2356; x_wconf 86' lang='lat' dir='ltr'><strong>Multiuoli</strong></span> <span class='ocrx_word' id='word_1_219' title='bbox 1804 2319 1845 2356; x_wconf 87' lang='lat' dir='ltr'><strong>M</strong></span> 
     </span>
    </p>
   </div>
   <div class='ocr_carea' id='block_1_7' title="bbox 639 2385 808 2392">
    <p class='ocr_par' dir='ltr' id='par_1_10' title="bbox 639 2385 808 2392">
     <span class='ocr_line' id='line_1_31' title="bbox 639 2385 808 2392; baseline 0 0"><span class='ocrx_word' id='word_1_220' title='bbox 639 2385 808 2392; x_wconf 95' lang='lat' dir='ltr'><strong> </strong></span> 
     </span>
    </p>
   </div>
   <div class='ocr_carea' id='block_1_8' title="bbox 378 2385 638 2393">
    <p class='ocr_par' dir='ltr' id='par_1_11' title="bbox 378 2385 638 2393">
     <span class='ocr_line' id='line_1_32' title="bbox 378 2385 638 2393; baseline 0 0"><span class='ocrx_word' id='word_1_221' title='bbox 378 2385 638 2393; x_wconf 95' lang='lat' dir='ltr'><strong> </strong></span> 
     </span>
    </p>
   </div>
   <div class='ocr_carea' id='block_1_9' title="bbox 374 2421 1883 2850">
    <p class='ocr_par' dir='ltr' id='par_1_12' title="bbox 374 2421 1883 2850">
     <span class='ocr_line' id='line_1_33' title="bbox 375 2421 1847 2469; baseline -0.001 -8"><span class='ocrx_word' id='word_1_222' title='bbox 375 2436 408 2461; x_wconf 82' lang='lat' dir='ltr'><strong>c.</strong></span> <span class='ocrx_word' id='word_1_223' title='bbox 434 2435 473 2469; x_wconf 84' lang='lat'><strong>¹4</strong></span> <span class='ocrx_word' id='word_1_224' title='bbox 493 2423 564 2461; x_wconf 80' lang='lat' dir='ltr'><strong>(ed.</strong></span> <span class='ocrx_word' id='word_1_225' title='bbox 587 2422 799 2468; x_wconf 65' lang='lat' dir='ltr'><strong>Friodberg.</strong></span> <span class='ocrx_word' id='word_1_226' title='bbox 820 2422 843 2458; x_wconf 90' lang='lat' dir='ltr'><strong>i.</strong></span> <span class='ocrx_word' id='word_1_227' title='bbox 869 2422 975 2468; x_wconf 86' lang='lat'><strong>¹032)</strong></span> <span class='ocrx_word' id='word_1_228' title='bbox 995 2422 1095 2458; x_wconf 87' lang='lat' dir='ltr'><strong>Ivon.</strong></span> <span class='ocrx_word' id='word_1_229' title='bbox 1116 2421 1268 2458; x_wconf 72' lang='lat' dir='ltr'><strong>Carnot.</strong></span> <span class='ocrx_word' id='word_1_230' title='bbox 1289 2424 1424 2459; x_wconf 79' lang='lat' dir='ltr'><strong>Decret.</strong></span> <span class='ocrx_word' id='word_1_231' title='bbox 1445 2421 1495 2458; x_wconf 91' lang='lat' dir='ltr'><strong>xi.</strong></span> <span class='ocrx_word' id='word_1_232' title='bbox 1516 2423 1571 2467; x_wconf 91' lang='lat'><strong>67.</strong></span> <span class='ocrx_word' id='word_1_233' title='bbox 1697 2432 1714 2469; x_wconf 85' lang='lat'><strong>5</strong></span> <span class='ocrx_word' id='word_1_234' title='bbox 1742 2424 1847 2460; x_wconf 73' lang='lat' dir='ltr'><strong>Mem</strong></span> 
     </span>
     <span class='ocr_line' id='line_1_34' title="bbox 375 2470 1842 2516; baseline 0 -9"><span class='ocrx_word' id='word_1_235' title='bbox 375 2474 471 2507; x_wconf 69' lang='lat' dir='ltr'><strong>eta:</strong></span> <span class='ocrx_word' id='word_1_236' title='bbox 499 2471 634 2507; x_wconf 81' lang='lat' dir='ltr'><strong>Lucan.</strong></span> <span class='ocrx_word' id='word_1_237' title='bbox 656 2472 782 2506; x_wconf 70' lang='lat' dir='ltr'><strong>Pharo.</strong></span> <span class='ocrx_word' id='word_1_238' title='bbox 801 2470 844 2506; x_wconf 90' lang='lat' dir='ltr'><strong>vi.</strong></span> <span class='ocrx_word' id='word_1_239' title='bbox 864 2479 945 2516; x_wconf 75' lang='lat'><strong>457,</strong></span> <span class='ocrx_word' id='word_1_240' title='bbox 964 2482 1022 2515; x_wconf 74' lang='lat' dir='ltr'><strong>ap.</strong></span> <span class='ocrx_word' id='word_1_241' title='bbox 1046 2470 1129 2505; x_wconf 75' lang='lat' dir='ltr'><strong>laid.</strong></span> <span class='ocrx_word' id='word_1_242' title='bbox 1150 2471 1212 2505; x_wconf 81' lang='lat' dir='ltr'><strong>loc.</strong></span> <span class='ocrx_word' id='word_1_243' title='bbox 1233 2471 1291 2506; x_wconf 74' lang='lat' dir='ltr'><strong>cit.</strong></span> <span class='ocrx_word' id='word_1_244' title='bbox 1388 2479 1407 2515; x_wconf 95' lang='lat'>7</span> <span class='ocrx_word' id='word_1_245' title='bbox 1434 2472 1568 2506; x_wconf 60' lang='lat' dir='ltr'><strong>lemnes</strong></span> <span class='ocrx_word' id='word_1_246' title='bbox 1585 2472 1681 2507; x_wconf 40' lang='lat' dir='ltr'><strong>etc*</strong></span> <span class='ocrx_word' id='word_1_247' title='bbox 1709 2481 1729 2507; x_wconf 88' lang='grc'><strong>2</strong></span> <span class='ocrx_word' id='word_1_248' title='bbox 1747 2470 1842 2507; x_wconf 87' lang='lat' dir='ltr'><strong>Tim.</strong></span> 
     </span>
     <span class='ocr_line' id='line_1_35' title="bbox 375 2516 1883 2565; baseline 0 -11"><span class='ocrx_word' id='word_1_249' title='bbox 375 2518 429 2555; x_wconf 87' lang='lat' dir='ltr'><strong>iii.</strong></span> <span class='ocrx_word' id='word_1_250' title='bbox 449 2520 492 2561; x_wconf 83' lang='lat'><strong>8;</strong></span> <span class='ocrx_word' id='word_1_251' title='bbox 522 2518 604 2554; x_wconf 79' lang='lat' dir='ltr'><strong>vido</strong></span> <span class='ocrx_word' id='word_1_252' title='bbox 627 2517 739 2554; x_wconf 71' lang='lat' dir='ltr'><strong>Exod.</strong></span> <span class='ocrx_word' id='word_1_253' title='bbox 760 2517 820 2553; x_wconf 87' lang='lat' dir='ltr'><strong>vii.</strong></span> <span class='ocrx_word' id='word_1_254' title='bbox 843 2528 875 2553; x_wconf 87' lang='grc' dir='ltr'><strong>ιι</strong></span> <span class='ocrx_word' id='word_1_255' title='bbox 895 2530 1016 2563; x_wconf 82' lang='lat' dir='ltr'><strong>seqq.;</strong></span> <span class='ocrx_word' id='word_1_256' title='bbox 1034 2517 1080 2553; x_wconf 83' lang='lat' dir='ltr'><strong>cf.</strong></span> <span class='ocrx_word' id='word_1_257' title='bbox 1099 2517 1182 2553; x_wconf 67' lang='lat' dir='ltr'><strong>laid.</strong></span> <span class='ocrx_word' id='word_1_258' title='bbox 1201 2519 1295 2562; x_wconf 72' lang='lat' dir='ltr'><strong>oriq.</strong></span> <span class='ocrx_word' id='word_1_259' title='bbox 1311 2516 1387 2553; x_wconf 84' lang='lat' dir='ltr'><strong>viii.</strong></span> <span class='ocrx_word' id='word_1_260' title='bbox 1408 2528 1430 2563; x_wconf 93' lang='lat'>9</span> <span class='ocrx_word' id='word_1_261' title='bbox 1449 2516 1466 2564; x_wconf 67' lang='grc' dir='ltr'><strong>ξ</strong></span> <span class='ocrx_word' id='word_1_262' title='bbox 1486 2528 1519 2563; x_wconf 88' lang='lat'><strong>4.</strong></span> <span class='ocrx_word' id='word_1_263' title='bbox 1624 2520 1644 2554; x_wconf 91' lang='lat'>8</span> <span class='ocrx_word' id='word_1_264' title='bbox 1662 2519 1845 2565; x_wconf 79' lang='lat' dir='ltr'><strong>Eyyptus:</strong></span> <span class='ocrx_word' id='word_1_265' title='bbox 1879 2520 1883 2525; x_wconf 87' lang='grc'><em>“</em></span> 
     </span>
     <span class='ocr_line' id='line_1_36' title="bbox 376 2564 1847 2611; baseline -0.001 -9"><span class='ocrx_word' id='word_1_266' title='bbox 376 2566 422 2602; x_wconf 81' lang='lat' dir='ltr'><strong>cs.</strong></span> <span class='ocrx_word' id='word_1_267' title='bbox 443 2565 544 2609; x_wconf 60' lang='lat' dir='ltr'><strong>Oria.</strong></span> <span class='ocrx_word' id='word_1_268' title='bbox 566 2567 668 2601; x_wconf 86' lang='lat' dir='ltr'><strong>Hom.</strong></span> <span class='ocrx_word' id='word_1_269' title='bbox 690 2578 716 2601; x_wconf 73' lang='lat' dir='ltr'><strong>c.</strong></span> <span class='ocrx_word' id='word_1_270' title='bbox 736 2568 774 2601; x_wconf 76' lang='lat' dir='ltr'><strong>in</strong></span> <span class='ocrx_word' id='word_1_271' title='bbox 791 2567 901 2600; x_wconf 70' lang='lat' dir='ltr'><strong>Josuc</strong></span> <span class='ocrx_word' id='word_1_272' title='bbox 919 2577 968 2608; x_wconf 85' lang='lat' dir='ltr'><strong>v.;</strong></span> <span class='ocrx_word' id='word_1_273' title='bbox 997 2566 1131 2600; x_wconf 65' lang='lat' dir='ltr'><strong>Deera.</strong></span> <span class='ocrx_word' id='word_1_274' title='bbox 1154 2564 1200 2599; x_wconf 89' lang='lat'><strong>11.</strong></span> <span class='ocrx_word' id='word_1_275' title='bbox 1223 2564 1333 2600; x_wconf 86' lang='lat' dir='ltr'><strong>xxvii.</strong></span> <span class='ocrx_word' id='word_1_276' title='bbox 1351 2575 1371 2600; x_wconf 88' lang='grc'><strong>2</strong></span> <span class='ocrx_word' id='word_1_277' title='bbox 1391 2577 1421 2601; x_wconf 92' lang='lat' dir='ltr'><strong>c.</strong></span> <span class='ocrx_word' id='word_1_278' title='bbox 1442 2575 1474 2609; x_wconf 88' lang='lat'><strong>9.</strong></span> <span class='ocrx_word' id='word_1_279' title='bbox 1624 2576 1663 2601; x_wconf 86' lang='lat'><strong>12</strong></span> <span class='ocrx_word' id='word_1_280' title='bbox 1691 2567 1847 2611; x_wconf 70' lang='lat' dir='ltr'><strong>diqitum</strong></span> 
     </span>
     <span class='ocr_line' id='line_1_37' title="bbox 378 2612 1845 2667; baseline 0 -17"><span class='ocrx_word' id='word_1_281' title='bbox 378 2615 447 2650; x_wconf 68' lang='lat' dir='ltr'><strong>Des</strong></span> <span class='ocrx_word' id='word_1_282' title='bbox 463 2617 533 2649; x_wconf 81' lang='lat' dir='ltr'><strong>etc.</strong></span> <span class='ocrx_word' id='word_1_283' title='bbox 553 2625 559 2647; x_wconf 79' lang='grc' dir='ltr'><em>τ</em></span> <span class='ocrx_word' id='word_1_284' title='bbox 589 2612 702 2649; x_wconf 75' lang='lat' dir='ltr'><strong>ond.</strong></span> <span class='ocrx_word' id='word_1_285' title='bbox 723 2612 797 2648; x_wconf 84' lang='lat' dir='ltr'><strong>viii.</strong></span> <span class='ocrx_word' id='word_1_286' title='bbox 825 2623 874 2667; x_wconf 82' lang='lat'><strong>19.</strong></span> <span class='ocrx_word' id='word_1_287' title='bbox 1021 2622 1060 2656; x_wconf 84' lang='lat'><strong>¹3</strong></span> <span class='ocrx_word' id='word_1_288' title='bbox 1091 2614 1143 2647; x_wconf 80' lang='lat' dir='ltr'><strong>De</strong></span> <span class='ocrx_word' id='word_1_289' title='bbox 1159 2613 1340 2658; x_wconf 71' lang='lat' dir='ltr'><strong>speciebus</strong></span> <span class='ocrx_word' id='word_1_290' title='bbox 1357 2614 1535 2656; x_wconf 70' lang='lat' dir='ltr'><strong>maqicat‘:</strong></span> <span class='ocrx_word' id='word_1_291' title='bbox 1561 2613 1607 2649; x_wconf 82' lang='lat' dir='ltr'><strong>cf.</strong></span> <span class='ocrx_word' id='word_1_292' title='bbox 1628 2624 1714 2649; x_wconf 84' lang='lat' dir='ltr'><strong>cum</strong></span> <span class='ocrx_word' id='word_1_293' title='bbox 1733 2625 1845 2660; x_wconf 83' lang='lat' dir='ltr'><strong>capp.</strong></span> 
     </span>
     <span class='ocr_line' id='line_1_38' title="bbox 382 2658 1845 2707; baseline -0.001 -10"><span class='ocrx_word' id='word_1_294' title='bbox 382 2671 433 2702; x_wconf 87' lang='grc'><strong>11.</strong></span> <span class='ocrx_word' id='word_1_295' title='bbox 458 2671 496 2697; x_wconf 85' lang='grc'><strong>12</strong></span> <span class='ocrx_word' id='word_1_296' title='bbox 525 2661 668 2707; x_wconf 76' lang='lat' dir='ltr'><strong>lingon.</strong></span> <span class='ocrx_word' id='word_1_297' title='bbox 689 2661 732 2695; x_wconf 74' lang='lat' dir='ltr'><strong>de</strong></span> <span class='ocrx_word' id='word_1_298' title='bbox 752 2663 789 2696; x_wconf 71' lang='lat' dir='ltr'><strong>S.</strong></span> <span class='ocrx_word' id='word_1_299' title='bbox 810 2660 960 2695; x_wconf 69' lang='lat' dir='ltr'><strong>Victore</strong></span> <span class='ocrx_word' id='word_1_300' title='bbox 978 2661 1092 2695; x_wconf 71' lang='lat' dir='ltr'><strong>Eruci.</strong></span> <span class='ocrx_word' id='word_1_301' title='bbox 1114 2661 1196 2695; x_wconf 77' lang='lat' dir='ltr'><strong>Did.</strong></span> <span class='ocrx_word' id='word_1_302' title='bbox 1212 2658 1258 2694; x_wconf 88' lang='lat' dir='ltr'><strong>vi.</strong></span> <span class='ocrx_word' id='word_1_303' title='bbox 1278 2669 1315 2705; x_wconf 83' lang='grc'>15</span> <span class='ocrx_word' id='word_1_304' title='bbox 1335 2659 1478 2706; x_wconf 82' lang='lat' dir='ltr'><strong>(Mignc</strong></span> <span class='ocrx_word' id='word_1_305' title='bbox 1494 2662 1534 2696; x_wconf 87' lang='lat' dir='ltr'><strong>P.</strong></span> <span class='ocrx_word' id='word_1_306' title='bbox 1548 2662 1590 2696; x_wconf 90' lang='lat' dir='ltr'><strong>L.</strong></span> <span class='ocrx_word' id='word_1_307' title='bbox 1603 2660 1845 2697; x_wconf 83' lang='lat' dir='ltr'><strong>clxxvi.810—</strong></span> 
     </span>
     <span class='ocr_line' id='line_1_39' title="bbox 376 2706 1846 2753; baseline 0 -9"><span class='ocrx_word' id='word_1_308' title='bbox 376 2711 475 2751; x_wconf 83' lang='grc'>812).</span> <span class='ocrx_word' id='word_1_309' title='bbox 636 2718 674 2753; x_wconf 76' lang='grc'>14</span> <span class='ocrx_word' id='word_1_310' title='bbox 710 2709 821 2743; x_wconf 74' lang='lat' dir='ltr'><strong>Varro</strong></span> <span class='ocrx_word' id='word_1_311' title='bbox 846 2711 939 2743; x_wconf 54' lang='lat' dir='ltr'><strong>cto:</strong></span> <span class='ocrx_word' id='word_1_312' title='bbox 971 2706 1052 2742; x_wconf 68' lang='lat' dir='ltr'><strong>laid.</strong></span> <span class='ocrx_word' id='word_1_313' title='bbox 1076 2709 1172 2752; x_wconf 75' lang='lat' dir='ltr'><strong><em>On&#39;y.</em></strong></span> <span class='ocrx_word' id='word_1_314' title='bbox 1192 2706 1266 2742; x_wconf 85' lang='lat' dir='ltr'><strong>viii.</strong></span> <span class='ocrx_word' id='word_1_315' title='bbox 1286 2718 1309 2753; x_wconf 92' lang='lat'>9</span> <span class='ocrx_word' id='word_1_316' title='bbox 1336 2706 1353 2753; x_wconf 65' lang='grc' dir='ltr'><strong>ξ</strong></span> <span class='ocrx_word' id='word_1_317' title='bbox 1387 2718 1436 2753; x_wconf 88' lang='grc'>13.</span> <span class='ocrx_word' id='word_1_318' title='bbox 1604 2717 1643 2752; x_wconf 92' lang='grc'><strong>17</strong></span> <span class='ocrx_word' id='word_1_319' title='bbox 1671 2710 1748 2744; x_wconf 73' lang='lat' dir='ltr'><strong>siue</strong></span> <span class='ocrx_word' id='word_1_320' title='bbox 1769 2713 1846 2745; x_wconf 75' lang='lat' dir='ltr'><strong>aree</strong></span> 
     </span>
     <span class='ocr_line' id='line_1_40' title="bbox 374 2754 1844 2802; baseline 0.001 -11"><span class='ocrx_word' id='word_1_321' title='bbox 374 2758 609 2802; x_wconf 68' lang='lat' dir='ltr'><strong>ciueficrorc:</strong></span> <span class='ocrx_word' id='word_1_322' title='bbox 639 2755 721 2791; x_wconf 71' lang='lat' dir='ltr'><strong>laid.</strong></span> <span class='ocrx_word' id='word_1_323' title='bbox 741 2758 835 2800; x_wconf 64' lang='grc' dir='ltr'><strong>Θήῃ,</strong></span> <span class='ocrx_word' id='word_1_324' title='bbox 849 2754 923 2791; x_wconf 85' lang='lat' dir='ltr'><strong>viii.</strong></span> <span class='ocrx_word' id='word_1_325' title='bbox 940 2766 962 2800; x_wconf 91' lang='lat'>9</span> <span class='ocrx_word' id='word_1_326' title='bbox 978 2755 994 2799; x_wconf 59' lang='grc' dir='ltr'><strong>ξ</strong></span> <span class='ocrx_word' id='word_1_327' title='bbox 1015 2765 1064 2799; x_wconf 83' lang='grc'>14.</span> <span class='ocrx_word' id='word_1_328' title='bbox 1195 2765 1238 2799; x_wconf 87' lang='lat'><strong>23</strong></span> <span class='ocrx_word' id='word_1_329' title='bbox 1260 2756 1503 2790; x_wconf 77' lang='lat' dir='ltr'><strong>Incanmtores</strong></span> <span class='ocrx_word' id='word_1_330' title='bbox 1521 2757 1590 2791; x_wconf 88' lang='lat' dir='ltr'><strong>ctc.</strong></span> <span class='ocrx_word' id='word_1_331' title='bbox 1606 2768 1613 2791; x_wconf 91' lang='lat'><strong>:</strong></span> <span class='ocrx_word' id='word_1_332' title='bbox 1640 2755 1728 2792; x_wconf 86' lang='lat' dir='ltr'><strong>Isid.</strong></span> <span class='ocrx_word' id='word_1_333' title='bbox 1747 2757 1844 2802; x_wconf 71' lang='lat' dir='ltr'><strong>Om&#39;q.</strong></span> 
     </span>
     <span class='ocr_line' id='line_1_41' title="bbox 376 2801 1625 2850; baseline 0 -11"><span class='ocrx_word' id='word_1_334' title='bbox 376 2803 452 2839; x_wconf 79' lang='lat' dir='ltr'><strong>viii.</strong></span> <span class='ocrx_word' id='word_1_335' title='bbox 468 2815 500 2850; x_wconf 88' lang='lat'><strong>9.</strong></span> <span class='ocrx_word' id='word_1_336' title='bbox 553 2805 597 2840; x_wconf 85' lang='grc'><strong>26</strong></span> <span class='ocrx_word' id='word_1_337' title='bbox 615 2805 760 2840; x_wconf 72' lang='grc' dir='ltr'><em>Ανίοὶοο</em></span> <span class='ocrx_word' id='word_1_338' title='bbox 775 2809 806 2839; x_wconf 79' lang='lat' dir='ltr'><strong>ce</strong></span> <span class='ocrx_word' id='word_1_339' title='bbox 821 2815 940 2848; x_wconf 76' lang='lat' dir='ltr'><strong>mayos</strong></span> <span class='ocrx_word' id='word_1_340' title='bbox 957 2806 1049 2839; x_wconf 64' lang='lat' dir='ltr'><strong>cta:</strong></span> <span class='ocrx_word' id='word_1_341' title='bbox 1076 2814 1106 2837; x_wconf 87' lang='lat' dir='ltr'><strong>v.</strong></span> <span class='ocrx_word' id='word_1_342' title='bbox 1122 2802 1202 2838; x_wconf 87' lang='lat' dir='ltr'><strong>ch.</strong></span> <span class='ocrx_word' id='word_1_343' title='bbox 1223 2813 1280 2838; x_wconf 91' lang='lat' dir='ltr'><strong>xx.</strong></span> <span class='ocrx_word' id='word_1_344' title='bbox 1296 2804 1342 2845; x_wconf 83' lang='lat'><strong>6;</strong></span> <span class='ocrx_word' id='word_1_345' title='bbox 1363 2801 1477 2839; x_wconf 80' lang='lat' dir='ltr'><strong>Exod.</strong></span> <span class='ocrx_word' id='word_1_346' title='bbox 1494 2814 1553 2840; x_wconf 89' lang='lat' dir='ltr'><strong>xx.</strong></span> <span class='ocrx_word' id='word_1_347' title='bbox 1574 2805 1625 2839; x_wconf 86' lang='grc'>18.</span> 
     </span>
    </p>
   </div>
   <div class='ocr_carea' id='block_1_10' title="bbox 487 2884 531 2917">
    <p class='ocr_par' dir='ltr' id='par_1_13' title="bbox 487 2884 531 2917">
     <span class='ocr_line' id='line_1_42' title="bbox 487 2884 531 2917; baseline 0 -10"><span class='ocrx_word' id='word_1_348' title='bbox 487 2884 531 2917; x_wconf 66' lang='lat'><strong>50</strong></span> 
     </span>
    </p>
   </div>
  </div>
 </body>
</html>
