1994 3190
197 180 298 214 cAP.
314 167 415 229 xx1]
712 167 1149 214 POLICRATICVS
1678 179 1760 220 445
1777 169 1808 210 d

195 288 290 332 sine
329 289 628 332 mutabilitate
668 291 712 332 et
746 290 872 331 motu
906 287 968 331 sic
1002 287 1286 331 uniformiter
1319 287 1663 346 comprehendit,

195 360 248 400 ut
275 357 315 400 ei
341 372 420 400 nec
447 357 688 414 praeterita
713 359 944 399 transeant
973 371 1053 399 nec
1081 355 1236 399 futura
1262 358 1509 401 succedant.
1569 357 1663 400 Nec

194 426 356 468 mirum
386 426 467 469 hoc
494 426 541 468 in
568 426 818 468 eternitatis
844 427 979 475 statu,
1007 425 1093 467 nisi
1121 425 1225 481 quia
1252 427 1461 483 quicquid
1491 426 1553 468 ibi
1584 429 1663 476 est,

193 494 394 537 mirabile
421 498 500 545 est,
519 509 619 538 cum
647 498 693 537 et
720 494 767 536 in
794 494 921 536 nobis
949 493 1231 536 mutabilium
1263 498 1432 537 motum
1463 499 1508 537 et
1539 495 1662 538 festi-

154 581 174 616 5
193 563 397 606 nantium
431 578 608 607 cursum
648 563 928 620 aliquatenus
968 562 1196 619 quiescens
1234 564 1577 620 comprehendat
1617 579 1662 606 a-

191 635 377 689 spectus.
437 632 695 675 Intellectus
716 646 889 689 quoque
917 646 1009 675 rem
1038 646 1246 688 magnam
1270 632 1366 675 sine
1393 632 1663 676 distensione

192 705 238 745 et
272 701 367 744 sine
400 701 699 745 contractione
731 701 799 744 sui
833 716 926 744 rem
959 700 1174 744 modicam
1214 701 1550 757 contemplatur,
1584 717 1663 745 nec

191 769 286 812 loco
323 770 495 828 indiget
529 774 581 814 ut
612 770 768 814 localia
799 770 979 814 claudat
1013 773 1093 813 aut
1132 770 1377 827 spatiorum
1408 770 1663 813 interstitiis

192 841 245 882 ut
294 839 508 883 distantia
555 840 884 897 complectatur,
933 840 981 882 in
1034 854 1171 896 eoque
1220 842 1394 896 patrem
1443 839 1662 882 luminum

134 928 176 953 ιο
192 909 393 965 sequitur
421 909 498 952 sed
527 924 618 952 non
641 909 844 966 passibus
867 908 1030 966 aequis,
1050 923 1150 951 cum
1177 908 1248 951 hic
1276 908 1430 951 multis
1457 908 1530 951 ille
1559 923 1664 951 uero

191 978 370 1021 omnino
396 978 507 1020 nulli
537 978 679 1022 motui
705 978 923 1021 obnoxius
949 978 1020 1021 sit.
1081 977 1195 1022 Cum
1221 992 1328 1020 uero
1354 978 1533 1020 diuinae
1560 978 1663 1020 sim-

190 1047 404 1104 plicitatis
435 1051 637 1104 aspectus
671 1047 1013 1090 innumerabilia
1044 1047 1234 1097 claudat,
1263 1062 1354 1089 una
1385 1050 1563 1090 tantum
1596 1051 1664 1090 est

191 1118 238 1159 et
256 1116 490 1159 indiuidua
509 1117 761 1162 substantia
780 1117 1078 1174 praescientis,
1098 1116 1225 1173 eique
1246 1116 1541 1160 essentialiter
1560 1132 1662 1167 una,
1679 1126 1764 1172 446
1783 1135 1817 1165 a

190 1199 290 1230 cum
318 1186 402 1229 sibi
429 1186 490 1229 sit
515 1186 632 1229 idem
659 1201 752 1230 esse
776 1190 822 1230 et
847 1187 1092 1244 sapientem
1120 1200 1223 1229 esse.
1283 1186 1494 1242 Alioquin
1523 1187 1665 1243 fingat

132 1273 172 1308 15
193 1255 269 1312 qui
295 1258 453 1312 potest,
474 1256 573 1312 quis
596 1256 704 1299 haec
730 1256 906 1299 diuersa
932 1255 1224 1306 coniunxerit,
1244 1270 1324 1298 nec
1351 1255 1495 1312 prima
1515 1270 1663 1298 rerum

191 1324 389 1368 omnium
418 1339 551 1368 causa
580 1325 676 1376 erit,
706 1340 831 1382 quae,
861 1328 913 1368 ut
942 1325 1013 1375 sit,
1043 1325 1364 1368 coniunctionis
1394 1325 1663 1368 adminiculo

190 1396 301 1451 eget.
361 1392 602 1438 Creaturae
635 1409 742 1438 uero
781 1394 966 1438 scientia
1000 1394 1128 1452 longe
1168 1394 1358 1451 disparis
1396 1394 1663 1437 conditionis

189 1465 270 1506 est.
331 1462 520 1520 Spiritui
559 1463 776 1520 siquidem
817 1467 863 1506 et
902 1463 1076 1506 animae
1110 1478 1199 1506 non
1234 1467 1302 1507 est
1336 1464 1453 1506 idem
1488 1478 1581 1506 esse
1616 1467 1663 1506 et

190 1531 400 1575 scientem
431 1547 535 1583 esse,
564 1547 663 1576 cum
694 1533 844 1576 anima
870 1532 1013 1589 primo
1043 1533 1286 1575 affectionis
1313 1536 1437 1576 motu
1465 1533 1512 1575 in
1543 1533 1661 1575 uale-

132 1622 175 1647 πο
191 1615 315 1644 scens
343 1601 606 1658 disponatur
631 1602 689 1644 ad
718 1602 1014 1660 cognitionem
1044 1616 1203 1652 rerum,
1228 1616 1365 1659 eaque
1395 1602 1433 1645 si
1464 1602 1662 1645 radicata

191 1668 340 1722 fuerit,
360 1673 412 1714 ut
431 1674 511 1714 aut
530 1672 710 1714 omnino
733 1675 813 1714 aut
836 1671 931 1714 sine
953 1671 1117 1727 iniuria
1140 1674 1327 1714 naturae
1354 1672 1543 1714 conuelli
1571 1687 1661 1714 non

190 1739 340 1796 possit,
380 1740 538 1783 habitu
576 1755 659 1787 suo
703 1740 917 1784 informat
956 1740 1150 1783 animam
1198 1740 1394 1798 facitque
1437 1741 1660 1784 scientem.

191 1807 278 1852 Hic
303 1823 408 1866 ergo
431 1809 611 1852 habitus
638 1810 879 1853 rectissime
903 1809 1088 1853 scientia
1114 1810 1376 1866 appellatur,
1397 1810 1500 1853 licet
1527 1813 1572 1852 et
1592 1824 1662 1852 res

190 1877 411 1922 subiectae
440 1878 665 1921 interdum
689 1879 898 1922 scientiae
927 1879 1105 1922 nomine
1129 1883 1401 1922 censeantur.
1462 1879 1588 1921 Vnde
1616 1883 1662 1922 et

130 1966 172 2000 ²5
192 1946 386 1990 uicissim
424 1948 677 1991 nominibus
715 1948 933 1991 mutuatis
968 1948 1086 2005 quod
1125 1948 1258 1991 unius
1298 1952 1366 1991 est
1404 1949 1569 1992 transit
1603 1948 1660 1990 ad

191 2015 390 2060 alterum.
450 2016 524 2060 Sic
551 2017 706 2074 utique
735 2020 781 2060 et
810 2018 995 2061 scientia
1019 2018 1184 2060 dicitur
1209 2018 1363 2068 multa,
1382 2032 1482 2061 cum
1509 2021 1659 2061 tamen
1678 2026 1707 2064 b

188 2085 429 2129 multitudo
449 2101 596 2129 rerum
616 2087 765 2144 potius
785 2101 918 2143 quam
939 2087 1147 2130 scientiae
1163 2087 1233 2130 sit.
1293 2087 1342 2130 Si
1364 2102 1468 2144 ergo
1488 2088 1659 2144 sapien-

189 2154 279 2198 tiae
318 2154 401 2198 Dei
440 2155 714 2199 immensitas
754 2159 800 2199 et
839 2157 1099 2213 simplicitas
1144 2157 1417 2208 attendatur,
1456 2172 1547 2199 una
1593 2161 1661 2200 est

189 2223 376 2281 simplex
396 2227 442 2267 et
461 2225 716 2278 indiuidua3
746 2226 783 2268 si
811 2226 1133 2269 subiacentium
1161 2227 1403 2269 multitudo
1423 2227 1660 2284 multiplex

130 2313 174 2346 30
191 2295 257 2336 est
281 2296 326 2336 et
351 2293 651 2339 multiformis.
708 2295 781 2343 Sic
811 2296 946 2338 etiam
973 2296 1010 2338 si
1038 2296 1335 2339 substantiam
1362 2297 1554 2339 uolentis
1581 2300 1661 2339 aut

190 2363 383 2419 potentis
412 2377 500 2420 qua
525 2363 626 2406 uult
649 2368 728 2407 aut
755 2368 902 2422 potest
926 2365 1144 2416 attendas,
1167 2380 1258 2408 una
1287 2369 1355 2408 est
1382 2366 1590 2408 uoluntas
1615 2369 1661 2409 et

190 2433 397 2488 potestas.
456 2431 506 2475 Si
541 2447 653 2489 quae
683 2433 784 2476 uult
816 2437 862 2477 et
893 2449 1005 2491 quae
1041 2438 1198 2491 potest,
1228 2435 1431 2478 infinitus
1461 2436 1659 2478 omnium

190 2513 399 2543 numerus
428 2503 518 2553 est3
556 2501 686 2545 iuxta
714 2502 826 2546 illud
855 2504 1182 2561 propheticum:
1218 2504 1408 2562 Magnus
1441 2505 1659 2548 Dominus

192 2667 209 2695 1
234 2623 568 2712 φρῦιιῗὲιιέιοξᾏῖι
594 2672 698 2698 mora
715 2659 781 2696 SM
936 2674 980 2701 10
1004 2663 1110 2710 equis
1132 2663 1304 2711 passibus
1320 2663 1353 2700 A
1508 2665 1551 2702 16
1576 2676 1657 2701 am-

191 2705 372 2741 m1mcu10
390 2705 429 2741 Μ
570 2717 614 2753 23
639 2708 830 2754 apellatur
846 2708 871 2746 S

239 2820 284 2857 33
308 2811 465 2857 Maynuo
481 2813 577 2848 eta:
602 2811 661 2849 Pa.
677 2812 765 2850 xlvi.
787 2822 817 2860 5.

1487 2885 1547 2922 ¹17
