1994 3190
145 158 341 222 mam]
669 157 1106 203 POLICRATIGVS
1627 158 1712 208 480
1732 169 1762 198 a

145 277 253 335 quid
294 276 467 320 utiliter
503 275 665 319 nouit?
723 275 773 319 Si
812 274 1004 331 ignoras,
1035 273 1194 329 inquit,
1229 275 1275 316 te
1313 273 1611 330 pulcherrima

145 347 264 390 inter
290 346 508 396 mulieres,
535 345 609 388 abi
637 347 739 402 post
767 344 959 402 uestigia
989 342 1205 386 sodalium
1235 345 1280 385 et
1309 346 1411 399 post
1441 357 1610 400 greges.

146 415 384 460 Oraculum
399 414 620 472 Apollinis
635 418 702 458 est
717 417 763 458 et
778 413 1051 457 descendisse
1072 412 1126 454 de
1150 411 1242 454 celo
1262 412 1477 454 creditur:
1499 412 1610 455 Noti

144 483 316 536 seliton,
343 483 390 526 id
429 486 508 535 est,
540 483 663 528 Scito
692 483 896 541 teipsum.
955 481 1059 524 Non
1089 480 1278 523 nesciuit
1317 481 1400 524 hoc
1440 481 1611 524 ethicus

108 566 127 603 5
145 552 293 598 dicens
311 570 320 596 :

260 623 428 666 Discite
458 625 503 665 et
532 637 559 666 o
587 621 737 665 miseri
767 635 922 665 causas
951 619 1200 677 cognoscite
1230 633 1390 673 rerum,

261 681 368 738 quid
398 695 562 736 sumus,
592 683 672 724 aut
702 679 914 737 quidnam
943 677 1107 722 uicturi
1137 676 1375 734 gignimur,
1406 676 1514 719 ordo

262 739 361 796 quis
391 739 535 790 datur,
565 741 645 781 aut
673 741 817 781 metae
847 752 979 794 quam
1010 735 1155 778 mollis
1184 735 1326 777 flexus
1357 738 1402 776 et
1431 735 1562 789 unde,

262 797 362 854 quis
391 797 548 840 modus
577 811 628 839 ar
659 799 774 850 ento,
805 795 913 852 quid
943 794 1013 837 fas
1042 796 1208 860 optare,
1239 792 1345 849 quid
1377 806 1506 858 asper

0 854 13 899 3'1'
87 873 130 898 10
261 855 372 898 utile
401 869 610 898 nummus
671 854 784 905 abet,
814 852 963 910 pueris
992 865 1192 908 carisque
1221 850 1482 907 propinquis

263 916 480 970 quantum
509 912 688 970 elargiri
718 913 881 962 deceat,
912 925 1042 968 quem
1072 913 1117 953 te
1147 909 1268 952 Deus
1298 923 1391 951 esse

262 971 404 1025 iussit,
434 974 480 1014 et
509 971 705 1014 humana
734 985 823 1028 qua
851 973 978 1027 parte
1008 968 1178 1011 locatus
1207 981 1254 1010 es
1284 966 1331 1008 in
1362 981 1420 1008 re.

147 1052 270 1096 Haec
305 1052 469 1095 etenim
499 1051 814 1109 contemplatio
846 1048 1220 1107 quadripertitum
1256 1047 1376 1104 parit
1406 1047 1614 1098 fructum,
1634 1049 1661 1087 b

146 1122 368 1165 uilitatem
420 1121 502 1172 sui,
550 1121 783 1164 caritatem
836 1118 1040 1177 proximi,
1089 1120 1393 1174 contemptum
1447 1117 1614 1167 mundi,

8 1191 9 1194 ’
89 1203 129 1240 15
147 1204 340 1234 amorem
361 1190 457 1234 Dei.
506 1190 669 1234 Annon
685 1193 753 1234 est
774 1189 904 1232 arbor
916 1188 1044 1239 bona,
1061 1201 1174 1244 quae
1194 1189 1368 1229 tantam
1386 1185 1614 1229 fructuum

146 1260 422 1304 dulcedinem
461 1259 602 1312 affert,
634 1262 808 1303 tantam
848 1259 978 1302 affert
1012 1257 1285 1300 utilitatemz
1360 1254 1491 1299 Certe
1526 1270 1615 1298 non

147 1330 347 1387 superbit
378 1329 455 1387 qui
486 1329 701 1387 paruulus
733 1331 801 1372 est
836 1328 883 1370 in
918 1327 1056 1371 oculis
1095 1326 1199 1370 suis.
1269 1325 1389 1368 Dum
1429 1325 1615 1382 quisque

147 1415 259 1458 quae
279 1400 443 1443 adsunt
462 1400 534 1443 uel
555 1399 718 1443 absunt
738 1397 1045 1456 expetibilium
1066 1410 1299 1439 numerum
1321 1395 1500 1452 cogitat,
1516 1395 1616 1451 quis

148 1469 203 1513 de
229 1484 310 1513 sua
334 1472 596 1527 paupertate
620 1483 709 1512 non
739 1467 985 1511 erubescit?
1045 1465 1094 1509 Si
1125 1466 1224 1522 quis
1254 1480 1343 1507 non
1367 1463 1618 1521 appetenda

16 1565 21 1585 π,
88 1556 134 1584 20
150 1539 219 1582 sui
249 1541 483 1590 recenseat,
514 1538 554 1582 ei
587 1538 704 1596 iugis
733 1537 921 1580 materia
950 1534 1137 1578 modesti
1170 1534 1333 1577 doloris
1363 1536 1408 1576 et
1438 1533 1615 1576 humili-

149 1608 257 1652 tatis
277 1607 479 1651 occurrit.
539 1607 824 1663 Quocumque
845 1620 891 1649 se
912 1607 1073 1654 uertat,
1093 1604 1140 1646 in
1161 1604 1304 1660 seipso
1326 1603 1526 1653 deicitur,
1539 1602 1616 1659 qui

149 1677 263 1736 petit
288 1692 316 1720 a
342 1677 533 1720 Domino
557 1675 799 1720 confortari
831 1675 1002 1718 dicens:
1035 1673 1311 1716 Humiliatus
1332 1687 1430 1716 sum
1458 1687 1616 1729 usque-

149 1760 334 1804 quaque,
354 1746 533 1789 uiuifica
562 1760 632 1788 me
661 1744 902 1788 secundum
933 1743 1156 1800 eloquium
1186 1746 1328 1786 tuum.
1390 1742 1618 1798 Itemque:

151 1815 256 1874 Ego,
290 1816 449 1873 inquit,
483 1815 531 1858 in
564 1815 742 1873 flagella
780 1816 965 1872 paratus
1005 1827 1115 1864 sum,
1155 1815 1201 1856 et
1240 1812 1366 1855 dolor
1404 1826 1529 1854 meus
1569 1811 1616 1854 in

94 1895 134 1931 ²5
150 1888 385 1943 conspectu
414 1899 512 1928 meo
542 1899 725 1942 semper.
1636 1891 1660 1920 c

178 2004 285 2063 Cap.
306 2019 347 2064 3.
388 2005 517 2060 Quod
545 2004 756 2062 superbia
785 2004 924 2048 radix
952 2004 1185 2048 mlomm
1215 2007 1286 2056 est,
1306 2006 1346 2046 et
1375 2002 1590 2060 concupi-

333 2074 500 2118 scentia
529 2074 656 2132 lepra
682 2074 922 2131 yeneralis,
952 2088 1067 2130 quae
1096 2087 1249 2116 omnes
1277 2072 1437 2129 inficit.

210 2154 427 2212 Superbia
459 2169 566 2198 uero
601 2154 731 2198 radix
770 2154 968 2198 omnium
1007 2153 1226 2196 malorum
1266 2155 1334 2196 est
1374 2152 1618 2208 mortisque

152 2222 411 2269 fomentum.
467 2224 687 2268 Arescunt
722 2224 869 2275 riuuli‚
909 2224 947 2267 si
987 2223 1126 2266 fontis
1165 2237 1281 2266 uena
1319 2222 1615 2280 praeciditur;

156 2331 172 2358 1
192 2323 232 2358 te
248 2321 371 2368 inquit
387 2322 421 2356 A
515 2332 548 2368 3,
561 2332 584 2367 4
609 2320 832 2358 notiseliton
850 2320 938 2357 BA:
965 2319 1068 2358 notis
1085 2319 1206 2358 eliton
1222 2318 1341 2356 CSM:
1369 2319 1471 2355 notis
1488 2318 1618 2365 elyton

154 2368 194 2404 M
211 2381 325 2413 mar-9.
346 2371 429 2414 Cyr.
571 2379 594 2414 4
618 2369 752 2406 Nonne
769 2368 882 2406 sciuit
899 2368 939 2404 M
1085 2378 1129 2412 14
1153 2367 1366 2404 utilitatem
1387 2367 1427 2402 M
1571 2375 1618 2411 29

154 2415 378 2463 presciditur
395 2415 460 2451 SM

206 2496 220 2522 1
250 2487 290 2522 Si
316 2488 465 2532 ignoras
491 2488 588 2523 etc.:
624 2484 733 2522 Cant.
762 2484 786 2522 i.
817 2494 850 2529 7.
1024 2495 1044 2531 3
1070 2486 1113 2520 de
1139 2486 1210 2521 celo
1237 2486 1332 2521 etc.:
1368 2495 1399 2518 v.
1431 2482 1507 2518 Iuv.
1539 2483 1615 2518 Sat.

155 2531 194 2567 xi
225 2541 280 2576 27.
456 2543 487 2578 3,
505 2543 529 2578 4
552 2534 638 2569 Noti
662 2534 812 2570 eeliton:
849 2532 874 2569 i.
888 2544 921 2570 Θ.
954 2533 1060 2580 γνῶθι
1087 2534 1255 2573 ‹reum-610:
1300 2531 1514 2566 ΣΕΛΥΤΟΝ
1550 2541 1618 2575 pro

158 2580 370 2618 ΣΕΑΥΤΟν
394 2578 574 2615 facillime
591 2579 667 2626 legi
685 2579 824 2626 potuit.
1016 2580 1039 2616 6
1064 2580 1200 2615 Discite
1224 2580 1320 2615 etc.:
1347 2578 1446 2615 Pers.
1463 2579 1540 2614 Sat.
1558 2575 1615 2613 iii.

158 2627 286 2670 66—72.
431 2635 470 2672 15
497 2628 604 2662 arbor
618 2629 709 2663 bona
726 2629 825 2664 etc.:
852 2639 884 2664 v.
904 2626 1017 2663 Matt.
1037 2625 1097 2662 vii.
1118 2636 1181 2671 17;
1207 2626 1295 2662 Luc.
1306 2624 1357 2662 vi.
1371 2636 1428 2671 43.
1575 2633 1617 2665 17

154 2674 339 2720 paruulus
361 2674 454 2710 etc.:
481 2685 514 2710 v.
534 2684 548 2710 1
569 2673 658 2720 Reg.
677 2686 734 2710 xv.
751 2683 804 2719 17.
965 2684 1008 2711 22
1034 2675 1264 2709 Humiliatus
1285 2674 1378 2709 etc.:
1412 2672 1470 2708 Ps.
1494 2670 1619 2707 cxviii.

163 2729 239 2764 107.
360 2730 403 2766 23
422 2722 617 2768 eloquium:
640 2721 752 2767 Vulg.
764 2723 923 2757 uerbum.
1042 2731 1088 2765 24
1113 2720 1187 2766 Eyo
1205 2722 1278 2756 etc.
1296 2732 1306 2757 ι
1333 2720 1389 2756 Ps.
1409 2717 1546 2755 xxxvii.
1563 2719 1615 2754 18.

160 2768 205 2803 28
230 2769 404 2812 Superbia
427 2769 521 2804 etc.:
556 2779 589 2804 v.
616 2767 727 2814 Greg.
755 2769 818 2804 Ma
875 2796 883 2804 .
909 2769 1069 2804 Moralia
1094 2767 1216 2803 xxxiv.
1241 2778 1286 2813 23
1320 2766 1361 2802 in
1388 2767 1454 2802 Iob
1477 2765 1543 2802 xli.
1572 2774 1617 2810 47

162 2813 308 2861 (Migne
323 2815 365 2852 P.
377 2816 422 2850 L.
441 2813 554 2852 lxxvi.
572 2815 681 2862 744);
706 2815 753 2852 cf.
770 2815 813 2852 in
831 2827 873 2852 ra
888 2817 1019 2853 Policr.
1036 2813 1116 2852 viii.
1138 2825 1153 2852 1
1175 2814 1270 2862 (711,
1290 2819 1387 2860 712).

1447 2873 1510 2912 175
