1994 3190
213 185 303 224 409
323 185 355 214 a
700 172 902 217 ΙΟΑΝΝ
903 172 961 216 IS
1002 171 1514 217 SARESBERIENSIS
1693 167 1805 233 [ιώ.
1823 184 1842 216 1

372 295 418 335 et
447 292 662 349 inspectio
690 291 883 345 tabulae,
904 307 1017 349 quae
1038 291 1287 349 Pitagorica
1306 291 1566 349 appellatur,
1591 289 1844 336 obseruatio

278 362 280 364 ’
326 367 356 406 b
374 376 548 418 quoque
563 362 774 419 cuiusque
789 376 915 405 casus
930 362 978 404 in
998 362 1062 404 rei
1083 362 1137 404 de
1153 375 1240 418 qua
1261 361 1490 418 quaeritur
1509 362 1843 419 significatione.

432 431 685 488 Augurium
705 446 823 482 uero,
844 431 962 488 quod
983 434 1051 474 est
1070 431 1118 473 in
1138 430 1292 473 auium
1316 431 1636 482 obseruatione,
1658 431 1843 489 Phriges

374 501 597 544 inuenisse
636 500 888 552 traduntur,
930 500 1047 557 quod
1087 500 1134 542 in
1174 515 1281 543 uoce
1315 500 1521 557 proditur
1559 504 1639 543 aut
1673 500 1841 543 uolatu.

375 570 457 613 Est
503 573 654 614 autem
699 571 941 614 secundum
991 569 1278 613 traditionem
1328 585 1479 613 eorum
1528 570 1706 613 uolatus
1748 574 1842 612 tam
1863 589 1881 623 5

375 640 548 683 alarum
587 655 721 697 quam
761 639 947 696 pedum:
992 639 1101 683 uola
1141 639 1359 695 siquidem
1399 643 1467 683 est
1509 639 1695 683 interior
1739 653 1844 696 pars

374 710 547 767 palmae
572 710 645 752 uel
672 710 807 766 pedis.
868 709 996 752 Vnde
1022 709 1141 766 apud
1163 709 1391 752 Maronem
1415 709 1463 751 in
1487 713 1614 752 sexto
1639 709 1845 752 uocantes

374 794 455 836 pro
486 779 794 836 gradientibus
825 778 1052 822 columbae
1085 777 1407 821 describuntur.
1467 778 1565 821 Hoc
1595 778 1760 820 etenim
1787 778 1845 820 ad

374 848 535 892 ominis
569 848 765 905 pertinet
797 846 1072 898 felicitatem,
1105 847 1143 890 si
1175 847 1404 890 columbae
1434 847 1700 905 gradientes,
1736 847 1844 890 dum

375 921 525 961 tamen
555 917 603 960 in
633 920 778 975 pastu,
809 917 1072 960 itinerantes
1102 916 1379 973 praecedant.
1865 934 1907 958 10

713 1019 819 1076 Cap.
854 1033 919 1076 13.
979 1018 1044 1062 De
1072 1018 1229 1062 uariis
1257 1018 1502 1063 minibus.

434 1095 489 1138 In
510 1094 837 1152 expeditionem
861 1095 1022 1138 missus
1046 1094 1199 1138 consul
1220 1094 1532 1145 Romanorum,
1553 1095 1659 1138 dum
1679 1092 1847 1138 nullius

376 1165 480 1208 boni
496 1165 656 1208 ominis
677 1165 913 1208 sortiretur
927 1164 1186 1221 auspicium,
1199 1164 1423 1207 columbas
1437 1165 1603 1208 ieiunio
1623 1151 1869 1208 confectas

376 1234 528 1292 granis
560 1234 725 1291 sparsis
757 1234 943 1277 triticeis
983 1234 1030 1276 in
1070 1234 1146 1276 uia
1186 1248 1275 1290 qua
1309 1234 1455 1277 iturus
1487 1237 1595 1286 erat,
1630 1233 1846 1291 praeferri

377 1304 519 1357 iussit,
554 1307 607 1347 ut
646 1303 717 1346 uel
754 1318 905 1346 earum
945 1304 1091 1347 omine
1125 1303 1312 1360 auspicii
1347 1303 1560 1346 duritiam
1595 1303 1905 1358 sulleuaret.15

335 1391 359 1420 c
378 1373 502 1427 Quae
533 1388 633 1416 cum
666 1373 926 1430 diligentius
957 1388 984 1415 a
1014 1373 1123 1416 cibis
1153 1373 1442 1426 abstinerent,
1463 1388 1536 1417 eas
1563 1372 1846 1430 praecipitari

377 1443 508 1486 iussit
546 1443 593 1485 in
633 1443 834 1495 fluuium,
866 1446 919 1486 ut
958 1443 1115 1486 saltem
1156 1443 1384 1495 biberent3
1426 1443 1764 1500 submersaeque
1799 1442 1846 1485 ui

376 1512 573 1555 fluminis
599 1511 845 1555 docuerunt
868 1512 1090 1555 consulem
1116 1526 1216 1555 cum
1241 1511 1439 1555 exercitu
1464 1511 1846 1570 submergendum.

378 1582 465 1625 Hic
492 1581 656 1624 etenim
681 1585 856 1624 secutus
889 1584 956 1624 est
989 1585 1186 1624 euentus.
1246 1581 1366 1638 Apes
1398 1581 1595 1624 Platonis
1631 1580 1846 1624 infantuli

377 1651 464 1694 mel
499 1651 628 1693 labiis
660 1650 923 1701 inferebant,
955 1651 1226 1709 singularem
1258 1650 1535 1694 dulcedinem
1570 1650 1846 1708 eloquentiae
1866 1669 1909 1694 20

378 1720 472 1763 eius
492 1719 691 1763 futuram
712 1721 1056 1777 praesignantes.
1119 1721 1268 1772 Hiero,
1284 1735 1483 1764 summus
1502 1723 1655 1778 postea
1671 1720 1848 1764 Siciliae

378 1790 677 1848 magistratus,
710 1790 828 1846 quod
863 1790 1033 1833 uirtute
1066 1791 1323 1848 promeruit,
1356 1806 1383 1834 a
1417 1794 1543 1848 patre
1575 1790 1849 1833 nobilissimo

378 1860 476 1903 uiro
497 1859 726 1916 expositus
746 1863 825 1910 est,
846 1874 897 1902 eo
917 1861 1035 1917 quod
1063 1876 1119 1904 ex
1143 1861 1304 1904 ancilla
1333 1863 1563 1918 susceptus
1589 1860 1848 1903 dehonesta-

378 1934 578 1972 mentum
594 1928 768 1986 generis
789 1928 1038 1980 uidebatur,
1055 1932 1099 1972 et
1121 1930 1247 1986 quasi
1268 1930 1480 1987 probrosa
1495 1929 1604 1973 clari
1619 1927 1850 1986 sanguinis

378 1998 560 2042 macula.
622 1997 709 2040 Sed
738 1998 975 2054 paruulum
1002 2002 1047 2042 et
1074 1999 1347 2056 indigentem
1375 1999 1471 2057 opis
1498 1999 1718 2042 humanae
1745 2011 1849 2055 apes
1870 2015 1910 2049 ²5

377 2068 493 2112 circa
529 2082 629 2110 eum
670 2066 798 2109 melle
838 2074 1046 2125 congesto
1078 2068 1282 2125 plurimis
1314 2069 1462 2112 aluere
1494 2068 1674 2120 diebus3
1708 2070 1754 2110 et
1787 2066 1850 2110 sic

377 2172 402 2208 9
426 2161 591 2199 hominis
608 2159 754 2198 cBMS¹
901 2170 914 2197 1
926 2170 940 2197 1
969 2160 1142 2197 omnibus
1161 2159 1191 2196 Β
1339 2169 1379 2243 los
1407 2159 1629 2198 subleuaret
1647 2158 1671 2196 S
1804 2169 1852 2196 20

377 2209 595 2256 eloquentie
613 2208 852 2245 dulcedinem
868 2206 902 2243 A
1092 2209 1138 2244 26
1155 2206 1324 2245 coniesto
1372 2207 1471 2244 BMS

429 2301 443 2328 1
472 2292 595 2328 tabula
624 2292 852 2335 Pieayore'ca:
887 2289 933 2326 de
961 2289 1110 2326 ratione
1135 2288 1381 2325 divinationis
1412 2300 1482 2335 per
1505 2290 1698 2335 sphaeram
1724 2290 1853 2333 Pytha·

377 2351 483 2386 ρον-(ιε
502 2338 583 2375 vide
600 2350 695 2384 quae
715 2349 761 2373 ex
780 2336 909 2374 codice
928 2349 996 2373 mn.
1023 2337 1061 2372 in
1087 2336 1324 2373 bibliotheca
1348 2336 1565 2383 Petriburg.
1587 2336 1687 2382 apud
1713 2335 1851 2373 Ruseos

378 2389 524 2423 servato
553 2386 668 2422 refert
695 2385 739 2421 K.
766 2385 907 2421 Gillert
932 2384 971 2420 in
998 2386 1114 2420 Neues
1139 2386 1272 2420 Archiv
1297 2385 1363 2419 ‹le›-
1389 2385 1623 2429 Gesellschaft
1645 2386 1720 2429 fiir
1741 2385 1851 2419 altere

378 2434 542 2470 deutsche
563 2434 883 2469 Geackicheakrunde
902 2444 986 2486 v3p.
1007 2442 1026 2467 2
1034 2441 1087 2478 54.
1186 2442 1206 2477 3
1225 2433 1375 2488 I'Jtrn'yps
1392 2433 1486 2468 etc.:
1510 2430 1597 2467 Isid.
1619 2433 1716 2493 Orfq.
1734 2430 1810 2468 viii.
1828 2441 1851 2477 9

378 2481 475 2566 {teli
488 2480 759 2573 'mci-tiiliugi'i'ii.
769 2479 865 2563 dxeii.S
867 2536 886 2571 7
897 2479 1047 2573 ζιξιςῗτθ
1075 2481 1191 2515 Emd·
1210 2480 1436 2563 gutiblvciUcltgi
1455 2537 1464 2561 :
1492 2524 1538 2562 cf.
1560 2480 1852 2571 Iaidfbgit'‚«;.ui1pi'i,⁸

379 2586 399 2621 7
420 2575 439 2623 ξ
458 2587 492 2621 4.
709 2585 728 2620 7
756 2577 942 2611 Mar-onem
970 2576 1007 2609 δη
1034 2579 1152 2609 κατίοι
1189 2573 1299 2619 Verg.
1327 2575 1416 2609 Aen.
1443 2573 1490 2610 vi.
1513 2584 1597 2617 191:
1624 2586 1654 2609 v.
1683 2573 1781 2611 Serv.
1810 2576 1851 2610 in

381 2626 471 2661 Aen.
489 2622 534 2659 vi.
559 2623 623 2669 198
641 2623 687 2659 ad
708 2623 771 2658 fin.
874 2632 913 2658 12
940 2622 1064 2657 conoul
1075 2622 1336 2657 Romanorum:
1357 2621 1423 2656 viz.
1442 2621 1479 2656 P.
1497 2621 1676 2658 Claudius
1688 2621 1851 2658 Pulcher

382 2681 417 2708 Β,
432 2680 465 2707 0.
502 2681 592 2715 249:
626 2683 655 2706 v.
688 2670 769 2706 va1.
802 2669 898 2705 Max.
928 2669 972 2704 iv.
1003 2680 1034 2714 3,
1065 2668 1129 2714 qui
1157 2672 1287 2704 tamen
1316 2680 1390 2703 non
1416 2670 1661 2704 columbarum
1681 2669 1744 2705 sed
1794 2670 1851 2704 ul-

379 2721 496 2755 lor-um
530 2717 760 2754 mentionem
796 2717 909 2758 facim
942 2717 990 2752 cs.
1017 2716 1092 2754 Cic.
1119 2717 1162 2751 de·
1190 2718 1270 2752 Πίον.
1297 2715 1334 2751 ii.
1360 2718 1402 2758 83
1437 2715 1539 2752 Suet.
1570 2717 1645 2753 Tib.
1671 2727 1714 2761 ²3
1782 2716 1849 2752 lor.

381 2767 418 2803 Ε
445 2768 480 2802 ie.
499 2763 536 2801 ii.
557 2776 576 2802 2
597 2765 614 2812 ξ
638 2776 692 2812 29.
891 2775 932 2810 19
950 2766 1047 2810 Apea
1064 2766 1134 2800 etc.
1153 2775 1160 2799 :
1190 2776 1219 2799 v.
1239 2763 1314 2799 Cic.
1331 2765 1373 2799 do
1393 2765 1473 2801 Div.
1493 2763 1516 2800 i.
1538 2765 1593 2810 36,
1613 2763 1651 2800 ii.
1671 2774 1713 2810 31
1731 2777 1740 2807 3
1765 2763 1848 2800 Val-

447 2825 480 2849 ι.
500 2812 524 2849 i.
543 2814 575 2849 6.
723 2823 762 2849 21
786 2813 896 2848 Hiero
914 2814 985 2849 etc.
1004 2822 1012 2848 ε
1041 2811 1172 2848 lustin.
1194 2810 1297 2847 xxiii.
1318 2822 1351 2856 4.

492 2894 533 2928 64
