1994 3190
174 225 277 262 oAP.
291 215 405 273 1111]
694 214 1132 260 POLICRATIOVS
1660 224 1741 267 573
1757 213 1787 256 d

177 337 223 378 et
253 334 458 392 opinione
487 334 696 378 scientiae
727 337 773 377 et
811 333 1003 377 nominis
1040 334 1306 378 auctoritate
1343 333 1558 384 consistit,
1590 336 1644 377 ut

176 404 284 448 haec
310 405 469 456 omnia,
495 404 534 448 si
559 404 655 448 fieri
681 406 839 461 potest,
865 403 984 460 apud
1011 406 1160 460 partes
1187 404 1378 460 quadam
1405 403 1644 460 aequitatis

176 473 300 518 lance
339 474 569 518 librentur.
648 473 776 526 Quod
823 473 861 516 si
900 473 1033 516 unius
1071 487 1178 530 prae
1217 474 1374 517 ceteris
1415 476 1482 517 est
1522 473 1644 516 fama

178 542 372 596 hilarior,
392 558 448 586 ex
469 542 608 587 officio
628 541 866 586 iudicantis
885 544 1020 599 prout
1039 542 1205 598 poterit
1224 543 1343 599 parti
1364 543 1644 586 aduersariae

139 625 158 658 5
177 612 545 670 compensabitur.
617 611 704 665 Qui
735 613 886 654 tamen
917 610 1104 654 alicuius
1138 610 1415 668 litigatorum
1450 612 1644 655 archana

176 681 422 739 praenouit,
455 695 545 724 non
583 679 936 738 patrocinabitur
965 679 1232 732 aduersario,
1264 680 1351 722 nisi
1384 680 1500 724 forte
1531 682 1644 724 citra

177 752 474 796 coniuentiam
521 750 680 794 iudicis
729 749 968 808 separatim
1007 763 1107 792 cum
1156 749 1360 807 pluribus
1399 751 1513 793 alter
1552 754 1642 793 tra—

177 821 368 864 ctauerit
386 823 439 864 ut
459 820 587 864 alteri
608 819 727 878 paris
747 818 1016 862 defensionis
1038 819 1165 876 copia
1184 819 1488 862 subtrahatur.
1550 820 1644 863 Nec

178 892 246 933 est
272 890 349 946 qui
375 904 403 933 a
428 889 571 933 iudice
600 889 796 932 monitus
825 888 919 931 sine
945 888 1228 932 excusatione
1255 889 1473 946 probabili
1504 889 1644 946 possit

119 970 162 994 10
177 958 436 1016 cuicumque
475 958 593 1016 parti
632 957 926 1016 patrocinium
965 957 1194 1015 denegare,
1234 958 1319 1002 nisi
1370 958 1517 1002 forum
1557 958 1642 1002 sibi

177 1027 401 1085 praecludi
430 1028 552 1079 uelit,
580 1030 634 1071 ut
660 1027 940 1085 postmodum
974 1026 1021 1070 in
1056 1027 1199 1071 causis
1238 1027 1421 1085 agendis
1461 1028 1642 1072 minime
1659 1040 1737 1082 574
1758 1042 1788 1071 a

177 1097 396 1141 audiatur.
484 1097 534 1140 Si
583 1111 689 1140 uero
737 1096 1067 1154 praeuaricatus
1107 1095 1245 1139 fuerit
1293 1097 1547 1149 aduocatus,
1595 1098 1643 1141 in

177 1166 428 1211 conuictum
448 1169 624 1224 oportet
650 1180 731 1223 pro
758 1165 973 1223 qualitate
1000 1166 1219 1210 commissi
1247 1180 1407 1223 penam
1434 1167 1644 1224 grauissi-

177 1250 297 1279 mam
346 1236 548 1279 exerceri.
631 1235 795 1278 Munus
842 1235 1060 1292 siquidem
1108 1236 1343 1293 patrocinii
1392 1236 1646 1280 fidelissime

120 1315 160 1349 ¹5
178 1305 450 1362 implendum
477 1307 544 1349 est
570 1307 616 1349 et
642 1305 736 1348 sine
761 1304 1116 1348 aduersariorum
1143 1305 1320 1349 iniuria.
1380 1306 1645 1351 Rationibus

178 1389 368 1432 namque
416 1389 506 1418 non
554 1375 727 1432 probris
776 1374 1130 1418 contendendum
1181 1378 1260 1426 est,
1300 1378 1346 1418 et
1394 1390 1451 1418 ex
1500 1376 1644 1420 edicto

177 1445 389 1503 principis
426 1444 599 1501 patitur
636 1443 856 1501 opinionis
895 1444 1175 1501 dispendium
1221 1444 1422 1501 quisquis
1466 1446 1644 1503 negotio

177 1515 386 1559 derelicto
411 1529 575 1573 procax
602 1514 649 1556 in
679 1514 924 1558 aduersarii
951 1514 1020 1557 sui
1048 1514 1360 1558 contumeliam
1389 1518 1469 1558 aut
1495 1516 1642 1573 palam

178 1584 326 1643 pergit
356 1587 435 1628 aut
465 1583 659 1628 subdole.
719 1583 819 1634 Sed,
851 1583 955 1627 licet
984 1586 1172 1640 patrono
1211 1598 1376 1627 merces
1415 1599 1472 1628 ex
1511 1599 1645 1628 causa

119 1669 163 1694 20
179 1654 403 1698 honorarii
426 1653 650 1706 debeatur,
668 1653 1023 1696 concinnatorem
1050 1653 1124 1695 uel
1147 1653 1467 1710 redemptorem
1495 1654 1643 1697 litium

178 1737 271 1767 esse
300 1737 389 1767 non
418 1723 532 1774 licet,
566 1726 620 1766 ut
647 1724 792 1766 certae
824 1724 965 1779 partis
997 1722 1343 1765 emolumentum
1378 1738 1478 1766 cum
1514 1725 1644 1781 graui

177 1791 339 1835 damno
386 1791 624 1850 litigatoris
668 1794 715 1835 et
754 1791 946 1848 quadam
995 1791 1336 1848 depraedatione
1384 1793 1643 1849 paciscatur.

179 1861 398 1918 Quicquid
436 1864 585 1905 autem
625 1863 839 1919 patronus
883 1860 1145 1918 allegauerit
1192 1865 1425 1918 praesente
1464 1862 1643 1907 domino

178 1930 360 1988 perinde
393 1933 460 1974 est
489 1931 740 1974 habendum
769 1945 820 1975 ac
849 1930 887 1973 si
916 1930 1171 1988 proferatur
1198 1945 1226 1973 a
1251 1931 1440 1982 domino,
1470 1932 1556 1975 nisi
1587 1948 1643 1976 ex
1661 1935 1690 1974 b

121 2021 137 2044 2
143 2020 162 2055 5
180 1999 436 2051 continenti,
465 1999 511 2043 id
543 2003 610 2044 est
644 1999 765 2043 infra
795 1999 1048 2057 proximum
1082 1999 1283 2042 triduum
1312 2001 1644 2045 contradixerit.

180 2068 304 2112 Licet
341 2071 490 2112 autem
520 2071 758 2127 patronum
797 2068 916 2112 uinci
951 2069 1199 2126 contigerit,
1229 2069 1277 2111 in
1317 2070 1441 2113 nullo
1480 2071 1646 2114 leditur

178 2137 301 2180 fama
339 2138 444 2191 eius,
476 2138 514 2181 si
552 2138 689 2182 nichil
728 2138 879 2182 omisit
918 2152 974 2181 ex
1003 2138 1365 2196 contingentibus
1395 2142 1442 2182 et
1470 2140 1645 2184 clientis

178 2207 247 2251 sui
277 2207 494 2251 iustitiam
523 2208 715 2252 fideliter
734 2207 877 2260 fouit;
916 2223 1006 2251 non
1027 2208 1145 2251 enim
1171 2208 1348 2265 cogitur
1374 2210 1645 2266 patrocinari

177 2276 417 2320 mendacio.
476 2276 526 2320 Si
553 2277 660 2334 quid
686 2292 793 2320 uero
808 2277 993 2320 >lesionis
1019 2278 1148 2320 affert
1174 2292 1317 2327 causa,
1338 2278 1385 2320 in
1415 2278 1645 2336 litigantes

121 2370 163 2402 30
178 2346 310 2399 cadit,
349 2346 443 2389 siue
496 2347 690 2390 ciuiliter
737 2347 832 2391 siue
881 2346 1172 2390 criminaliter
1219 2350 1367 2390 actum
1417 2348 1488 2391 sit.
1547 2349 1645 2392 Hoc

178 2417 340 2466 autem,
379 2415 587 2472 quicquid
627 2416 698 2467 sit,
737 2416 958 2459 sententia
1006 2415 1247 2461 diffinitiua
1286 2416 1492 2468 declarat,
1533 2432 1646 2474 quae

178 2499 276 2528 reos
294 2485 557 2528 condemnat
582 2485 654 2528 uel
680 2485 872 2529 absoluit
902 2488 948 2528 et
973 2485 1198 2528 interdum
1225 2485 1273 2527 in
1299 2485 1418 2542 ipsos
1444 2490 1645 2530 auctores

179 2553 499 2598 consultissime
537 2555 792 2598 acerbitatis
830 2554 1020 2598 effundit
1063 2554 1250 2598 aculeos.
1327 2554 1459 2608 Nam,
1488 2559 1541 2599 ut
1590 2557 1645 2600 de

178 2661 201 2697 4
226 2651 395 2698 hylarion·
410 2651 514 2688 CBM
656 2660 677 2697 7
702 2651 815 2688 aliter
831 2651 871 2687 M
1018 2662 1061 2698 13
1086 2651 1234 2688 comissi
1253 2651 1278 2688 S

227 2742 245 2779 5
271 2734 341 2776 Qui
365 2737 484 2768 tamen
509 2733 667 2768 alicuius
690 2733 788 2769 etc.:
816 2731 939 2768 Verba
963 2743 1043 2769 non
1068 2732 1298 2769 sententiam
1324 2732 1414 2768 eod.
1429 2732 1469 2769 ii
1489 2735 1523 2770 6.
1542 2732 1601 2780 7§
1609 2744 1642 2816 23

179 2778 438 2817 reminiscitur
459 2780 632 2816 Ioannes.
785 2780 862 2824 8
885 2781 959 2816 Nec
980 2783 1115 2827 estqui
1137 2782 1231 2816 etc.:
1263 2792 1295 2816 v.
1310 2780 1398 2816 Cod.
1411 2779 1451 2816 ii.
1468 2781 1543 2825 67
1523 2743 1630 2864 7723

182 2837 224 2882 15
250 2829 468 2864 Rationibus
488 2828 582 2863 etc.:
607 2838 640 2862 v.
658 2825 773 2862 Coa·
762 2826 801 2862 1i.
809 2789 862 2863 69
870 2828 894 2863 6
903 2826 980 2910 ἑ
1127 2837 1171 2873 19
1194 2829 1273 2870 Sed,
1292 2829 1373 2864 licet
1389 2830 1480 2864 etc.:
1506 2840 1537 2864 v.
1583 2828 1643 2865 od.

179 2874 220 2912 ii.
238 2875 271 2912 6
290 2883 322 2922 5
466 2883 510 2921 23
538 2875 715 2920 Quicquid
731 2875 828 2910 etc.:
852 2885 886 2910 v.
933 2874 992 2911 od.
1009 2873 1047 2911 ii.
1067 2873 1150 2920 9§§
1173 2884 1202 2918 1,
1221 2884 1255 2920 3.

1469 2938 1530 2972 341
