1994 3190
200 161 288 203 492
307 160 339 191 a
688 147 948 192 IOANNIS
979 146 1492 191 SARESBERIENSIS
1637 146 1750 204 [ΜΒ.
1761 157 1823 190 111

354 283 531 326 campos
551 283 578 311 a
600 268 885 311 mutabilium
912 282 1060 311 rerum
1083 267 1220 325 septis
1245 267 1394 310 uerbis
1417 266 1633 310 excludo'e
1691 265 1823 310 Certe

354 353 435 396 pro
474 340 602 395 parte
640 337 799 380 inclusi
838 340 956 390 sunt,
995 340 1200 394 patentes
1239 337 1287 379 in
1326 336 1566 379 latitudine
1605 336 1822 379 bonarum

355 407 573 450 mentium
600 407 761 463 quibus
790 421 818 449 a
847 407 979 450 Patre
1009 406 1229 449 luminum
1257 406 1412 449 datum
1434 408 1501 448 est
1520 407 1573 448 ut
1593 405 1641 447 in
1660 404 1824 448 notitia

355 479 402 519 et
436 490 584 518 amore
614 476 719 518 boni
749 478 845 519 toto
880 475 949 518 sui
984 475 1159 533 agitatu
1190 478 1436 518 uersentur.
1494 474 1622 517 Vnde
1652 473 1824 517 ethicus

356 545 557 603 inquieto
586 548 717 589 extra
744 559 791 588 se
820 545 1018 602 ineptam
1047 544 1370 588 beatitudinem
1400 543 1667 600 inquirenti:
1718 593 1723 599 Ι
1843 561 1862 595 5

822 636 952 689 Quod
981 636 1156 693 quaeris
1185 636 1349 692 ubique
1379 638 1458 686 est,

473 697 540 739 est
569 695 763 746 Vlubris‚
792 695 967 738 animus
997 694 1035 738 si
1065 697 1110 738 te
1139 709 1229 737 non
1259 693 1409 737 deficit
1438 707 1615 750 aequus.

356 841 465 900 Cap.
487 856 525 898 9.
565 842 695 896 Quod
722 842 930 885 oriundus
958 855 1060 885 suos
1089 840 1214 885 habet
1243 841 1411 885 Elisios
1422 859 1441 891 ;
1471 845 1510 884 et
1538 840 1693 884 eadem
1708 838 1826 896 fides

473 915 534 955 est
581 911 727 955 ‘nostri
776 911 990 968 tempomls
1039 915 1079 954 et
1122 911 1494 968 praecedentium
1537 914 1744 967 patrum,
1787 913 1827 953 et

472 980 669 1024 uirtutis
697 980 884 1024 cultores
911 980 1175 1036 inspectores
1205 983 1314 1023 sunt
1343 979 1508 1023 theatri
1537 979 1690 1023 huius.
1845 999 1888 1024 10

415 1083 611 1126 Mundus
630 1083 771 1141 igitur
789 1097 891 1126 suos
910 1082 1045 1125 habet
1065 1082 1235 1135 Elisios‚

310 1189 341 1228 b
639 1175 861 1231 solemque
891 1189 1021 1217 suum
1051 1177 1097 1217 et
1126 1189 1207 1217 sua
1236 1174 1382 1218 sidera
1411 1174 1552 1218 nouit.

358 1267 515 1310 Virtus
535 1267 753 1324 siquidem
774 1266 929 1310 solaris
949 1266 1131 1323 quidam
1151 1266 1302 1310 radius
1322 1268 1390 1309 est
1409 1281 1437 1309 a
1457 1265 1582 1309 fonte
1608 1265 1827 1309 claritatis

357 1337 562 1380 omnibus
582 1336 715 1379 datus
735 1336 782 1378 in
803 1350 932 1378 usum
953 1339 999 1378 et
1019 1336 1095 1392 qui
1116 1336 1265 1379 omnia
1284 1350 1397 1393 quae
1417 1335 1604 1394 attingit
1623 1335 1827 1379 claritate

358 1406 427 1449 sui
449 1405 559 1449 facit
578 1405 752 1448 eximia.
812 1405 924 1448 Inde
944 1408 1012 1448 est
1032 1405 1150 1461 quod
1170 1405 1305 1448 etiam
1325 1405 1391 1447 illi
1418 1419 1528 1462 quos
1555 1404 1688 1447 huius
1711 1404 1826 1447 radii
1846 1421 1887 1457 15

359 1478 571 1519 uenustas
592 1475 718 1531 quasi
739 1489 992 1532 repercussa
1012 1475 1155 1532 specie
1181 1474 1251 1517 sui
1271 1474 1452 1518 uidetur
1471 1474 1652 1525 afflasse,
1672 1474 1828 1518 statim

359 1545 408 1588 in
428 1544 725 1588 subiectorum
745 1547 981 1601 conspectu
1007 1544 1254 1587 clarescunt
1276 1544 1479 1600 fiuntque
1506 1543 1829 1600 quodammodo

359 1614 545 1657 uirtutis
571 1613 705 1657 titulo
733 1613 924 1671 gloriosi.
983 1613 1116 1656 Absit
1145 1613 1262 1657 enim
1292 1616 1345 1656 ut
1374 1613 1606 1670 quisquam
1638 1627 1742 1656 uere
1769 1612 1830 1655 sit

359 1684 588 1742 gloriosus,
608 1682 694 1726 nisi
716 1683 792 1739 qui
820 1683 868 1725 in
895 1683 1086 1726 Domino
1112 1683 1341 1740 gloriatur.
1401 1682 1504 1725 Non
1529 1682 1646 1725 enim
1674 1682 1751 1739 qui
1781 1696 1828 1725 se

359 1753 506 1810 ipsum
537 1755 616 1795 aut
646 1766 776 1808 quem
811 1752 942 1795 homo
977 1752 1265 1803 commendat,
1295 1752 1369 1795 ille
1398 1752 1612 1809 probatus
1642 1755 1720 1803 est,
1750 1751 1828 1795 sed
1848 1770 1892 1795 ao

360 1836 492 1879 quem
524 1821 645 1864 Deus
675 1821 979 1874 commendat3
1010 1821 1127 1878 quod
1162 1821 1317 1878 utique
1349 1835 1456 1864 uera
1486 1823 1531 1864 et
1560 1821 1654 1864 sola
1682 1821 1830 1864 uirtus

360 1894 567 1940 meretur,
599 1905 689 1933 non
721 1893 1077 1947 quantacumque
1111 1890 1295 1934 uirtutis
1330 1890 1489 1947 imago.
1549 1889 1645 1934 Hoc
1679 1893 1830 1934 autem

321 1978 347 2009 c
363 1974 456 2003 esse
487 1959 691 2010 arbitror,
726 1959 935 2016 quicquid
971 1960 1017 2002 in
1049 1959 1245 2002 moribus
1284 1959 1510 2017 egregium
1550 1959 1604 2003 de
1643 1963 1831 2004 naturae

362 2028 573 2072 beneficio
599 2031 645 2071 et
673 2028 884 2071 exercitio
911 2029 1073 2072 mentis
1102 2029 1215 2072 citra
1243 2028 1434 2086 gratiam
1465 2028 1715 2086 philosophi
1744 2029 1830 2072 sibi

363 2097 682 2155 repromittunt
701 2112 839 2154 eoque
866 2098 962 2155 ipso
992 2101 1272 2141 euanuerunt
1298 2097 1344 2139 in
1374 2097 1717 2155 cogitationibus
1737 2098 1830 2141 suis
1849 2115 1891 2150 ²5

362 2166 418 2210 de
438 2166 576 2209 libem
595 2166 746 2210 confisi
767 2166 964 2218 arbitrio,
985 2170 1030 2210 et
1050 2166 1245 2210 dicentes
1264 2180 1310 2209 se
1335 2181 1427 2209 esse
1448 2166 1681 2223 sapientes,
1701 2166 1831 2210 stulti

364 2235 473 2281 facti
493 2238 599 2279 sunt
619 2235 834 2292 stultique
855 2239 1170 2293 apparuerunt.
1230 2235 1356 2278 Vnde
1377 2235 1571 2279 ethicus:

567 2324 688 2367 Satis
719 2327 786 2367 est
816 2339 941 2368 orare
973 2324 1125 2368 Iouem
1156 2324 1231 2381 qui
1262 2324 1400 2367 donat
1429 2327 1475 2367 et
1504 2323 1676 2378 aufert3

480 2382 558 2426 det
586 2382 739 2432 uitam,
771 2382 848 2426 det
876 2397 993 2440 opes,
1023 2383 1221 2426 animum
1252 2382 1385 2426 michi
1417 2396 1499 2440 ego
1529 2382 1622 2440 ipse
1651 2383 1831 2441 parabo.
1884 2379 1887 2383 ⁴

364 2503 386 2539 8
411 2500 565 2538 heliaios
581 2500 677 2537 CBA
774 2502 806 2544 8.
826 2510 849 2546 9
873 2502 931 2537 ent
949 2499 1039 2538 fides
1056 2499 1090 2537 A
1189 2510 1230 2537 12
1256 2499 1391 2547 sydera
1408 2498 1469 2536 OB
1566 2509 1612 2547 29
1628 2510 1698 2547 ego
1715 2512 1782 2538 om.
1803 2500 1836 2538 A

413 2612 434 2649 3
459 2616 482 2639 a
499 2604 608 2639 Patro
624 2603 829 2639 luminum:
856 2600 978 2637 Iacob.
1002 2599 1025 2637 i.
1048 2609 1101 2645 17.
1197 2601 1221 2636 6
1248 2601 1349 2645 Quod
1365 2601 1511 2646 quaeris
1528 2601 1624 2637 etc.:
1651 2599 1742 2637 Hor.
1761 2601 1836 2648 Ep.

365 2650 391 2687 i.
414 2660 466 2687 ιι.
485 2660 541 2696 29.
562 2660 616 2695 30.
765 2659 807 2685 12
830 2649 1006 2695 solemque
1023 2650 1117 2685 θεας
1144 2647 1298 2693 νΝοηζ.
1318 2649 1412 2683 Aen.
1429 2646 1475 2683 vi.
1495 2649 1577 2692 641.
1727 2658 1769 2694 19
1794 2649 1836 2685 in

366 2699 524 2735 Domino
542 2700 635 2734 etc:
662 2707 682 2733 2
701 2696 785 2733 Cor.
803 2707 837 2732 x.
861 2705 912 2741 17.
935 2698 988 2733 18.
1117 2704 1161 2731 22
1187 2696 1286 2731 Hoc:
1313 2707 1362 2731 sc.
1409 2695 1481 2732 uod
1500 2696 1667 2732 merctur
1678 2697 1837 2742 quanta?

365 2756 527 2791 cumque
546 2744 698 2781 virtutis
717 2744 853 2798 imago.
951 2751 993 2790 25
1021 2748 1251 2779 monuerunt
1269 2744 1343 2780 cto.
1359 2753 1368 2779 ε
1429 2754 1502 2780 om.
1520 2742 1544 2779 i.
1562 2752 1617 2788 21,
1635 2752 1691 2780 22.
1789 2744 1835 2781 28

365 2794 464 2831 Satin
480 2795 576 2830 ctc.:
605 2791 693 2830 Hor.
711 2793 782 2839 Ep.
801 2802 826 2829 ι.
846 2792 899 2831 18.
920 2800 997 2837 ιιι.
1020 2800 1096 2829 112.

477 2862 543 2909 196
