1994 3190
240 199 330 238 393
349 198 374 232 c
718 184 979 230 IOANNIS
1019 184 1534 229 SARESBERIENSIS
1713 182 1824 245 [ΠΒ.
1839 193 1862 232 1

389 307 583 365 imagine
612 307 904 351 consolentur.
964 305 1029 349 Eo
1056 305 1245 362 denique
1270 307 1469 363 tempore
1498 306 1692 363 primum
1722 305 1861 363 capti-

388 380 557 420 uantur
584 377 800 432 Athenae,
834 391 921 433 quo
958 375 1221 418 interdictae
1253 375 1504 418 uenationis
1535 375 1728 418 edictum
1761 389 1859 419 cen-

389 450 578 490 suerunt
598 461 690 490 esse
711 446 986 501 soluendum,
1007 448 1051 488 et
1071 448 1214 488 artem
1235 444 1468 501 utriusque
1488 445 1740 488 uenationis
1759 459 1860 497 cum

389 516 600 559 exercitio
629 516 804 573 publice
839 515 1174 558 admittendam.
1235 514 1397 557 Fertur
1427 517 1555 556 uates
1587 514 1861 557 Mantuanus

388 587 683 643 interrogasse
723 585 994 640 Marcellum,
1026 599 1127 628 cum
1167 583 1500 641 depopulationi
1540 583 1693 626 auium
1728 583 1859 627 vehe-
1878 599 1897 634 5

386 655 581 699 mentius
601 671 779 713 operam
804 655 943 705 daret,
963 670 1022 697 an
1049 668 1178 697 auem
1205 653 1359 696 mallet
1378 653 1540 696 instrui
1560 653 1617 695 in·
1628 656 1859 710 capturam

386 725 551 780 auium,
564 740 622 768 an
637 740 833 768 muscam
850 724 1084 767 informari
1100 724 1148 766 in
1164 723 1580 767 exterminationem
1595 737 1860 767 muscarum.

386 793 502 837 Cum
521 809 627 838 uero
649 794 950 851 quaestionem
971 794 1028 837 ad
1051 793 1322 836 auunculum
1347 792 1572 836 retulisset
1592 792 1859 849 Augustum,

385 864 567 908 consilio
597 865 691 907 eius
721 864 963 921 praeelegit
992 866 1045 906 ut
1075 864 1202 906 fieret
1227 876 1390 918 musca,
1417 876 1530 919 quae
1557 862 1615 904 ab
1646 861 1859 919 Eneapoli

385 948 557 976 muscas
587 934 796 991 abigeret,
826 936 872 976 et
902 933 1130 976 ciuitatem
1160 947 1187 974 a
1215 934 1339 989 peste
1369 931 1607 974 insanabili
1637 931 1859 975 liberaret.
1878 947 1919 974 ιο

340 998 368 1037 d
387 1003 523 1059 Optio
547 1003 724 1059 quidem
751 1003 935 1060 impleta
965 1005 1055 1054 est3
1085 1002 1203 1045 unde
1233 1001 1375 1058 liquet
1401 1001 1603 1058 privatae
1633 1000 1857 1058 uoluptati

385 1072 580 1115 cuiusuis
607 1072 943 1130 praeferendam
971 1087 1064 1115 esse
1091 1071 1335 1114 multorum
1359 1071 1593 1114 uilitatem.
1653 1071 1708 1113 In
1729 1071 1856 1114 semi-

384 1142 472 1184 uiri
513 1141 720 1186 Chironis
760 1145 890 1185 antro
930 1142 984 1199 (si
1025 1141 1203 1184 Graecis
1243 1156 1322 1198 per
1360 1141 1509 1184 omnia
1544 1140 1757 1199 creditur)
1790 1144 1858 1185 est

383 1211 619 1254 institutus
639 1212 834 1255 Achilles
853 1211 1124 1255 lirae'modis
1144 1214 1190 1254 et
1209 1211 1417 1261 citharae,
1432 1213 1478 1253 et
1501 1210 1604 1253 inde
1625 1210 1857 1257 traductus

384 1280 442 1322 ad
472 1281 608 1324 siluas
633 1282 680 1324 in
707 1284 856 1338 strage
886 1281 1095 1332 ferarum,
1115 1281 1323 1324 caedibus
1347 1283 1393 1323 et
1419 1279 1522 1323 fedo
1546 1281 1687 1323 uietui
1709 1295 1855 1324 assue-
1876 1291 1915 1329 15

384 1365 521 1405 scens,
565 1352 861 1394 reuerentiam
906 1354 1093 1394 naturae
1143 1351 1434 1407 timoremque
1476 1351 1633 1394 mortis
1683 1351 1855 1394 abiecit.

386 1420 505 1473 Quid
538 1421 654 1477 quod
688 1421 863 1464 Bachus
895 1421 1083 1464 eundem
1118 1421 1278 1464 habuit
1311 1422 1612 1464 nutritorem?
1682 1421 1855 1478 Nempe

385 1490 461 1546 qui
502 1490 572 1533 his
612 1490 773 1533 studiis
811 1493 892 1533 aut
931 1491 1112 1534 desidiis
1152 1491 1377 1542 insistunt,
1417 1490 1612 1534 semiferi
1653 1493 1770 1541 sunt,
1809 1494 1855 1534 et

383 1559 555 1603 abiecta
574 1560 745 1616 potiore
765 1560 1058 1603 humanitatis
1082 1563 1221 1617 parte,
1241 1561 1412 1605 ratione
1439 1575 1610 1603 morum
1639 1560 1855 1618 prodigiis

381 1628 727 1673 conformantur.
786 1629 827 1672 A
847 1630 1031 1673 leuitate
1050 1630 1268 1687 siquidem
1288 1630 1345 1672 ad
1364 1630 1603 1680 lasciuiam,
1623 1644 1650 1672 a
1670 1629 1854 1673 lasciuia
1872 1646 1917 1674 πο

382 1697 439 1740 ad
469 1698 758 1755 uoluptatem,
785 1702 831 1742 et
856 1714 957 1742 cum
984 1699 1280 1755 induruerint,
1307 1700 1363 1743 ad
1391 1700 1564 1758 flagitia
1595 1703 1639 1743 et
1669 1700 1853 1756 quaeuis

382 1767 539 1811 illicita
568 1769 902 1825 pertrahuntur.
964 1758 1252 1822 Quaeruntur
1275 1770 1368 1813 otia
1387 1773 1488 1827 post
1507 1770 1690 1825 labores,
1712 1770 1853 1821 fomes

231 1849 316 1889 394
336 1850 366 1879 a
385 1837 624 1881 hilaritatis
662 1839 834 1896 gratior
873 1842 951 1889 est,
991 1839 1029 1882 si
1070 1839 1182 1882 dura
1225 1840 1553 1897 praecesserint,
1593 1840 1854 1883 reficiuntur

383 1907 558 1950 auidius
608 1923 720 1964 quae
770 1909 1000 1951 exinanita
1049 1908 1230 1952 fuerant
1278 1909 1529 1966 plurimum.
1609 1909 1853 1953 Venatores

382 1991 532 2019 omnes
562 1977 707 2020 adhuc
737 1978 1064 2021 institutionem
1101 1978 1300 2022 redolent
1335 1978 1672 2022 Centaurorum.
1734 1979 1852 2023 Raro
1872 1994 1913 2030 ²⁵

382 2046 611 2089 inuenitur
637 2047 870 2104 quisquam
896 2063 1047 2091 eorum
1073 2048 1297 2091 modestus
1323 2051 1403 2092 aut
1433 2048 1596 2106 grauis,
1624 2063 1723 2092 raro
1750 2063 1851 2093 con·

383 2193 397 2219 1
426 2182 604 2229 ymagine
622 2182 662 2218 M
781 2208 786 2215 -
830 2193 852 2229 9
876 2184 1030 2231 neapoli
1049 2184 1114 2220 SM
1132 2196 1236 2221 erasa
1253 2190 1371 2221 tamen
1390 2187 1510 2222 littera
1527 2191 1611 2222 ante
1628 2198 1653 2222 n
1808 2196 1852 2232 14

379 2231 558 2275 cytharae
580 2231 615 2265 M
735 2241 779 2277 23
804 2231 1024 2278 hylaritatis
1043 2232 1082 2267 M
1195 2243 1240 2278 24
1267 2232 1409 2270 fuerint
1429 2233 1467 2269 M
1578 2235 1624 2270 26
1650 2232 1851 2280 quisquam

378 2289 507 2313 eorum
525 2277 718 2314 inuenitur
733 2278 766 2314 A

429 2404 442 2430 1
473 2395 527 2429 Εο
555 2396 705 2447 denique
734 2396 829 2430 etc.:
873 2393 926 2430 De
952 2394 1023 2430 hac
1051 2405 1090 2429 re
1114 2396 1306 2431 auctorem
1340 2394 1464 2431 citant
1497 2397 1604 2450 codd.
1640 2396 1696 2433 SP
1729 2409 1849 2446 marg.

381 2441 549 2476 Catulum
568 2453 645 2496 slve
668 2443 851 2477 Catullum
877 2443 1106 2477 Par-manaem
1132 2442 1177 2478 de
1203 2453 1277 2488 quo
1294 2442 1377 2480 vide
1402 2455 1497 2488 quae
1523 2443 1654 2490 scripsi
1676 2446 1851 2483 Classical

379 2488 861 2534 Review,xi.6(1u1.1897).
957 2499 980 2534 4
1006 2491 1142 2524 Femu-
1156 2497 1275 2526 uates:
1302 2502 1334 2526 ν.
1351 2490 1596 2537 Comparetti,
1619 2493 1772 2538 Vnyvlae'o
1789 2495 1850 2531 nel

377 2537 492 2571 medio
519 2548 585 2578 eto,
614 2535 651 2572 ii.
679 2546 710 2581 3,
743 2546 793 2578 ιο,
822 2535 899 2571 alib
877 2535 926 2573 b.i
1186 2538 1386 2583 Eneapoli:
1438 2540 1558 2593 ‚Viti
1586 2540 1819 2577 Athanasii'
1807 2554 1848 2578 ιιι

377 2586 504 2629 S'criph
526 2585 897 2629 Rerumlonqobaml.
969 2594 1040 2628 440
1055 2548 1446 2639 ap.301'111›arett.v0p.
1462 2585 1524 2622 cit.
1543 2586 1581 2622 ii.
1603 2597 1632 2630 3.
1735 2599 1787 2633 12,
1806 2598 1847 2636 13

376 2633 540 2666 oaemitciri
560 2632 749 2667 Chironia:
777 2643 806 2666 v.
826 2596 1118 2668 OvidpMetam.
1108 2631 1148 2667 ii.
1165 2632 1257 2677 633;
1283 2633 1383 2668 lvast.
1401 2644 1433 2668 v.
1453 2637 1531 2678 380.
1582 2633 1634 2670 Cf.
1651 2616 1848 2674 claudian.

375 2679 419 2714 de
444 2678 527 2713 111ο
551 2690 643 2714 cone.
671 2679 829 2713 Honoris·
853 2680 910 2714 62.
1099 2690 1139 2723 ¹4
1165 2680 1304 2714 Achill·
1288 2692 1343 2716 es:
1375 2692 1406 2715 v.
1425 2680 1520 2717 stat
1540 2683 1756 2720 Aclullaeisi.
1780 2693 1847 2731 159

375 2737 413 2761 ne
442 2738 477 2771 q.
637 2735 675 2769 17
703 2727 868 2761 Bachus:
906 2725 1010 2762 Vnde
1036 2725 1214 2762 didicerit
1242 2726 1399 2764 Ioannes
1426 2728 1615 2764 Bacchum
1643 2730 1845 2769 Chironem

375 2771 548 2808 humine
578 2772 806 2809 nutritorem
836 2773 987 2817 nesci03
1026 2774 1124 2819 quod
1154 2785 1357 2819 numquam
1388 2774 1460 2811 nisi
1490 2788 1549 2823 ap.
1580 2776 1844 2816 Ptolomaeum

374 2820 668 2867 Hephaestioni·
687 2820 760 2867 (ed.
780 2820 931 2865 Roulez,
950 2833 986 2867 p.
1006 2828 1065 2868 25)
1084 2823 1278 2858 narratum
1299 2822 1458 2869 repperi.

487 2890 528 2925 26
