1994 3190
254 771 379 812 53ὄὲι

350 1658 380 1697 b

356 2501 380 2532 c

717 150 979 195 IOANNIS
1019 149 1532 195 SARESBERIENSIS
1679 147 1794 211 [mn.
1809 161 1862 195 tv

395 270 686 328 praesignem.
760 269 886 314 Alias
931 269 1050 313 enim
1097 268 1191 312 dux
1235 270 1351 312 esset
1394 268 1579 320 inutilis,
1618 282 1720 312 cum
1763 268 1859 312 sine

395 340 567 383 uiribus
586 354 725 398 regna
743 339 917 396 adquiri
937 353 1027 382 non
1046 338 1227 381 ualeant
1252 340 1332 381 aut
1359 337 1453 381 sine
1473 338 1646 380 iustitia
1666 337 1859 381 retineri.

397 409 529 452 Nunc
567 423 674 452 uero
703 409 901 452 omnium
929 408 1061 451 unica
1095 407 1344 450 sollicitudo
1380 410 1458 459 est,
1487 407 1659 457 liberos,
1689 406 1859 463 quales—

396 492 583 535 cumque
609 478 711 529 sint,
732 478 904 521 diuitiis
930 481 976 521 et
1005 477 1245 520 honoribus
1274 477 1422 534 potius
1452 491 1585 534 quam
1614 475 1860 519 uirtutibus

396 547 621 605 insignire.
685 547 943 604 Negligitur
972 546 1135 589 etenim
1165 546 1283 603 quod
1312 560 1424 589 onus
1453 545 1517 588 rei
1547 545 1748 603 publicae
1777 544 1858 587 im-
1878 559 1916 598 5·

397 620 599 674 ponatur.
674 616 872 674 Expulso
915 615 1115 673 Superbo
1154 615 1407 672 Tarquinio,
1447 615 1524 672 qui
1562 614 1771 672 regnauit
1811 613 1860 656 in

395 686 506 730 urbe
543 686 821 736 nouissimus,
850 700 951 729 cum
986 685 1153 727 Brutus
1182 684 1352 741 primus
1385 683 1537 727 consul
1566 683 1726 726 liberos
1758 696 1861 726 suos

396 755 451 799 de
494 755 752 799 reuocandis
789 755 838 797 111
876 754 1030 797 urbem
1071 753 1249 810 regibus
1288 767 1418 810 agere
1459 752 1747 810 cognouisset‚
1786 765 1860 794 eos

394 824 617 882 protraxit
655 824 703 866 in
742 823 891 867 forum
930 825 976 866 et
1013 822 1062 864 in
1102 822 1248 865 media
1286 821 1490 865 contione
1530 820 1671 878 uirgis
1712 834 1860 864 caesos

394 893 575 937 tandem
604 893 745 937 securi
776 892 947 950 percuti
977 891 1117 942 iussit,
1147 894 1200 934 ut
1229 891 1359 948 plane
1391 890 1594 948 publicus
1622 903 1783 947 parens
1811 889 1862 932 in
1880 908 1922 934 10

394 962 539 1007 locum
568 962 806 1005 liberorum
836 961 1065 1004 uideretur
1094 960 1306 1017 populum
1335 960 1581 1017 adoptasse.
1640 958 1735 1016 Ego
1764 958 1861 1016 qui-

395 1031 507 1082 dem,
537 1031 620 1074 etsi
650 1030 936 1088 parricidium
967 1030 1307 1087 perhorrescam,
1336 1028 1528 1072 consulis
1562 1042 1652 1071 non
1681 1042 1860 1085 possum

395 1116 484 1145 non
504 1100 747 1158 approbare
767 1100 912 1151 fidem,
932 1099 1008 1156 qui
1028 1099 1188 1142 maluit
1212 1098 1400 1142 salutem
1419 1098 1658 1141 liberorum
1679 1111 1860 1140 suorum

394 1170 636 1228 periclitari
656 1185 788 1227 quam
809 1169 971 1226 populi.
1013 1169 1204 1212 Rectene
1224 1168 1391 1221 fecerit,
1411 1168 1607 1212 iudicent
1626 1166 1858 1224 sapientes,

395 1240 490 1298 Ego
520 1240 637 1283 enim
667 1253 870 1296 campum
900 1238 1036 1281 istum
1075 1237 1324 1281 oratoribus
1353 1237 1443 1281 late
1474 1239 1626 1294 patere
1660 1235 1859 1294 cognoui,
1878 1253 1920 1288 1⁵

396 1312 442 1353 et
462 1309 509 1351 in
530 1324 581 1352 eo
600 1309 915 1352 declamatores
934 1308 981 1350 in
1001 1307 1186 1365 ancipiti
1209 1306 1397 1350 materia
1419 1306 1594 1364 saepius
1612 1305 1861 1357 desudasse,

397 1379 503 1421 dum
534 1379 581 1421 in
611 1378 885 1421 absolutione
915 1377 1140 1434 parricidii
1170 1376 1280 1420 fides
1308 1376 1482 1420 laborat
1511 1379 1556 1420 et
1585 1374 1862 1433 parricidalis

397 1448 602 1505 impietas
630 1447 840 1490 meritum
868 1446 972 1490 fidei
1002 1450 1189 1491 conatur
1223 1446 1493 1504 extinguere.
1555 1444 1684 1498 Quod
1718 1444 1756 1488 si
1790 1457 1862 1488 me

398 1516 455 1560 ad
484 1515 750 1560 sententiam
780 1530 923 1573 urges
953 1516 1194 1573 respondeo
1224 1515 1342 1573 quod
1371 1515 1419 1557 in
1453 1529 1584 1570 causa
1616 1512 1862 1557 Smirnensi

398 1586 682 1643 Ariopagitas
728 1584 868 1628 Gneio
912 1584 1167 1628 Dolobellae
1210 1584 1391 1628 inuenio
1429 1583 1714 1641 respondisse.
1788 1581 1860 1626 Ad
1880 1597 1924 1623 20

399 1669 540 1712 quem,
559 1654 834 1711 prouinciam
859 1653 1013 1697 Asiam
1041 1653 1341 1711 proconsulari
1367 1653 1552 1710 imperio
1577 1651 1862 1703 obtinentem,

397 1724 557 1767 mulier
591 1722 859 1766 Smirnensis
893 1723 1084 1766 adducta
1117 1726 1196 1774 est,
1230 1723 1444 1767 confitens
1482 1737 1528 1766 se
1566 1721 1778 1764 maritum
1816 1723 1864 1765 et

397 1793 538 1836 filium
578 1792 696 1835 datis
739 1791 853 1835 clam
898 1792 1081 1836 uenenis
1121 1793 1340 1843 occidisse,
1372 1807 1423 1836 eo
1458 1791 1575 1849 quod
1618 1790 1685 1833 illi
1719 1790 1862 1834 filium

398 1862 493 1906 eius
527 1855 584 1905 e'x
622 1861 763 1905 altero
803 1861 1086 1905 matrimonio
1120 1862 1338 1919 optimum
1373 1865 1419 1905 et
1455 1859 1863 1904 innocentissimum

398 1932 602 1975 iuuenem
624 1933 857 1987 exceptum
877 1930 1051 1974 insidiis
1070 1932 1275 1989 nequiter
1293 1931 1565 1981 occidissent,
1585 1930 1668 1973 sibi
1690 1929 1863 1973 licitum
1881 1951 1923 1986 ης

398 2014 491 2044 0880
511 2014 709 2043 asserens
728 2014 784 2042 ex
806 1999 1084 2056 indulgentia
1107 2000 1255 2058 legum
1284 2003 1329 2044 et
1355 2001 1425 2044 ius
1448 2000 1651 2057 ignorare
1672 2001 1717 2042 et
1737 2012 1863 2041 suam

398 2073 445 2113 et
463 2083 642 2113 suorum
663 2071 710 2111 et
729 2068 867 2111 totius
888 2068 950 2111 rei
972 2069 1173 2126 publicae
1198 2084 1302 2113 suae
1323 2073 1415 2113 tam
1441 2073 1633 2113 atrocem
1653 2067 1864 2112 iniuriam

397 2138 641 2182 nendicare.
702 2137 779 2180 Ius
807 2141 935 2180 extra
959 2152 1135 2181 causam
1163 2142 1270 2190 erat,
1290 2153 1389 2183 cum
1414 2138 1468 2182 de
1496 2138 1615 2182 facto
1640 2140 1865 2182 constaret

403 2212 450 2251 et
494 2207 548 2251 de
595 2207 690 2250 iure
730 2210 1028 2263 quaereretur.
1098 2207 1212 2252 Cum
1256 2222 1360 2266 ergo
1402 2207 1631 2251 Dolobella
1670 2221 1763 2250 rem
1813 2206 1863 2251 in

397 2277 628 2322 consilium
658 2275 925 2328 deduxisset,
945 2290 1033 2319 non
1062 2275 1150 2319 fuit
1177 2276 1253 2334 qui
1279 2277 1326 2320 in
1352 2291 1485 2321 causa
1511 2279 1581 2333 (ut
1600 2276 1862 2334 putabatur)
1878 2295 1924 2331 30

399 2346 581 2404 ancipiti
629 2344 914 2388 manifestum
962 2346 1222 2389 ueneficium
1270 2349 1316 2390 et
1354 2345 1639 2403 parricidium
1678 2345 1864 2390 auderet

399 2415 637 2465 absoluere,
676 2413 747 2457 uel
788 2413 1043 2465 uindictam,
1084 2429 1196 2472 quae
1243 2415 1289 2458 in
1333 2414 1492 2472 impios
1537 2417 1582 2459 et
1621 2413 1863 2472 parricidas

399 2486 680 2543 processerat,
719 2482 1050 2540 condempnare.
1131 2483 1239 2527 Rem
1286 2483 1435 2542 itaque
1478 2483 1534 2527 ad
1579 2483 1864 2541 Ariopagitas

402 2604 435 2650 5·
447 2593 618 2649 puplicae
637 2592 673 2628 M
819 2601 860 2628 21
888 2590 1123 2638 optinentcm
1142 2591 1242 2628 ΑΒΜ
1387 2602 1432 2638 24
1458 2591 1537 2629 eiua
1555 2603 1621 2646 qm.
1641 2591 1685 2645 M·
1817 2591 1863 2629 28

398 2642 594 2680 uindicare
612 2637 772 2677 CBASM
919 2649 964 2685 29
987 2639 1181 2676 ἀοι-01101111,
1197 2639 1294 2677 CBA
1428 2650 1472 2687 33
1498 2640 1751 2687 arnopagntae
1766 2637 1798 2675 B

397 2787 428 2826 G
445 2750 465 2785 7
492 2753 573 2795 eug·
589 2741 728 2776 Bmcnu
743 2739 816 2775 etc.
833 2747 856 2795 ε.
869 2749 902 2774 v.
922 2736 1019 2774 Flor.
1036 2737 1060 2775 i.
1079 2748 1102 2784 9
1120 2737 1138 2785 ξ
1159 2747 1194 2785 5.
1220 2785 1227 2793 .
1339 2749 1423 2793 nno,
1441 2748 1481 2775 21
1513 2739 1573 2775 Aa
1588 2750 1690 2786 quem
1706 2738 1801 2776 etc:
1827 2748 1859 2776 v.

431 2787 493 2826 en.
512 2798 575 2823 ιιι.
595 2796 628 2833 7.
771 2786 817 2823 26
842 2796 900 2821 nuo
916 2786 1101 2831 iquorem:
1127 2798 1156 2823 v.
1183 2786 1269 2834 Dig.
1286 2797 1375 2823 xxu.
1392 2787 1415 2824 6
1434 2785 1452 2834 §
1472 2795 1506 2833 9.

507 2867 573 2904 272
