1994 3190
213 232 313 266 GAP.
330 219 398 281 vi]
733 219 1135 264 POLICRATIOV
1137 220 1170 264 S
1692 223 1777 272 403
1796 223 1833 262 b.

212 344 258 384 et
291 355 431 398 aquae
463 339 659 383 furtiuae
691 339 917 389 dulciores,
942 342 988 381 et
1018 339 1147 395 panis
1181 339 1464 384 absconditus
1497 340 1680 384 suauior

211 413 290 454 est.
351 409 410 452 Et
440 409 618 466 quidem
638 408 815 465 Frigius
838 408 996 450 modus
1025 407 1201 450 decreto
1225 409 1588 466 philosophorum
1620 410 1677 452 ab

212 479 316 522 aula
355 478 564 521 Graeciae
603 477 692 520 iam
732 477 903 534 pridem
946 477 1092 519 iussus
1132 480 1211 529 est,
1252 480 1297 520 et
1339 479 1474 521 ceteri
1515 479 1676 536 quibus

210 548 442 591 descensus
462 548 515 590 fit
539 547 586 589 in
613 546 840 590 lasciuiam
869 548 914 588 et
943 546 1280 602 corruptionem.
1338 547 1501 590 Annon
1522 549 1676 591 recolis

171 629 190 664 5
211 616 424 661 Ciconum
459 619 623 659 matres
658 618 704 658 et
738 630 877 658 nurus
911 615 1263 672 indignationem
1294 630 1420 658 suam
1455 619 1597 659 totam
1630 618 1678 659 in

209 686 449 743 Orpheum,
480 685 557 742 qui
591 699 735 728 mares
770 684 912 727 modis
946 685 1038 727 suis
1070 684 1415 736 effeminauerat,
1450 700 1588 742 usque
1620 686 1677 728 ad

208 755 445 798 Parcarum
491 754 707 797 inuidiam
759 754 976 804 effudisse,
1017 754 1120 796 licet
1171 754 1244 796 ille
1291 754 1466 796 flexerit
1513 755 1677 806 Manes,

207 824 507 880 duritiamque
551 823 671 866 Ditis
722 823 943 873 mollierit,
989 822 1327 879 Euridicemque
1378 838 1503 866 suam
1555 824 1676 867 uocis

207 893 354 951 gratia
389 893 471 936 etsi
511 892 711 936 infausta
750 895 867 936 sorte
903 892 1147 936 meruerit?
1219 891 1391 934 Exinde
1423 893 1676 935 huiusmodi

150 979 191 1004 ιο
208 963 437 1006 hominum
458 966 667 1020 quaestus
682 962 941 1020 plerumque
962 961 1134 1005 felicem
1156 962 1325 1004 exitum
1348 977 1437 1004 non
1458 966 1675 1019 expectat,

207 1034 254 1076 et
273 1031 389 1075 forte
410 1032 514 1088 quia
1692 1047 1717 1076 c

380 1135 469 1164 non
499 1121 635 1164 habet
665 1124 851 1164 euentus
881 1120 1058 1164 sordida
1088 1120 1252 1178 praeda
1282 1121 1429 1164 bonos.

208 1207 331 1261 Quae
350 1222 457 1250 uero
481 1210 652 1250 mentes
677 1207 908 1251 emolliunt
928 1222 1156 1266 moresque
1177 1208 1456 1258 sabuci-tunt,
1477 1222 1504 1250 a
1524 1211 1678 1250 nostra

209 1279 327 1320 etate
356 1277 553 1334 undique
581 1277 868 1329 asciscuntur,
899 1276 1002 1319 licet
1029 1276 1126 1334 ipsa
1155 1277 1275 1319 ultra
1305 1292 1437 1334 quam
1469 1278 1578 1320 satis
1608 1282 1676 1320 est

150 1364 190 1399 15
208 1347 332 1391 uitiis
352 1348 443 1391 suis
463 1348 669 1391 abundet.
729 1347 778 1390 Si
800 1362 1064 1404 quemquam
1087 1362 1237 1390 eorum
1267 1348 1343 1405 qui
1368 1348 1675 1391 uehementius

207 1417 278 1460 his
316 1417 542 1467 insistunt,
572 1432 755 1475 grauem
795 1417 972 1468 uideris,
1007 1417 1044 1459 si
1085 1417 1344 1468 modestum,
1376 1417 1414 1460 si
1454 1417 1675 1474 pudicum,

207 1486 317 1530 uiris
356 1486 548 1530 fortibus
588 1490 840 1530 nostrorum
880 1490 1130 1544 temporum
1175 1487 1319 1544 ipsum
1359 1501 1675 1531 connumerare

206 1556 467 1600 memineris.
535 1556 902 1613 Quandoquidem
938 1556 1045 1599 haec
1078 1571 1179 1599 rara
1210 1557 1307 1599 auis
1342 1562 1420 1599 est.
1486 1556 1675 1600 Proinde

208 1625 387 1683 quidam
411 1626 678 1668 uenerabilis
704 1626 787 1676 uir,
807 1626 982 1669 circiter
1005 1626 1388 1683 septingentarum
1414 1626 1673 1669 monialium

149 1703 192 1740 20
207 1696 344 1751 pater,
374 1694 488 1738 hanc
513 1694 792 1738 monasteriis
822 1694 914 1737 suis
946 1694 1230 1751 praescripsit
1261 1694 1415 1752 legem,
1443 1698 1495 1737 ut
1524 1695 1674 1737 omnia

207 1777 357 1806 earum
377 1763 549 1807 cantica
568 1764 707 1807 totius
722 1763 901 1806 melicae
922 1764 1301 1820 pronunciationis
1322 1768 1490 1807 exuant
1510 1764 1673 1814 modos,

206 1834 252 1876 et
269 1834 322 1875 ut
341 1832 434 1876 sola
447 1832 716 1890 psalmorum
733 1836 778 1876 et
793 1833 975 1876 laudum
991 1833 1082 1875 sint
1097 1833 1394 1890 significatiua
1410 1834 1671 1890 pronuncia-

206 1901 326 1944 tione
359 1905 602 1945 contentae.
674 1902 890 1959 Suspecta
924 1902 1126 1959 equidem
1163 1902 1253 1946 fuit
1284 1907 1436 1946 sancto
1460 1903 1559 1946 uiro
1593 1918 1669 1946 uo-

206 1970 369 2028 luptati
385 1974 573 2029 cognata
587 1971 807 2027 mollities,
820 1987 870 2015 eo
891 1972 1008 2028 quod
1030 1972 1238 2029 uoluptas
1258 1987 1417 2029 parens
1434 1972 1668 2015 libidinum
1687 1974 1716 2014 d

67 2097 71 2102 ἡ
147 2059 189 2094 ²5
208 2042 284 2083 est.
345 2040 462 2094 Quid
482 2042 599 2098 quod
619 2042 726 2084 haec
753 2042 850 2098 ipsa
876 2042 1197 2085 cotidianorum
1218 2042 1523 2086 conuiuiorum
1544 2042 1669 2084 mali-

206 2108 316 2152 tiam
347 2109 477 2161 acuit,
507 2125 557 2154 ac
597 2111 635 2154 si
670 2126 853 2162 uenena,
888 2112 974 2154 nisi
1014 2112 1213 2155 toxicata
1252 2100 1366 2163 sint,¹
1387 2127 1541 2156 nocere
1581 2127 1671 2155 non

205 2178 405 2235 possint?
464 2179 566 2237 Igni
598 2181 809 2238 stipulam
839 2181 1011 2233 addere,
1036 2181 1181 2224 oleum
1211 2182 1395 2235 camino,
1421 2186 1668 2239 serpentem

205 2248 410 2299 toxicare,
425 2264 570 2292 nonne
586 2250 808 2294 dementia
823 2252 915 2294 est?
970 2251 1093 2294 Licet
1109 2266 1257 2294 rerum
1273 2252 1386 2295 uitia
1402 2254 1670 2311 obtegantur

208 2372 223 2399 1
251 2363 491 2400 abscunditus
502 2364 526 2400 S
590 2375 611 2401 2
637 2341 958 2413 phylosophorum
969 2366 997 2402 Ο
1070 2375 1087 2413 5
1114 2368 1236 2403 totam
1246 2366 1551 2414 indignationem
1562 2381 1667 2407 suam

205 2409 245 2446 M
350 2412 374 2447 6
397 2411 518 2448 modis
535 2411 610 2448 suis
628 2424 749 2450 mares
765 2412 799 2449 A
907 2423 948 2461 15
975 2414 1171 2451 habundet
1189 2414 1260 2450 A¹S

257 2524 272 2551 1
298 2527 411 2561 aquae
428 2517 523 2552 etc.:
552 2516 655 2554 Prov.
674 2517 723 2554 ix.
747 2527 799 2563 17.
909 2528 951 2554 12
976 2530 1050 2555 non
1067 2519 1169 2554 habet
1187 2521 1279 2556 etc.:
1309 2518 1373 2556 Ov.
1392 2521 1474 2557 Am.
1491 2519 1516 2557 i.
1538 2531 1591 2557 10.
1608 2524 1668 2567 48.

211 2563 253 2615 12}
280 2573 366 2598 rara
384 2565 486 2599 auis:
512 2563 588 2600 Iuv.
605 2566 679 2600 Sat.
696 2564 743 2600 vi.
765 2565 840 2611 165.
963 2576 1006 2611 19
1030 2568 1179 2612 quidam
1195 2568 1412 2602 uenerabilis
1427 2570 1508 2602 uir:
1533 2569 1613 2605 scil.
1632 2569 1667 2605 S.

206 2607 395 2645 Gllbertus
407 2610 453 2646 de
468 2610 768 2658 Sempriugham,
780 2612 844 2657 qui
858 2612 984 2648 ordini
997 2625 1020 2648 a
1032 2625 1069 2649 se
1086 2613 1244 2650 fundato
1261 2614 1362 2650 hanc
1376 2615 1547 2660 regulam
1565 2628 1670 2662 prae-

207 2654 357 2708 scripsit
369 2657 442 2702 (ap.
453 2656 634 2704 Dugdale,
643 2661 797 2695 Monast.
808 2662 950 2705 Anylic.
962 2660 1018 2696 ed.
1034 2662 1134 2706 1830,
1148 2661 1194 2697 vi.
1202 2663 1256 2707 pt.
1268 2672 1300 2705 2,
1306 2674 1344 2715 p.
1353 2660 1492 2708 lxxx.*)
1507 2663 1668 2699 ‘Sancti-

206 2703 389 2756 moniales
404 2706 549 2740 nostras
566 2708 720 2742 cantare
737 2718 814 2742 non
832 2706 1108 2752 perminimum
1132 2710 1189 2744 set
1211 2720 1366 2745 ommno
1391 2709 1665 2753 interdicimus,

207 2751 403 2803 cupientes
433 2751 553 2797 magis
585 2764 670 2788 cum
702 2753 770 2789 illa
800 2754 913 2790 beata
933 2753 1087 2800 Virgine
1104 2783 1111 2790 .
1133 2782 1142 2791 .
1163 2783 1170 2791 .
1194 2755 1235 2790 in
1268 2755 1405 2801 spiritu
1438 2757 1667 2794 humilitatis

206 2797 391 2850 indu-ecto
407 2798 579 2843 psallere,
598 2811 710 2845 quam
728 2812 814 2836 cum
831 2800 900 2837 illa
916 2801 1141 2838 Herodiadis
1157 2802 1238 2838 filia
1253 2802 1392 2838 lasciva
1409 2804 1664 2842 modulatione

206 2844 438 2880 lufirmorum
450 2847 596 2882 mentes
608 2848 844 2892 pervertere?
922 2857 966 2893 27
984 2850 1099 2885 oleum
1111 2852 1273 2886 camino:
1292 2850 1381 2886 Hor.
1394 2852 1471 2887 Sat.
1485 2851 1524 2886 ii.
1538 2862 1570 2896 3.
1583 2862 1664 2896 321.

1510 2933 1554 2964 43
