1994 3236
882 194 1337 255 PROLEGOMENA

375 315 447 369 (ea
484 328 542 359 sc.
583 327 697 371 quae
736 312 966 371 palmaris
1002 316 1189 358 uocatur
1227 317 1274 358 et
1317 313 1637 372 Symmachum
1682 328 1844 372 papam

375 383 584 439 absoluit)
615 384 758 427 citant
786 383 912 427 uelut
940 398 996 427 ex
1026 383 1294 442 Symmacho
1323 384 1420 442 ipso
1448 384 1532 428 Iuo
1559 382 1846 428 Carnotensis

375 457 422 497 et
442 453 695 496 Gratianus.

433 523 691 567 BENEDICTI
710 522 937 579 Reyulam
960 523 1227 580 aliquotiens
1246 523 1414 567 laudat.

433 593 645 636 IVNILIVS
665 592 713 635 in
732 592 766 635 I
763 591 973 636 nstitutis
997 592 1306 649 Reyidaribas
1325 592 1535 636 Diuinae
1560 592 1692 650 Leyis
1711 607 1844 650 quae·

375 662 479 706 dam
499 662 554 706 de
574 661 809 719 prophetia
823 661 972 715 habet,
990 677 1104 720 quae
1123 661 1264 706 refert
1283 662 1331 705 in
1343 661 1511 707 Polior.
1530 662 1560 705 i.
1584 675 1637 706 12
1657 662 1847 706 Ioannes

375 734 538 775 noster.

433 801 636 844 IoRDAm
672 800 721 843 in
755 799 875 844 Flori
906 800 1030 858 Epit.
1064 800 1094 844 i.
1132 813 1157 845 2
1194 801 1218 858 ᾗ
1249 813 1274 844 2
1305 800 1569 857 Ianumque
1607 799 1847 857 bifrontem

375 870 540 929 legenti
569 870 790 914 consentit
819 870 1031 923 Ioannes3
1060 871 1163 914 uide
1192 870 1556 915 commentarium
1587 869 1646 913 ad
1675 869 1844 914 Polior.

375 955 419 985 v.
441 953 467 997 3
498 939 582 996 (ed.
610 942 787 982 nostrae
814 942 847 982 t.
874 939 902 991 i,
926 953 968 996 p.
1001 941 1098 996 285.
1132 942 1215 997 26),
1243 939 1320 982 ubi
1345 940 1428 992 ‘vi,
1456 954 1498 996 p.
1524 953 1574 982 11
1591 939 1602 955 ’
1621 953 1703 996 pro
1727 942 1781 982 ‘t.
1803 954 1845 990 v,

375 1010 477 1068 ptis.
499 1009 528 1061 i,
547 1023 589 1066 p.
615 1023 631 1051 1
644 1022 664 1051 1
681 1009 691 1025 '
710 1022 790 1065 per
810 1023 1002 1052 errorem
1026 1009 1193 1067 scripsi.

435 1079 687 1122 FVLGENTII
709 1077 1033 1134 Mytkoloyicon
1054 1079 1211 1122 Ioanni
1232 1079 1280 1121 in
1299 1078 1505 1122 manibus
1524 1077 1721 1121 adfuisse
1742 1078 1845 1121 nolo

377 1162 581 1198 asserere,
611 1147 729 1204 quod
752 1150 901 1190 tamen
922 1162 977 1190 ex
998 1146 1163 1191 Polior.
1187 1163 1230 1191 V.
1261 1158 1284 1203 7
1313 1147 1537 1202 (editionis
1556 1149 1734 1190 nostrae
1754 1150 1786 1190 t.
1814 1148 1844 1198 i,

376 1232 417 1275 p.
440 1227 538 1274 307.
563 1219 633 1274 23)
656 1216 877 1273 suspicor:
906 1215 1010 1259 uide
1030 1216 1393 1260 commentarium
1414 1216 1472 1259 ad
1491 1216 1570 1260 loc.

437 1286 704 1330 Gnsoomvs
725 1285 1016 1328 TVRONENSIS
1036 1300 1148 1342 quae
1175 1286 1222 1328 in
1243 1285 1454 1329 Historia
1481 1285 1771 1329 Francorum
1789 1285 1845 1328 de

376 1355 421 1399 S.
443 1355 613 1399 Briccio
632 1356 800 1406 narrat,
816 1368 872 1397 ex
889 1353 1053 1398 Polior.
1070 1354 1144 1398 vii.
1166 1368 1216 1410 19
1231 1359 1417 1413 apparet
1437 1354 1649 1397 Ioannem
1665 1354 1845 1412 legisse3

377 1427 530 1468 utrum
551 1427 699 1467 tamen
720 1423 766 1465 in
786 1423 883 1480 ipso
904 1422 1107 1481 Gregorii
1133 1423 1247 1466 libro
1273 1438 1332 1466 an
1350 1426 1528 1466 tantum
1547 1423 1595 1466 in
1615 1423 1845 1466 Breuiario

378 1495 437 1548 (v.
459 1492 596 1536 Brea.
618 1493 720 1536 Sar.
741 1492 807 1535 ed.
830 1491 1010 1535 Procter
1028 1495 1074 1535 et
1094 1491 1411 1546 Wordsworth,
1426 1491 1487 1535 iii.
1509 1491 1636 1551 1032)
1648 1491 1844 1535 dubitari

374 1566 535 1621 potest.

439 1632 669 1675 GREGORII
699 1630 871 1681 MAGNI,
890 1629 1083 1675 doctoris
1107 1629 1386 1674 sanctissimi
1412 1629 1558 1681 illius,
1578 1630 1663 1687 qui
1690 1630 1842 1674 melleo

370 1700 733 1759 praedicationis
750 1698 902 1756 ymbre
919 1703 1062 1743 totam
1083 1699 1264 1756 riyauit
1287 1703 1329 1744 et
1346 1698 1576 1743 debriauit
1606 1699 1844 1750 ecclesiam,

376 1774 432 1814 ut
466 1771 531 1814 ait
561 1770 608 1812 in
637 1768 804 1815 Polior.
833 1769 878 1812 ii.
896 1770 979 1820 ¹26,
1008 1769 1232 1826 Dialoyos,
1255 1767 1496 1826 Epistolas,
1527 1768 1760 1812 Homilias
1788 1769 1842 1811 in

380 1838 645 1896 Eua‘nyelia
685 1841 730 1881 et
768 1837 826 1881 i‘n
864 1837 1149 1890 Ezechielem,
1189 1836 1391 1883 Moralia
1434 1837 1493 1881 in
1531 1836 1710 1881 libram
1749 1836 1843 1888 Iob,

376 1908 603 1965 Reyulam
627 1906 912 1951 Pastor-alem
940 1907 1051 1950 citat
1077 1906 1276 1950 Ioannes.
1334 1905 1548 1949 Fabulam
1570 1906 1624 1949 de
1652 1906 1842 1949 Traiano

378 1977 582 2035 Gregorii
607 1976 811 2034 precibus
834 1976 891 2019 ad
916 1976 1057 2019 uitam
1085 1978 1292 2019 reuocato
1317 1974 1456 2019 refert
1475 1975 1522 2018 in
1541 1974 1707 2019 Polior.
1727 1989 1768 2019 v.
1795 1977 1844 2028 8;

378 2046 481 2090 uide
517 2060 671 2090 comm.
707 2047 909 2088 nostrum
943 2045 1001 2088 ad
1036 2044 1115 2089 loc.
1175 2044 1348 2088 Primus
1383 2043 1500 2087 inter
1532 2046 1734 2087 auctores
1765 2058 1843 2087 ex-

377 2118 547 2159 stantes
571 2117 726 2157 narrat
752 2114 799 2156 in
819 2112 985 2158 Polior.
1018 2113 1062 2157 ii.
1094 2113 1160 2164 26,
1186 2113 1277 2158 viii.
1313 2126 1366 2171 19
1395 2112 1658 2170 Gregorium
1688 2112 1844 2156 biblio-

377 2185 550 2228 thecam
574 2183 822 2226 Palatinam
842 2182 1031 2226 flammis
1044 2182 1291 2227 tradidisse.
1352 2181 1476 2235 Quae
1488 2182 1543 2225 de
1558 2182 1653 2225 eius
1667 2196 1844 2226 summo

377 2254 600 2307 lanywre
629 2251 764 2295 habet
794 2252 956 2295 Polior.
980 2251 1054 2295 vii.
1082 2265 1133 2305 19
1155 2251 1267 2294 etin
1295 2250 1402 2295 Vita
1427 2266 1455 2294 a
1484 2250 1621 2294 Paulo
1649 2250 1844 2294 Diacono

378 2322 544 2379 scripta
565 2321 668 2364 lieet
688 2321 843 2378 legere,
864 2335 920 2363 ex
942 2320 1180 2370 Breuiario,
1202 2320 1246 2363 ni
1270 2319 1412 2372 fallor,
1432 2319 1688 2376 desumpsit.

439 2391 667 2434 DARETEM
693 2389 940 2433 PHRYGIVM
962 2389 1038 2446 qui
1062 2404 1108 2432 se
1130 2388 1283 2432 haberi
1303 2387 1458 2441 uoluit,
1478 2388 1593 2431 sexti
1614 2390 1715 2446 post
1734 2386 1839 2432 Chr.

379 2459 541 2504 saeculi
576 2457 648 2516 (ut
681 2458 878 2514 uidetur)
911 2460 1149 2507 auctorem,
1184 2471 1272 2500 non
1303 2457 1414 2501 citat
1449 2457 1663 2509 Ioannes;
1703 2457 1841 2500 uerba

379 2529 496 2573 enim
529 2542 642 2585 quae
677 2527 723 2570 in
757 2526 923 2571 Polior.
949 2525 980 2574 i.
1007 2540 1035 2579 4
1066 2526 1281 2570 exhibent
1312 2526 1527 2570 editiones
1565 2526 1843 2577 uetustiores,

380 2597 514 2643 Audi
547 2600 778 2654 quantwm
818 2595 981 2640 attollit
1023 2594 1199 2639 Vlixem
1233 2595 1387 2648 Dares,
1421 2594 1643 2640 codicibus
1678 2595 1845 2639 nostris

380 2666 561 2712 omnino
581 2665 755 2709 desunt.

439 2735 620 2779 Ismom
641 2732 938 2791 Etynwloqiie
959 2733 1069 2789 (siue
1091 2731 1392 2791 Oriyi‘nibus),
1412 2746 1598 2790 quorum
1619 2732 1846 2789 exemplar

379 2804 585 2851 eeclesiae
619 2803 880 2849 Carnotensi
915 2805 1182 2849 testamento
1215 2801 1394 2862 legauit,
1427 2801 1591 2861 passim
1630 2816 1738 2847 usus
1777 2805 1845 2847 est

496 2873 543 2918 xl
1787 2869 1791 2874 .
