1994 3236
902 191 1253 239 REGISTRVM

343 313 471 349 LIBRI
486 310 522 348 V
569 309 658 356 Gap.
681 319 722 355 13
1717 315 1811 343 mo.

613 368 895 412 aduocatorum,
909 369 949 404 et
965 377 1065 414 pena
1080 365 1396 403 calumniatorum
1411 364 1491 402 aine
1508 363 1696 412 praeuari-

613 425 784 463 cantium
799 427 867 462 aut
883 424 1221 472 tergium-santium
1256 452 1267 462 .
1362 451 1371 461 .
1470 450 1480 460 .
1576 449 1585 459 .
1684 451 1694 462 .
1743 433 1813 470 339

486 497 539 532 ¹4·
563 485 620 522 De
637 484 787 522 ratione
803 483 1147 521 instrumentorum
1258 509 1267 518 .
1469 510 1477 519 .
1576 510 1586 519 .
1683 509 1693 518 .
1743 491 1812 528 342

483 555 538 592 15
563 541 1462 590 Quaepertineantadreligionemproconsulum,
1468 540 1695 587 praesidum,

617 603 658 640 et
674 601 953 639 ordinariorum
976 601 1159 646 iudicum,
1184 601 1225 638 et
1248 601 1436 646 quatenus
1458 599 1593 637 exenia
1615 610 1696 645 pro-

615 660 723 698 tendi
751 660 890 705 liceat3
925 662 964 697 et
989 660 1036 696 de
1063 659 1258 702 Cicerone,
1284 658 1492 702 Bernardo,
1517 657 1696 702 Martino‚

617 718 799 756 Gaufrido
815 718 1060 756 Carnotensi.
1155 743 1166 754 .
1580 743 1589 752 .
1688 742 1697 752 .
1745 725 1815 762 344

485 779 540 817 16.
565 777 621 815 De
645 777 806 814 crimine
828 777 1139 823 repetundarum,
1157 787 1231 821 quo
1254 777 1439 812 tenentur
1453 776 1492 811 et
1508 773 1699 820 praesides

616 838 656 874 et
672 835 816 873 iudices
830 835 900 882 qui
915 834 1059 881 aliquid
1076 834 1232 871 omnino
1253 832 1445 881 accipiunt
1459 834 1620 880 propter
1635 844 1699 870 eas

615 905 674 931 ree
684 905 782 940 quae
793 893 867 931 sibi
878 895 967 930 sunt
979 905 1025 931 ex
1036 893 1157 930 officio
1167 892 1362 930 faciendae
1376 905 1385 938 ς
1405 893 1446 929 et
1457 892 1504 930 de
1516 890 1698 934 Samuele,

618 953 686 1000 qui
717 953 830 991 docet
859 953 947 1000 iuge
979 951 1203 989 sacrificium
1235 962 1317 989 esse
1349 951 1486 988 debere
1518 949 1560 986 in
1589 950 1700 986 domo

617 1011 766 1055 iudicis,
782 1023 879 1058 quae
892 1011 1055 1058 seipsam
1067 1010 1261 1048 oblatione
1277 1008 1446 1047 iustitiae
1462 1011 1501 1046 et
1516 1009 1701 1046 bonorum

618 1082 775 1117 operum
793 1070 948 1108 exhibet
962 1069 1151 1115 templum
1167 1068 1239 1105 Dei
1266 1095 1276 1105 .
1373 1095 1382 1105 .
1479 1093 1489 1104 .
1584 1094 1594 1104 .
1749 1077 1819 1113 349

489 1139 541 1176 17.
569 1129 775 1167 Pecuniam
797 1127 1144 1174 contempnendum
1167 1138 1248 1164 esse
1271 1137 1341 1173 pro
1359 1125 1575 1173 sapientia3
1600 1095 1701 1172 quod

618 1187 736 1226 etiam
751 1190 926 1226 ueterum
942 1186 1253 1234 philosophorum
1270 1185 1454 1232 probatur
1469 1184 1653 1232 exemplis
1689 1212 1698 1222 .
1749 1185 1817 1230 358

481 2896 563 2940 viii
