1994 3190
0 1260 20 2963 mm<mmfflQ„
10 600 21 1147 ‘mma-p«.
4 495 17 547 222*

191 216 289 249 CAP.
308 202 431 265 xvn]
705 201 1146 248 POLICRATICVS
1672 204 1748 253 587
1767 204 1796 242 b

190 324 373 368 alterius
401 323 598 381 cupidus,
626 322 709 366 hoc
738 323 920 366 minime
958 326 1107 380 posset
1135 322 1354 365 ueraciter
1382 322 1656 380 respondere.

190 394 263 436 Ad
283 394 470 437 salutem
495 395 646 435 tamen
673 392 749 435 uia
775 391 1000 434 tutissima
1030 394 1098 434 est
1128 391 1301 434 diuitiis
1328 394 1373 435 et
1400 392 1531 435 rebus
1557 392 1658 436 aliis

191 463 409 520 expedito,
466 461 785 504 Difficillimum
816 460 934 503 enim
965 463 1032 503 est
1060 464 1113 503 ut
1142 475 1440 518 possessorum
1467 461 1537 504 sui
1567 476 1657 504 non

190 531 435 589 impediant
467 544 654 574 cursum.
715 529 826 583 Quis
864 529 1006 573 nescit
1045 529 1340 586 Ypodamiam
1380 531 1658 587 praeuolasse

155 614 173 648 5
190 601 247 644 ad
272 601 476 658 palmam,
496 600 603 643 dum
629 599 978 643 concertantium
1005 613 1238 656 procorum
1260 614 1437 642 cursum
1463 600 1658 657 proiecto

190 685 298 714 auro
318 670 465 728 potuit
484 669 744 712 retardarez
800 669 968 712 Mansit
994 668 1146 725 itaque
1167 668 1295 725 uirgo
1320 668 1500 720 inuicta,
1521 669 1657 712 donec
1676 677 1701 706 c

190 742 375 783 uentum
405 741 473 782 est
501 738 558 782 ad
587 739 798 795 pecuniae
827 741 1186 795 contemptorem,
1217 737 1294 794 qui
1324 737 1372 779 in
1401 741 1659 795 contemptu

190 808 288 851 auri
327 807 547 865 uirginem
588 807 828 864 superauit,
848 821 1026 865 aurum
1066 806 1264 864 optinuit
1314 810 1359 849 et
1402 822 1459 850 ex
1498 822 1549 850 eo
1589 807 1660 866 (ut

190 877 393 935 fingitur)
428 876 673 920 certatricis
702 877 875 934 puellae
905 891 1051 920 cereos
1082 890 1189 919 axes
1224 875 1343 926 fecit,
1375 876 1482 918 dum
1518 877 1659 919 incor-

133 961 174 986 10
191 946 408 1004 ruptionis
438 961 562 989 amor
592 947 804 1003 pecuniae
838 954 1031 990 amorem
1063 945 1302 989 absorbuit.
1376 945 1536 989 Nonne
1577 947 1658 990 hoc

190 1016 336 1073 ipsum
355 1015 633 1059 commendat
652 1016 863 1060 iudicium
886 1015 969 1059 Dei
997 1018 1043 1059 et
1070 1030 1143 1058 eas
1163 1016 1517 1072 contemptibiles
1538 1015 1659 1066 facit,

191 1085 308 1142 quod
328 1085 375 1127 in
395 1087 590 1142 egestate
610 1085 824 1129 bonorum
846 1085 953 1143 ipsis
973 1085 1114 1142 iniqui
1135 1085 1354 1128 affluunt?
1414 1085 1489 1128 Fit
1508 1088 1657 1128 tamen

191 1154 415 1197 interdum
444 1155 590 1198 nescio
619 1169 706 1212 quo
736 1158 865 1212 pacto
894 1158 947 1198 ut
980 1155 1037 1198 ad
1073 1154 1404 1198 subuersionem
1439 1155 1656 1198 iustorum
1673 1154 1752 1204 588
1773 1165 1803 1193 a

192 1237 238 1266 se
263 1223 325 1266 eis
349 1223 573 1280 ingerant3
603 1228 649 1267 et
679 1239 766 1281 quo
795 1224 1055 1282 diligentius
1079 1223 1391 1274 excluduntur,
1411 1224 1468 1267 ad
1493 1225 1658 1268 ostium

135 1309 174 1344 1⁵
193 1292 505 1350 contemptoris
544 1293 784 1337 studiosius
823 1294 1015 1351 pulsant.
1096 1292 1195 1346 Quo
1234 1293 1392 1336 beatus
1432 1293 1660 1351 Eugenius

191 1375 376 1405 munera
413 1362 587 1405 cautius
625 1363 845 1421 abigebat,
885 1363 942 1406 ad
993 1377 1093 1406 eum
1134 1362 1329 1419 undique
1369 1363 1660 1420 multiplicius

191 1431 480 1474 confluebant.
548 1431 644 1476 Hoc
674 1447 848 1490 quoque
879 1432 972 1476 fere
1002 1432 1167 1489 ubique
1197 1432 1368 1482 accidit,
1399 1436 1451 1476 ut
1481 1432 1660 1491 fugiant

192 1499 298 1543 dum
328 1503 614 1557 quaeruntur,
641 1501 747 1545 dum
778 1502 997 1560 fugantur
1023 1502 1281 1545 accelerant.
1343 1502 1402 1545 Et
1428 1503 1535 1546 haec
1563 1504 1659 1560 qui-

193 1567 293 1611 dem
319 1569 396 1612 uia
421 1570 852 1627 compendiosissima
879 1575 924 1615 et
948 1571 1259 1614 honestissima
1286 1573 1354 1614 est
1381 1571 1438 1614 ad
1466 1572 1660 1615 diuitias.

135 1652 178 1675 20
195 1636 308 1681 Cum
335 1638 451 1681 enim
477 1638 662 1683 diuitiae
689 1641 931 1698 prudenter
958 1641 1268 1693 excluduntur,
1296 1644 1342 1684 et
1378 1642 1475 1684 uita
1509 1646 1662 1685 eterna

194 1706 446 1763 adquiritur
464 1710 510 1750 et
528 1709 731 1752 cumulus
750 1710 1012 1753 diuitiarum
1034 1709 1213 1753 accedit.
1274 1709 1333 1753 Et
1360 1710 1397 1752 si
1426 1711 1507 1754 hoc
1528 1711 1661 1754 nimis

193 1776 381 1819 arduum
419 1776 600 1820 uidetur
637 1779 749 1832 aliis,
785 1780 856 1823 uel
897 1795 924 1823 a
964 1780 1184 1823 iudicibus
1224 1782 1317 1822 tam
1358 1780 1661 1824 ecclesiasticis

193 1859 326 1902 quam
355 1846 602 1898 mundanis,
632 1849 707 1905 qui
747 1849 1018 1907 professione
1049 1852 1128 1892 aut
1158 1852 1433 1892 sacramento
1463 1850 1661 1894 iustitiae

193 1914 378 1972 obligati
398 1919 516 1966 sunt,
534 1915 707 1975 impleri
727 1922 916 1976 oportet.
959 1919 1258 1976 Vtrorumque
1279 1919 1496 1976 siquidem
1517 1919 1662 1963 forma

135 1989 176 2030 25
194 1983 372 2026 Samuel
413 1987 490 2038 est,
530 1986 606 2042 qui
645 1987 706 2031 sic
746 1988 943 2045 praefuit
983 1989 1208 2032 sacrificiis
1247 1991 1300 2032 ut
1335 2003 1423 2031 non
1462 1994 1662 2046 parceret

193 2052 399 2110 sanguini
423 2053 669 2111 impiorum,
689 2057 751 2101 sic
778 2058 942 2101 iudicia
966 2061 1157 2116 utraque
1184 2058 1382 2102 exercuit
1409 2062 1462 2102 ut
1487 2059 1659 2102 nullum
1678 2066 1708 2105 b

193 2146 215 2182 8
241 2145 410 2182 obtinuit
425 2145 453 2183 C
598 2158 641 2193 14
665 2148 833 2186 hostium
851 2150 882 2186 B

195 2239 264 2312 sea*
276 2231 508 2332 3332&ss
523 2232 872 2325 ζ”ἔῗῗὲἕιᾩὲῗὰιῑ
889 2231 1047 2317 ἔὲεῗῗῗ
1059 2233 1662 2326 ἑῖἒᾚέἲῑζᾜὲξὲξΐθζέξιζέ

195 2322 364 2360 fabulam
381 2325 427 2362 de
444 2325 702 2372 Hippodamia
719 2330 758 2363 et
774 2327 912 2374 Pelope
929 2339 1015 2363 cum
1049 2327 1163 2363 abula
1180 2327 1226 2364 de
1246 2327 1430 2364 Atalanta
1447 2330 1487 2364 et
1513 2327 1661 2374 Hippo-

195 2382 306 2408 mene
324 2371 545 2409 confudisse.
699 2383 719 2418 7
744 2377 916 2420 pecuniae
932 2380 1203 2421 contemptorem
1219 2388 1226 2410 :
1253 2375 1313 2410 Ita
1329 2375 1515 2421 appellari
1533 2374 1662 2421 potuit

196 2417 455 2464 Hippomenes
475 2420 552 2466 qui,
569 2420 753 2468 neglectis
769 2422 879 2458 malis
904 2421 1030 2458 aureis
1056 2434 1153 2468 quae
1178 2424 1222 2458 ut
1245 2422 1444 2468 colligeret
1465 2423 1507 2458 in
1533 2422 1660 2459 medio

195 2476 306 2501 cursu
325 2468 472 2503 morata
494 2468 552 2504 est
573 2467 763 2511 Atalanta,
782 2468 864 2515 ipse
881 2472 920 2505 et
942 2469 1102 2506 victoria
1124 2471 1164 2506 et
1188 2469 1333 2516 virgine
1356 2470 1501 2516 potitus
1517 2472 1600 2513 est;
1627 2482 1661 2506 v.

195 2511 333 2559 Hygin.
351 2514 437 2549 Fab.
462 2513 538 2560 185,
556 2514 654 2554 Serv.
676 2517 805 2552 Comm.
823 2519 864 2552 in
881 2518 980 2563 Ver-9.
997 2519 1087 2552 Aen.
1106 2519 1160 2553 iii.
1179 2527 1256 2562 113.
1359 2527 1382 2563 9
1407 2529 1541 2553 cereos:
1561 2517 1662 2554 Male

195 2558 394 2606 legebatur
407 2560 449 2596 in
466 2561 657 2598 codicibus
675 2562 897 2608 quibusdam
914 2566 1022 2600 cereis
1037 2576 1106 2611 pro
1123 2567 1237 2600 aereis
1253 2563 1293 2599 in
1311 2563 1430 2600 Servii
1448 2565 1530 2601 loco
1548 2576 1663 2611 supra

195 2605 260 2643 cit,
277 2606 343 2652 qui
357 2607 553 2654 Myrtilum
567 2609 615 2645 ab
629 2609 885 2656 Hippodamia
897 2614 1116 2657 corruptum
1123 2614 1240 2658 sactis
1255 2614 1370 2648 aereis
1382 2612 1516 2658 (cereis)
1533 2613 1664 2648 axibus

194 2652 390 2690 victoriam
404 2654 534 2709 Pelopi
547 2656 692 2694 dedisse
706 2660 844 2694 narrat.
909 2669 941 2704 9,
958 2669 1001 2694 10
1010 2661 1310 2705 incorruptionis:
1326 2671 1438 2704 quam
1450 2659 1662 2706 significare

195 2702 322 2746 potest
335 2712 429 2744 cera,
445 2714 585 2749 quippe
603 2715 697 2749 quae
715 2705 913 2751 corrumpi,
927 2705 967 2741 id
981 2708 1036 2742 est
1049 2708 1273 2752 putrescere,
1289 2717 1364 2742 non
1378 2707 1484 2743 solet.
1552 2718 1596 2751 14
1614 2709 1663 2742 ad

196 2750 328 2783 ostium
336 2750 503 2794 pulsant:
522 2762 554 2785 v.
568 2754 646 2787 not.
658 2751 716 2787 ad.
729 2763 759 2788 c.
771 2763 794 2798 9
809 2753 890 2798 (561
906 2755 962 2798 Α).
1050 2763 1090 2799 15
1109 2755 1319 2798 Ειιςιεηίαεε
1338 2765 1387 2790 sc.
1399 2753 1593 2800 Eugenius
1605 2754 1661 2789 111

197 2805 306 2840 papa,
321 2795 368 2832 de
383 2807 457 2841 quo
468 2808 581 2842 supra
593 2808 624 2834 c.
641 2807 679 2844 15
698 2799 780 2845 (577
792 2803 842 2845 c).
933 2810 952 2836 2
957 2808 975 2846 5
993 2802 1045 2836 sic
1053 2802 1220 2846 praefuit
1232 2802 1303 2836 etc.
1318 2811 1327 2836 :
1352 2813 1383 2836 v.
1402 2811 1414 2836 1
1431 2801 1521 2847 Reg.
1536 2813 1593 2836 xv.
1606 2811 1661 2846 33.

198 2843 245 2878 26
261 2845 314 2878 sic
323 2844 462 2879 iudicia
472 2845 563 2880 etc.:
579 2856 610 2881 v.
626 2855 639 2882 1
654 2845 745 2893 Reg.
753 2845 818 2882 xii.
835 2857 866 2893 3.
961 2853 1129 2894 utraque:
1145 2859 1195 2883 sc.
1205 2847 1462 2886 ecclesiastica
1472 2850 1511 2885 et
1522 2847 1658 2886 civilia.

1486 2911 1551 2956 3⁶7
