1994 3190
194 205 292 240 ost.
307 191 370 254 11]
709 190 1144 236 POLICRATICVS
1670 201 1743 243 41⁷
1762 194 1792 232 b

194 315 271 359 sed
291 315 396 372 quia
414 317 636 358 morantes
656 313 703 356 in
723 327 823 356 aere
842 315 989 355 motus
1008 312 1128 355 illius
1151 312 1284 355 citius
1306 313 1355 355 in
1384 313 1539 371 seipsis
1558 327 1654 356 sen·

142 394 144 398 ’
194 384 330 436 tiunt,
358 386 404 426 et
435 383 538 426 inde
571 382 843 425 hilaritatem
872 381 1126 438 concipiunt
1154 385 1234 424 aut
1263 397 1490 426 merorem.
1561 382 1654 426 Nec
1673 392 1699 422 c

194 453 367 505 mirum,
387 467 487 496 cum
507 455 552 495 et
571 451 779 509 grauiora
805 450 1064 493 animalium
1087 465 1270 507 corpora
1296 452 1353 494 ad
1385 452 1656 494 exteriorum

193 525 339 566 motus
391 521 746 578 frequentissime
789 520 1093 576 disponantur,
1133 523 1178 562 et
1223 521 1415 564 archano
1464 522 1654 578 quodam

155 608 174 642 ⁵
192 595 378 634 naturae
422 591 603 634 consilio
652 592 812 647 gerant
858 589 1086 631 elementis
1132 590 1425 632 necessarium
1477 607 1654 634 morem.

193 660 316 714 Quae
337 661 454 704 enim
474 660 738 703 animalibus
753 658 1008 716 corporibus
1024 658 1139 700 bona
1159 658 1230 700 uel
1251 659 1369 701 mala
1383 660 1655 710 immineant,

191 729 230 773 si
253 744 299 773 se
325 730 628 787 temporaliter
651 728 723 772 uel
754 727 1114 784 extemporaliter
1143 727 1417 770 reddiderint
1443 733 1655 786 tempora,

190 813 264 843 ars
284 799 551 857 phisicorum
572 798 737 856 regulis
756 798 848 841 suis
868 797 978 840 satis
1003 797 1292 854 probabiliter
1311 799 1653 854 comprehendit.

194 868 408 912 Futuram
455 868 589 911 etiam
635 868 871 910 sanitatem
912 870 992 909 aut
1035 866 1330 923 egritudinem
1370 870 1450 909 aut
1487 871 1655 910 statum

134 955 177 982 ιο
193 952 323 996 quem
358 938 513 981 dicunt
547 937 892 987 neutralitatem,
922 935 1191 978 fatalitatem
1222 951 1395 993 quoque
1427 937 1567 993 ipsam
1599 953 1654 979 ex

192 1007 554 1065 praecedentibus
593 1006 732 1063 signis
771 1008 1028 1063 agnoscunt,
1068 1008 1113 1048 et
1153 1005 1388 1055 interdum,
1423 1006 1460 1048 si
1500 1021 1655 1049 causas

191 1076 409 1128 nouerint,
422 1075 714 1119 efficacissime
735 1078 903 1118 curant.
947 1075 995 1118 Si
1017 1090 1135 1126 uero,
1147 1077 1199 1117 ut
1219 1075 1355 1117 uerbo
1375 1090 1526 1118 eorum
1540 1079 1654 1126 utar,

190 1159 344 1189 causas
363 1145 582 1202 ignorant,
603 1145 821 1202 quomodo
840 1148 999 1188 curant
1016 1147 1031 1186 ἓ
1092 1144 1195 1187 Non
1215 1144 1370 1201 utique
1390 1145 1501 1187 artis
1521 1145 1652 1188 bene-

189 1214 300 1266 ficio,
315 1215 391 1258 sed
407 1214 623 1258 fortunae.
673 1215 891 1258 Iudicium
907 1229 1027 1266 uero,
1043 1214 1159 1270 quod
1181 1228 1236 1256 ex
1256 1214 1483 1271 signorum
1504 1215 1651 1272 cogni-

134 1303 172 1340 ις,
190 1283 310 1327 tione
333 1283 578 1341 proferunt,
598 1284 680 1327 etsi
701 1284 888 1335 difficile,
909 1299 1037 1340 saepe
1058 1283 1337 1326 uerissimum
1358 1287 1436 1326 est.
1495 1284 1650 1327 Multis
1667 1290 1695 1330 d

190 1367 362 1410 quoque
391 1353 530 1410 signis
559 1354 861 1410 tranquillitas
891 1356 936 1396 et
959 1353 1109 1396 uariae
1140 1355 1454 1410 tempestatum
1482 1352 1651 1396 formae

189 1422 565 1480 procellarumque
605 1423 866 1480 produntur,
902 1437 1014 1479 quae
1054 1422 1179 1465 uelut
1219 1422 1265 1464 in
1304 1423 1481 1480 specula
1521 1423 1652 1466 lunae

190 1491 309 1535 orbis
329 1492 537 1535 insinuat.
598 1492 806 1536 Ostendit
826 1507 1016 1549 namque
1042 1492 1313 1535 rubicundus
1339 1492 1458 1535 color
1484 1496 1653 1543 uentos,

190 1561 363 1605 cerulus
401 1562 588 1619 pluuias,
628 1577 684 1604 ex
724 1565 912 1618 utroque
957 1562 1223 1605 commixtus
1266 1561 1439 1604 nimbos
1485 1562 1653 1605 indicat

132 1649 174 1674 πο
192 1628 476 1687 furentesque
515 1631 739 1688 procellas.
798 1631 933 1674 Letus
972 1635 1097 1674 ortus
1135 1631 1419 1674 serenitatem
1459 1632 1653 1688 nauigiis

191 1699 472 1757 repromittit,
493 1715 625 1758 quam
646 1704 792 1758 gestat
815 1701 958 1751 uultu,
978 1701 1210 1758 praecipue
1237 1700 1274 1743 si
1296 1704 1455 1757 quarto
1475 1705 1576 1744 ortu
1597 1702 1653 1754 (is

132 1773 134 1776 ’
190 1769 307 1812 enim
331 1772 485 1812 auctor
508 1770 778 1813 certissimus
805 1774 888 1828 est)
917 1786 1059 1827 neque
1087 1771 1258 1813 obtusis
1284 1770 1491 1813 cornibus
1518 1771 1654 1813 rutila

191 1851 332 1895 neque
362 1838 510 1882 infuso
538 1838 676 1883 fuerit
701 1840 884 1883 humore
910 1839 1094 1883 fuscata.
1153 1840 1275 1882 Tunc
1303 1840 1421 1882 enim

303 1926 426 1968 totus
455 1928 501 1968 et
530 1925 604 1969 ille
633 1926 739 1978 dies,
769 1930 815 1969 et
845 1926 921 1983 qui
952 1929 1189 1969 nascentur
1217 1926 1275 1968 ab
1304 1926 1392 1980 illo,

133 2002 172 2037 ²5
306 1986 510 2026 exactum
539 1984 597 2026 ad
626 1999 820 2027 mensem
851 1988 986 2027 uento
1014 1984 1255 2042 pluuiaque
1285 1984 1511 2028 carebunt.

190 2071 267 2117 Sol
287 2089 459 2132 quoque
479 2075 638 2118 cadens
653 2076 839 2119 interest
853 2079 1005 2118 utrum
1026 2076 1284 2133 aequalibus
1303 2076 1497 2133 gaudeat
1517 2076 1654 2118 radiis

191 2156 248 2186 an
268 2143 438 2187 obiecta
457 2145 573 2187 nube
594 2146 760 2195 rutilet,
781 2148 933 2188 utrum
954 2146 1099 2189 soluto
1118 2146 1349 2203 splendore
1370 2145 1569 2202 fulgidus
1593 2160 1652 2187 an

190 2212 336 2255 uentis
367 2214 629 2271 urgentibus
662 2215 830 2272 igneus,
862 2215 966 2257 niue
998 2215 1057 2258 sit
1090 2215 1283 2272 pallidus
1317 2230 1375 2257 an
1407 2215 1562 2272 pluuia
1592 2216 1652 2258 sit
1666 2215 1742 2266 418
1762 2226 1792 2254 a

190 2341 212 2368 2
235 2331 477 2378 hylaritatem
494 2332 554 2369 CB
730 2334 754 2370 6
770 2333 1001 2370 animalium
1018 2334 1066 2370 A¹
1235 2345 1278 2382 19
1302 2335 1472 2373 ceruleus
1488 2335 1522 2371 A
1538 2347 1651 2381 mary.

190 2379 373 2416 comixtus
390 2379 415 2415 S
556 2392 601 2417 22
625 2382 736 2418 autor
752 2380 814 2417 CB
957 2391 1001 2426 27
1030 2382 1142 2419 solito
1160 2381 1227 2419 SM

233 2503 283 2548 ‘12
307 2499 347 2530 ut
362 2495 468 2531 uerbo
484 2506 604 2532 eorum
618 2501 724 2532 utar:
748 2508 781 2532 v.
791 2496 887 2534 Cels.
901 2496 926 2532 i.
943 2498 1100 2533 Prooem.
1117 2497 1189 2542 (ed.
1210 2497 1451 2545 Daremberg,
1463 2511 1501 2545 p.
1519 2510 1539 2544 3
1557 2499 1581 2535 1.
1597 2501 1651 2542 16,

191 2540 312 2586 alibi).
527 2551 568 2589 15
595 2544 724 2579 Multis
739 2546 810 2581 ete.
834 2555 951 2590 usque
968 2545 1016 2580 ad
1034 2545 1096 2580 fin.
1114 2556 1196 2592 cap.
1216 2556 1237 2581 2
1252 2559 1261 2581 ε
1286 2546 1416 2593 Veget.
1434 2549 1477 2582 de
1499 2548 1551 2582 Re
1568 2549 1648 2582 Mil.

191 2597 223 2640 y.
245 2597 298 2623 11.
535 2591 576 2626 18
600 2591 846 2627 rubicundus:
871 2604 905 2627 v.
931 2591 1028 2628 Plin.
1046 2593 1094 2627 Η.
1121 2594 1166 2628 Ν.
1194 2593 1296 2628 xviii.
1316 2602 1372 2639 79,
1389 2593 1501 2640 Verg.
1524 2595 1648 2639 Geory.

191 2645 219 2670 1.
238 2644 320 2679 430,
336 2645 434 2690 431..
538 2646 582 2682 19
606 2640 770 2675 cerutus:
798 2639 944 2675 Lunam
962 2638 1113 2685 nigram
1157 2639 1276 2676 luvias
1293 2639 1461 2677 indicare
1478 2643 1651 2677 asserunt

191 2679 304 2727 Verg.
322 2682 362 2717 et
378 2681 474 2719 Phn.
498 2682 588 2719 loeo.
607 2684 702 2727 citt„
720 2685 838 2722 solem
862 2689 990 2722 autem
1015 2698 1127 2723 caeru
1144 2699 1231 2723 eum
1250 2687 1361 2734 Verg.
1387 2689 1508 2734 Geory.
1527 2687 1552 2724 i.
1570 2698 1651 2734 453.

193 2737 234 2764 21
262 2732 389 2773 quarto
404 2734 485 2764 ortu
502 2731 597 2767 etc.:
621 2743 654 2767 v.
669 2731 783 2778 Verg.
805 2734 928 2778 Geory.
947 2732 971 2768 i.
989 2744 1058 2779 432
1071 2746 1146 2780 seq.
1290 2745 1331 2770 21
1360 2737 1393 2771 ie
1417 2738 1511 2771 enim
1527 2742 1654 2771 auctor

193 2776 408 2811 centesimus
423 2781 492 2812 eet:
519 2788 597 2812 non
614 2778 728 2815 habet
744 2779 934 2833 Vegetius.
1078 2791 1123 2825 24
1151 2782 1259 2817 Totus
1275 2784 1370 2818 etc.:
1395 2782 1506 2829 Verg.
1527 2784 1650 2828 Geory.

194 2821 219 2857 i.
235 2830 314 2868 434,
332 2830 400 2869 435
416 2835 426 2864 ;
450 2822 516 2859 hos
531 2835 656 2861 versus
671 2825 912 2872 Vergihanos
928 2827 1032 2864 haud
1050 2828 1145 2865 citat
1160 2828 1354 2876 Vegetius.

1497 2899 1542 2946 ⁶9
