1994 3190
539 656 899 714 IOANNIS
978 655 1687 713 SARESBERIENSIS

803 802 1418 860 POLIORATICVS

581 958 719 1002 SIVE
779 958 860 1001 DE
920 957 1108 1000 NVGIS
1170 955 1510 1000 CVRIALIVM
1572 957 1646 1000 ET

666 1077 970 1122 VESTIGIIS
1032 1076 1553 1121 PHILOSOPHORVM

594 1226 830 1270 INCIPIT
879 1225 1193 1269 PROLOGVS
1243 1225 1628 1271 POLICRATICI

230 1339 310 1388 385
329 1349 359 1378 a
414 1334 486 1378 Di:
526 1334 798 1379 CVRIALIVM
838 1334 992 1378 NVGIS
1030 1346 1088 1377 m·
1127 1334 1365 1378 VEs‘rmns
1406 1335 1803 1380 Pmnosornonvu

433 1432 792 1477 IOCVNDISSIMvs
831 1447 931 1476 cum
967 1432 1014 1474 in
1049 1431 1215 1483 multis,
1248 1434 1346 1475 tum
1380 1432 1428 1474 111
1463 1447 1514 1476 eo
1548 1433 1741 1476 maxime
1775 1436 1843 1477 est

374 1502 626 1545 litterarum
666 1502 851 1552 fructus,
886 1502 1004 1559 quod
1045 1501 1244 1544 omnium
1285 1501 1627 1546 interstitiorum
1668 1503 1751 1546 loci
1798 1506 1843 1546 et

374 1572 586 1629 temporis
613 1572 790 1615 exclusa
810 1571 1022 1622 molestia,
1043 1571 1284 1614 amicorum
1311 1571 1395 1614 sibi
1423 1571 1612 1615 inuicem
1639 1587 1842 1630 praesen-

375 1642 485 1684 tiam
502 1641 726 1692 exhibent,
742 1644 787 1683 et
802 1655 872 1684 res
887 1641 1003 1684 scitu
1022 1641 1181 1698 dignas
1196 1641 1287 1684 situ
1301 1640 1467 1684 aboleri
1487 1656 1575 1685 non
1595 1642 1841 1698 patiuntur.
1861 1663 1879 1695 5

376 1710 493 1753 Nam
511 1713 555 1753 et
571 1713 689 1753 artes
701 1710 935 1767 perierant,
949 1713 1224 1753 euanuerant
1239 1710 1349 1761 iura,
1361 1710 1463 1753 fidei
1480 1713 1525 1753 et
1539 1711 1679 1754 totius
1694 1711 1842 1769 religi-

376 1779 472 1822 onis
492 1778 634 1822 officia
653 1794 853 1836 quaeque
874 1782 1144 1830 corruerant,
1165 1779 1345 1836 ipseque
1366 1779 1474 1823 recti
1494 1779 1716 1823 defecerat
1734 1795 1842 1824 usus

375 1848 549 1905 eloquii,
570 1849 655 1891 nisi
686 1849 733 1891 in
763 1849 1006 1892 remedium
1037 1849 1312 1892 infirmitatis
1341 1849 1560 1892 humanae
1589 1849 1842 1893 litterarum

375 1932 504 1961 usum
536 1918 799 1961 mortalibus
834 1919 989 1962 diuina
1021 1919 1247 1962 miseratio
1279 1922 1566 1976 procurasset.
1627 1919 1843 1977 Exempla

376 1988 604 2038 maiorum,
617 2003 730 2045 quae
750 1991 856 2030 sunt
880 1988 1169 2031 incitamenta
1184 1991 1230 2031 et
1250 1987 1448 2031 fomenta
1462 1988 1656 2039 uirtutis,
1668 1988 1841 2032 nullum
1862 2008 1903 2033 ιο

374 2058 554 2101 0111111110
584 2058 805 2115 erigerent
834 2061 914 2100 aut
943 2061 1184 2108 seruarent,
1208 2058 1294 2101 nisi
1324 2058 1400 2115 pia
1428 2058 1677 2101 sollicitudo
1706 2058 1841 2116 scrip-

376 2131 522 2170 torum
543 2131 589 2170 et
609 2127 931 2184 triumphatrix
947 2128 1134 2170 inertiae
1150 2127 1384 2184 diligentia
1399 2127 1550 2170 eadem
1566 2127 1623 2170 ad
1643 2131 1842 2184 posteros

328 2204 356 2243 b
376 2196 704 2240 transmisisset.
778 2196 1007 2253 Siquidem
1043 2197 1140 2240 uita
1176 2196 1334 2247 breuis,
1369 2211 1522 2240 sensus
1561 2197 1704 2248 hebes,
1736 2212 1840 2256 neg-

376 2265 584 2323 ligentiae
614 2268 777 2322 torpor,
807 2266 980 2308 inutilis
1009 2266 1248 2323 occupatio,
1275 2280 1355 2309 nos
1384 2265 1573 2323 paucula
1601 2266 1711 2309 scire
1741 2281 1841 2324 per-

374 2335 573 2385 mittunt,
613 2338 658 2378 et
704 2334 855 2378 eadem
904 2335 1070 2391 iugiter
1109 2336 1280 2379 excutit
1319 2338 1365 2379 et
1403 2335 1559 2378 auellit
1596 2335 1653 2379 ab
1692 2336 1841 2380 animo
1861 2357 1900 2391 15

376 2404 628 2447 fraudatrix
664 2404 884 2454 scientiae,
922 2405 1100 2448 inimica
1132 2408 1178 2448 et
1218 2405 1356 2448 infida
1394 2419 1566 2462 semper
1604 2405 1840 2450 memoriae

374 2488 573 2526 nouerca,
597 2473 775 2517 obliuio.
838 2474 948 2526 Quis
969 2475 1085 2517 enim
1104 2474 1381 2518 Alexandros
1401 2474 1533 2518 sciret
1553 2478 1632 2518 aut
1648 2474 1841 2527 Cesares,

374 2543 473 2599 quis
494 2542 664 2586 Stoicos
680 2546 759 2585 aut
782 2542 1094 2600 Peripateticos
1115 2544 1364 2595 miraretur,
1376 2544 1461 2587 nisi
1483 2558 1555 2587 eos
1576 2544 1842 2602 insignirent

374 2612 646 2655 monimenta
661 2612 958 2668 scriptorum?
1008 2613 1118 2666 Quis
1139 2613 1437 2670 apostolorum
1458 2616 1504 2656 et
1523 2614 1839 2671 prophetarum

373 2681 667 2739 amplexanda
689 2681 940 2725 imitaretur
960 2682 1161 2739 uestigia,
1182 2682 1267 2725 nisi
1289 2697 1362 2726 eos
1387 2682 1638 2740 posteritati
1660 2683 1839 2729 diuinae
1860 2705 1902 2730 ao

376 2772 512 2780 ——o-

375 2830 390 2857 1
420 2818 740 2867 phylosophorum
759 2818 797 2855 M
948 2819 988 2855 18
1013 2818 1310 2866 peripatheticos
1329 2819 1367 2855 M

484 2894 522 2920 12
