1994 3190
271 191 351 243 '421
370 203 396 233 c
736 189 996 233 IOANNIS
1036 187 1548 232 SARESBERIENSIS
1701 185 1811 246 [ΜΒ.
1829 197 1870 230 11

366 328 391 357 c
407 310 719 354 nichilominus
756 313 984 367 tamquam
1024 324 1108 360 eos,
1147 309 1224 366 qui
1268 309 1481 352 occultius
1523 311 1569 351 et
1613 305 1871 364 diligentius

406 379 727 430 absconderint,
766 379 1034 422 cruciabant.
1111 378 1331 422 Indicium
1371 393 1477 422 uero
1521 377 1673 420 haberi
1712 376 1770 419 ab
1809 375 1872 418 eis

406 448 570 505 pabula
601 447 835 504 capiebant
865 448 947 491 hoc
981 447 1088 503 ipso,
1119 448 1236 503 quod
1267 447 1412 490 adhuc
1445 447 1662 497 uiuerent,
1692 449 1737 488 et
1766 444 1870 488 sub-

407 517 561 560 sistere
592 517 847 574 corporibus
878 517 1157 566 uidebantur,
1186 519 1413 573 tamquam
1445 516 1520 573 qui
1553 515 1752 572 profecto
1780 514 1871 556 iam

406 587 672 637 interissent,
711 586 797 629 nisi
843 585 1122 628 absconditos
1161 586 1334 642 uspiam
1373 588 1574 643 tegerent
1612 585 1741 628 cibos.
1821 582 1871 626 Si
1890 590 1911 631 5

406 671 516 713 quos
555 671 659 699 sane
698 656 971 699 tabescentes
1016 654 1154 697 macie
1199 654 1427 705 uidissent,
1467 655 1547 697 hos
1596 668 1696 697 cum
1738 652 1872 696 uenia

405 725 719 782 praeteribant,
758 724 1029 782 superfluum
1070 725 1280 779 putantes
1320 723 1545 780 perimere,
1585 738 1694 780 quos
1737 722 1872 779 paulo

405 798 507 851 post
546 795 796 837 absumeret
835 793 988 836 fames.
1066 793 1199 835 Multi
1238 795 1389 835 tamen
1428 793 1476 834 in
1523 792 1704 835 occultis
1749 791 1870 834 omni

404 878 538 906 censu
558 878 637 906 suo
661 863 842 906 mercati
867 865 972 905 sunt
995 876 1134 905 unum
1160 865 1363 912 metrum,
1384 861 1421 904 si
1451 861 1614 904 diuites
1643 860 1870 910 frumenti,

406 932 558 975 hordei
579 932 616 974 si
636 931 867 974 inferiores
888 931 1082 981 fuerunt,
1104 933 1149 973 et
1168 930 1476 973 concludentes
1503 944 1550 973 se
1575 930 1623 972 in
1649 929 1869 972 interiori·
1889 942 1951 970 τιτιῚ

405 1002 488 1044 bus
518 1002 764 1058 quibusque
794 1000 1094 1058 penetralibus
1123 1000 1290 1050 domus,
1317 999 1519 1042 nonnulli
1549 1014 1628 1043 nec
1658 999 1705 1042 in
1734 1013 1871 1056 panes

405 1069 627 1113 confectas
677 1070 829 1127 fruges
880 1070 1082 1113 edebant.
1161 1069 1252 1111 Alii
1296 1083 1414 1120 uero,
1453 1069 1501 1111 in
1542 1071 1759 1126 quantum
1797 1068 1870 1111 uel

405 1140 641 1182 necessitas
661 1139 732 1182 uel
751 1142 897 1182 metus
915 1138 1204 1196 permitteret,
1225 1138 1537 1196 excoquebant.
1597 1138 1655 1180 Et
1674 1153 1870 1181 mensam

361 1213 390 1253 d
407 1209 584 1266 quidem
623 1209 772 1252 nullus
811 1208 1073 1265 expectabat
1111 1207 1286 1265 apponi,
1317 1207 1394 1251 sed
1431 1223 1486 1251 ex
1525 1208 1620 1265 ipso
1659 1207 1872 1251 semiusta

406 1279 500 1336 igni
531 1278 752 1336 rapientes
786 1278 966 1335 propria
1000 1277 1125 1320 uelut
1155 1277 1327 1320 furtiua
1356 1277 1653 1330 deuorabant3
1697 1280 1743 1320 et
1773 1279 1870 1320 erat
1889 1287 1928 1322 Ῑ5

404 1347 593 1390 infelicis
619 1347 758 1404 ipsius
784 1347 870 1390 cibi
900 1346 1197 1403 spectaculum
1221 1346 1479 1398 miserabile,
1504 1360 1603 1390 cum
1632 1346 1870 1389 ualidiores

404 1416 567 1472 quique
587 1416 771 1458 inuenta
791 1416 1058 1472 diriperent;
1092 1415 1384 1458 imbecillibus
1410 1430 1516 1459 uero
1537 1415 1673 1459 nichil
1693 1417 1870 1473 praeter

403 1485 571 1528 luctum
591 1487 838 1542 superesset
857 1500 908 1528 ac
934 1485 1160 1538 lacrimas;
1189 1487 1234 1528 et
1259 1485 1456 1527 omnium
1480 1485 1582 1528 licet
1607 1485 1870 1528 acerbitates

403 1569 550 1597 rerum
571 1557 800 1612 superaret
820 1554 971 1605 fames,
991 1554 1127 1597 nichil
1151 1557 1302 1597 tamen
1321 1554 1387 1597 ita
1405 1554 1581 1597 subruit
1605 1557 1738 1612 atque
1764 1555 1866 1598 sub·

402 1624 540 1667 uertit
579 1624 693 1667 sicut
732 1624 1053 1667 uerecundiam.
1133 1623 1351 1680 Quicquid
1391 1623 1508 1666 enim
1557 1623 1692 1666 saluis
1736 1623 1868 1666 rebus
1886 1637 1929 1661 πο

402 1693 569 1750 pudore
603 1694 788 1751 dignum
824 1697 902 1744 est,
936 1693 982 1736 id
1022 1693 1069 1735 in
1109 1693 1191 1736 hac
1230 1693 1489 1736 necessitate
1528 1693 1870 1751 contempnitur.

403 1762 605 1819 Denique
632 1766 677 1805 et
705 1778 866 1806 uxores
896 1762 950 1805 de
980 1763 1178 1805 uirorum
1208 1762 1412 1805 manibus
1443 1765 1488 1805 et
1517 1762 1598 1804 filii
1628 1762 1682 1805 de
1712 1778 1868 1820 paren-

403 1835 512 1882 tum,
542 1835 587 1874 et
618 1831 752 1888 (quod
785 1835 851 1875 est
883 1831 1121 1889 infelicius)
1149 1835 1313 1874 matres
1342 1831 1461 1875 cibos
1495 1831 1549 1874 de
1581 1832 1868 1889 paruulorum

403 1901 607 1943 manibus
639 1904 773 1958 atque
804 1916 878 1944 ore
909 1901 1153 1958 rapiebant,
1183 1904 1228 1944 et
1258 1915 1357 1944 cum
1387 1900 1627 1944 dulcissimi
1662 1901 1788 1944 liberi
1819 1902 1866 1945 in

403 1970 607 2013 manibus
638 1974 772 2026 atque
807 1973 911 2013 ante
949 1986 1027 2014 ora
1061 1970 1193 2027 positi
1232 1970 1516 2020 tabescerent,
1549 1970 1711 2028 exigua
1745 1971 1866 2015 uitae
1886 1986 1926 2021 ²5
1964 2012 1969 2015 ,

403 2039 600 2082 subsidia
626 2054 653 2082 a
678 2039 884 2082 dentibus
914 2040 1022 2097 ipsis
1046 2040 1236 2083 eximere
1267 2054 1395 2082 nemo
1424 2039 1642 2096 parcebat.
1702 2040 1867 2083 Verum

256 2117 338 2157 422
357 2118 387 2147 a
404 2123 459 2151 ne
483 2108 600 2165 ipsos
628 2109 803 2165 quidem
833 2108 1030 2152 infelices
1060 2111 1105 2152 et
1131 2108 1392 2166 perexiguos
1419 2111 1642 2152 sumentes
1669 2108 1869 2153 latebant

403 2177 546 2229 cibos;
585 2177 660 2219 sed
695 2178 905 2220 continuo
935 2178 1089 2220 aderat
1118 2177 1388 2234 praedonum
1419 2177 1528 2233 quis,
1560 2180 1604 2220 et
1633 2178 1786 2221 statim
1816 2180 1870 2221 ut

402 2246 572 2290 clausas
592 2246 835 2303 cuiuspiam
855 2247 1154 2303 conspexisset
1175 2246 1302 2296 fores,
1323 2246 1533 2289 indicium
1554 2247 1760 2290 credebat
1786 2248 1868 2291 hoc

402 2331 506 2366 esse,
527 2315 643 2372 quod
671 2315 934 2359 intrinsecus
959 2316 1090 2372 positi
1119 2315 1322 2368 ederent3
1354 2318 1399 2358 et
1426 2318 1605 2373 repente
1632 2316 1868 2374 despicatis
1885 2332 1929 2366 30

403 2384 573 2427 foribus
603 2384 864 2441 praecipites
894 2385 1134 2434 irruebant,
1155 2388 1287 2441 atque
1317 2385 1374 2427 ab
1402 2385 1519 2442 ipsis,
1539 2387 1591 2428 ut
1618 2385 1683 2428 ita
1712 2386 1867 2438 dicam,

403 2453 605 2497 faucibus
625 2453 932 2510 exprimentes,
953 2454 989 2495 si
1015 2454 1120 2510 quid
1144 2453 1258 2497 forte
1286 2454 1559 2511 insumptum
1590 2454 1678 2497 iam
1707 2454 1866 2507 fuerat,

403 2522 679 2565 reuocabant.
743 2522 1044 2564 verberantur
1076 2538 1212 2572 senes,
1242 2522 1278 2565 si
1312 2523 1458 2566 cibum
1489 2523 1723 2567 uendicare
1754 2527 1864 2568 tem-

402 2594 612 2648 ptassent,
642 2591 806 2648 sparsis
836 2591 967 2634 ctiam
1000 2592 1195 2634 crinibus
1227 2592 1431 2635 mulieres
1464 2593 1766 2646 trahebantur,
1796 2609 1865 2638 oc-

401 2724 422 2759 8
447 2721 583 2758 ocultiu
601 2722 631 2756 Α
803 2733 845 2758 ιο
870 2721 972 2758 ordei
994 2722 1030 2757 M
1186 2733 1232 2759 20
1257 2723 1486 2760 uerecundia
1502 2723 1665 2761 CBASM
1818 2735 1864 2772 33

401 2768 683 2854 gerebcmntur
699 2767 747 2805 C:
774 2769 1009 2807 Verebantur
1028 2769 1142 2816 MCyr
1161 2782 1272 2817 mary.
1291 2771 1337 2807 S:
1363 2771 1667 2809 Verberabantur
1684 2771 1724 2808 M
1750 2784 1865 2820 maru.

430 2829 486 2864 yr.

510 2888 553 2932 76
