1994 3190
188 224 288 258 CAP.
304 211 376 273 ιν]
696 210 1134 257 POLICRATICVS
1667 223 1754 265 544
1766 213 1795 253 d

186 332 438 390 prolemsim
469 332 522 374 fit
551 330 747 388 plurium
777 330 1004 387 conceptio
1031 344 1329 388 personarum,
1358 333 1411 375 ut
1439 346 1529 375 non
1557 334 1651 375 tam

186 415 398 459 personae
427 415 559 458 quam
586 399 892 442 uniuersitatis
918 402 1016 442 tota
1044 400 1303 444 constitutio
1327 401 1534 444 uideatur
1560 415 1653 444 esse

186 470 259 514 uel
279 470 462 527 quaeuis
482 469 570 512 alia
595 468 904 526 promulgatio.
966 468 1063 512 Hoc
1090 470 1224 511 etiam
1251 469 1350 512 iura
1373 470 1444 513 uel
1465 485 1654 514 canones

186 539 411 598 ignoranti
431 553 488 582 ex
507 553 591 581 usu
611 537 833 581 cotidiano
851 537 1131 594 perspicuum
1152 540 1231 580 est.
1282 538 1416 582 Porro
1436 540 1654 583 rationem

149 628 169 663 5
186 608 426 653 officiorum
455 623 545 652 non
573 607 704 651 modo
733 621 951 651 canonum
982 609 1027 650 et
1056 606 1205 664 legum
1229 607 1341 651 scita
1365 609 1442 651 sed
1465 612 1511 652 et
1538 610 1653 653 ethi-

185 692 337 722 corum
357 678 554 722 omnium
573 679 808 734 praecepta
827 679 1119 733 exequuntur.

245 748 343 792 Mos
361 750 510 791 autem
527 750 594 791 est
613 746 775 789 mentis
795 746 976 789 habitus
997 760 1054 788 ex
1079 760 1167 802 quo
1182 745 1458 803 singulorum
1473 760 1655 804 operum

185 816 424 860 assiduitas
443 818 608 861 manat.
667 815 770 858 Non
797 815 914 858 enim
935 814 972 858 si
994 814 1101 872 quid
1124 815 1177 858 fit
1197 814 1330 858 semel
1351 818 1431 858 aut
1454 815 1656 872 amplius,

186 886 341 929 statim
357 885 553 928 moribus
568 886 848 942 aggregatur,
861 883 947 926 nisi
963 883 1224 927 assiduitate
1240 883 1431 927 faciendi
1452 887 1657 927 uertatur

129 974 172 999 10
187 955 236 998 in
255 969 396 998 usum.
458 954 544 998 Hic
563 956 713 996 autem
743 953 936 996 uirtutes
965 956 1012 996 et
1035 953 1150 996 uitia
1175 967 1314 1010 aeque
1338 953 1655 1010 complectitur,
1673 964 1751 1005 545
1769 966 1798 994 a

186 1023 291 1068 licet
309 1023 423 1066 uitia
442 1037 532 1066 non
558 1036 701 1065 mores
725 1036 818 1064 esse
844 1021 921 1064 sed
947 1036 974 1064 a
993 1021 1212 1079 plerisque
1233 1021 1439 1066 dicantur
1459 1021 1656 1065 moribus

187 1092 379 1136 obuiare.
439 1091 494 1134 In
515 1105 601 1148 quo
630 1090 813 1148 planum
838 1093 906 1134 est
931 1090 1047 1133 solas
1074 1090 1265 1134 uirtutes
1291 1090 1459 1134 censeri
1478 1091 1655 1135 nomine

187 1176 372 1213 morum,
391 1175 492 1205 cum
521 1160 658 1204 bonos
688 1163 839 1203 tamen
868 1162 948 1203 aut
977 1160 1116 1203 malos
1145 1159 1332 1204 dicimus
1362 1174 1516 1211 mores,
1542 1160 1657 1203 uitia

187 1231 504 1289 distinguimus
524 1233 569 1273 et
588 1229 790 1272 uirtutes.
851 1229 978 1272 Vnde
1005 1233 1200 1273 ‘nwratos
1219 1243 1246 1272 a
1270 1229 1382 1272 bono
1402 1229 1496 1273 siue
1516 1230 1655 1272 mori·

129 1320 169 1356 15
186 1315 322 1358 yeros,
350 1314 544 1344 morosos
571 1313 678 1342 uero
707 1313 734 1341 a
763 1298 888 1342 uitiis
916 1299 1207 1342 nominamus.
1268 1298 1396 1353 Quod
1431 1302 1477 1342 et
1510 1299 1656 1356 ipsum
1703 1301 1707 1305 ’

187 1369 478 1429 plenitudinis
515 1382 676 1412 nomen
707 1368 888 1411 uidetur
926 1367 1122 1420 innuere,
1157 1382 1258 1411 cum
1298 1368 1409 1411 nulli
1444 1368 1492 1411 in
1526 1382 1658 1411 carne

187 1439 418 1497 contingat
453 1437 603 1481 adesse
630 1437 883 1481 satietatem
915 1451 1089 1480 morum
1116 1440 1162 1480 et
1187 1437 1342 1481 multis
1368 1437 1478 1480 assit
1506 1451 1657 1494 super·

134 1507 139 1514 “
186 1508 339 1552 fluitas
357 1507 580 1550 uitiorum.
641 1505 754 1550 Cum
778 1506 930 1563 itaque
960 1521 988 1550 a
1010 1507 1207 1550 moribus
1237 1507 1336 1564 quis
1363 1507 1656 1550 reuerentiam

187 1577 446 1622 contrahere
486 1576 660 1627 dicitur,
690 1575 730 1619 ei
762 1576 967 1626 uirtutes,
1002 1576 1164 1633 quibus
1203 1576 1345 1619 honor
1383 1576 1658 1620 exhibendus

128 1661 172 1686 σο
189 1650 268 1698 est,
287 1647 428 1690 inesse
449 1644 733 1704 significatur.
794 1644 905 1698 Quis
935 1644 1053 1688 enim
1082 1659 1173 1688 non
1199 1649 1438 1688 ueneretur
1464 1647 1510 1689 et
1533 1660 1656 1689 uere-

187 1718 292 1760 atur
331 1715 458 1758 illum
498 1729 628 1772 quem
662 1714 925 1772 prudentem
962 1713 1124 1757 fortem
1159 1716 1479 1772 temperantem
1518 1714 1660 1758 credit

187 1787 235 1829 et
273 1784 471 1828 iustum'l
541 1783 660 1827 Hinc
700 1787 767 1827 est
806 1783 941 1827 etiam
981 1783 1213 1827 consilium
1253 1784 1466 1841 sapientis
1500 1784 1541 1827 ei
1581 1785 1657 1841 qui

187 1854 335 1898 timeri
355 1853 528 1911 appetit
547 1853 687 1896 amari
707 1853 915 1896 honorari
936 1855 981 1895 et
1001 1852 1228 1910 praeferri,
1250 1855 1302 1895 ut
1328 1853 1472 1896 Deum
1500 1854 1658 1896 timeat
1675 1864 1704 1902 b

187 1926 308 1967 amet
327 1926 564 1966 ueneretur
583 1926 629 1966 et
649 1922 689 1966 ei
709 1937 757 1982 se
775 1925 873 1966 tota
892 1922 1126 1965 deuotione
1147 1922 1396 1966 submittat.

130 2009 170 2042 ²5
247 1990 558 2036 Gonditionem
588 1991 766 2049 quidem
796 2006 890 2034 esse
919 1990 1146 2034 diffiniunt
1176 1990 1414 2034 fortuitum
1446 2005 1659 2048 personae

187 2064 367 2112 statum,
383 2076 470 2118 quo
485 2063 565 2104 aut
583 2061 782 2104 aduersis
797 2060 1062 2118 deprimitur
1081 2063 1162 2103 aut
1181 2060 1414 2104 extollitur
1428 2061 1659 2118 prosperis,

187 2133 235 2176 et
264 2131 525 2175 alterutrius
558 2130 691 2174 sortis
719 2133 927 2174 naturam
958 2130 1028 2173 sui
1058 2130 1198 2188 ipsius
1228 2129 1341 2174 facie
1372 2134 1659 2188 protestatur.

192 2295 208 2323 1
235 2284 397 2333 plurium
416 2286 460 2323 fit
477 2285 517 2322 M
628 2286 651 2323 6
677 2286 888 2332 exequatur
904 2284 952 2321 S:
978 2286 1205 2322 exsecuntur
1221 2284 1261 2320 M
1367 2294 1391 2331 9
1415 2287 1621 2332 agregatur
1634 2284 1658 2321 S

241 2430 257 2458 1
279 2423 507 2468 prolemsim:
533 2432 628 2468 quae
644 2423 713 2465 est,
731 2423 776 2458 ut
792 2420 886 2459 dicit
904 2421 1044 2458 Marius
1062 2420 1234 2458 Plotius
1223 2433 1264 2456 111
1276 2422 1358 2458 Art.
1377 2422 1501 2457 Gmm.
1518 2420 1541 2458 i.
1558 2421 1658 2468 (Keil

194 2469 356 2505 Gramm.
372 2471 453 2506 Lat.
476 2468 524 2506 vi.
548 2481 584 2516 p.
610 2471 737 2517 456),ι
748 2482 846 2514 cum,
863 2471 1072 2515 antequam
1097 2480 1153 2505 res
1172 2468 1229 2505 vel
1255 2480 1439 2515 personae
1460 2468 1658 2513 finiuntur,

191 2527 370 2552 numerus
400 2516 638 2559 terminatur,
662 2519 706 2553 ut
735 2519 872 2553 interea
901 2529 1007 2563 reyes,
1026 2518 1175 2562 inqenti
1202 2518 1291 2552 mole
1322 2518 1502 2552 Latinus:
1551 2516 1658 2553 Idem

193 2574 328 2609 exemp
330 2562 408 2599 lum
421 2563 487 2600 dat
500 2563 670 2618 Donatus
683 2563 811 2610 (Keil
800 2576 846 2601 iv.
859 2576 896 2610 p.
909 2564 1005 2610 397).
1053 2563 1218 2600 Numero
1235 2563 1378 2610 plurali
1396 2563 1450 2600 sic
1467 2563 1508 2599 in
1527 2564 1660 2600 consti-

192 2575 405 2646 tutionibus
420 2612 581 2647 utuntur
595 2611 798 2666 principes,
817 2611 889 2648 etsi
906 2611 1207 2665 superscribatur
1222 2623 1359 2648 nomen
1377 2611 1487 2647 unius
1503 2612 1657 2647 tantum

192 2656 275 2701 viri,
308 2656 455 2693 scilicet
484 2657 600 2704 ipsius
625 2658 820 2704 principis,
848 2661 892 2695 ut
924 2658 1179 2695 universitatis
1212 2658 1350 2694 civium
1379 2658 1552 2695 videatur
1579 2670 1657 2695 esse

192 2703 426 2741 constitutio.
583 2714 627 2751 25
657 2707 905 2742 Condit-ionem
922 2712 1017 2743 etc.:
1042 2706 1152 2742 Hanc
1170 2705 1436 2760 definitionem
1461 2717 1539 2742 non
1563 2706 1656 2742 alibi

193 2751 360 2798 reperire
389 2750 520 2798 potui;
554 2752 655 2798 apud
683 2752 876 2798 Senecam,
905 2753 1010 2790 cuius
1038 2765 1179 2790 nomen
1213 2753 1255 2789 in
1288 2765 1396 2800 marg
1327 2765 1405 2800 arg.
1431 2753 1512 2790 cod.
1538 2754 1571 2788 A
1596 2765 1658 2798 ap-

193 2799 361 2846 positum
385 2799 452 2842 est,
478 2778 576 2834 ni'hil
601 2799 680 2837 tale
704 2802 827 2836 exstat
855 2802 1008 2847 praeter
1037 2802 1179 2846 Dialoy.
1207 2800 1257 2836 ix.
1290 2802 1348 2844 (de
1380 2802 1659 2847 Tranquillitate

192 2846 338 2892 Animi)
361 2856 374 2882 1
385 2856 399 2883 1
421 2845 440 2893 ξ
462 2856 506 2882 10
521 2846 616 2882 Scito
633 2858 714 2892 erqo
729 2858 867 2883 omnem
883 2849 1125 2884 condicionem
1140 2849 1354 2884 amabilem
1372 2859 1455 2884 esse.

1485 2933 1546 2968 ²9¹
