1994 3190
67 253 71 258 Ι
151 207 248 240 ou.
263 193 336 255 x1]
661 193 1104 239 POLIGRATICVS
1631 201 1711 243 535
1729 201 1756 232 c

153 317 502 368 Atheniensium,
531 319 761 373 tamquam
796 315 854 358 ad
885 315 1051 358 iudices
1081 315 1308 372 grauiores
1337 313 1615 358 exercitatio-

151 402 318 445 resque,
331 386 494 430 reiecit.
525 386 588 429 At
599 385 666 428 illi
678 398 810 428 causa
825 384 1003 440 cognita
1014 386 1183 426 actores
1196 387 1241 426 et
1254 399 1373 427 ream
1386 384 1615 427 mulierem

147 457 384 500 centesimo
414 469 531 498 anno
557 454 709 497 adesse
738 453 973 496 iusserunt.
1034 451 1107 495 Sic
1138 456 1286 495 autem
1312 468 1453 509 neque
1482 468 1613 496 uene-

146 525 307 576 ficium,
323 524 440 582 quod
460 524 515 567 de
537 523 634 581 lege
653 537 743 566 non
763 521 901 573 licuit,
922 521 1173 564 absolutum
1194 525 1273 572 est,
1293 537 1434 578 neque
1454 537 1614 566 nocens

109 608 129 644 5
146 594 304 652 punita
338 594 508 644 mulier,
538 593 609 636 cui
641 607 698 635 ex
733 590 956 634 sententia
987 589 1228 632 multorum
1268 591 1400 632 uenia
1439 594 1615 647 poterat

145 663 378 721 indulgeri.
438 662 536 706 Hoc
570 663 636 705 ita
668 661 806 704 fuisse
842 675 985 703 nonus
1015 659 1128 702 liber
1158 659 1512 702 Memorabilium
1546 660 1612 703 di-

145 736 318 776 ctorum
352 731 425 775 uel
456 731 676 775 factorum
712 730 878 773 Valerii
909 728 1095 772 Maximi
1125 728 1264 771 docet.
1326 727 1533 771 Ceterum
1568 732 1615 772 et

147 801 339 845 Brutum
359 804 405 844 et
427 800 657 844 mulierem
677 799 913 856 deliquisse
933 798 1204 842 consentiam
1225 796 1365 847 facile,
1386 811 1437 840 eo
1457 798 1574 854 quod

204 892 470 947 Jexcesserit
498 892 716 935 medicina
744 891 936 941 modum,
965 890 1239 946 nimiumque
1268 891 1419 932 secuta
1448 892 1528 939 est,

0 949 9 1004 ἦ,
88 969 130 996 ιο
234 966 322 1008 qua
350 950 493 994 morbi
523 950 702 1002 duxere,
731 964 912 992 manum

145 1046 201 1094 et,
225 1043 328 1086 licet
354 1057 516 1100 magna
539 1041 710 1086 fuerint
735 1041 932 1091 crimina,
957 1039 1257 1098 praestantius
1284 1037 1432 1081 fuerat
1458 1037 1611 1081 eadem

144 1113 239 1157 sine
277 1111 504 1170 punientis
548 1111 731 1155 crimine
770 1109 1008 1153 uendicari.
1082 1108 1209 1151 Vnde
1249 1110 1295 1151 et
1333 1107 1611 1152 infelicitatis

144 1181 446 1226 testimonium
490 1180 631 1223 Bruto
677 1179 880 1237 perhibet
919 1178 1054 1222 etiam
1093 1180 1224 1235 poeta
1269 1176 1501 1229 laudator;
1545 1177 1609 1220 ait
1625 1171 1655 1212 d

146 1251 263 1294 enim
293 1250 341 1293 in
371 1254 498 1295 sexto
527 1249 767 1307 Virgilius:

0 1330 2 1336 ’
86 1351 127 1386 ¹5
519 1341 748 1397 Natosque
778 1342 906 1397 pater
934 1353 1052 1382 noua
1080 1338 1196 1382 bella
1225 1339 1454 1380 mouentes

346 1399 403 1443 ad
433 1414 592 1500 penam
622 1398 808 1456 pulchra
837 1413 918 1455 pro
947 1397 1152 1440 libertate
1182 1396 1360 1439 uocabit

346 1457 439 1501 infe
457 1458 517 1509 iit,
546 1460 786 1514 utcumque
816 1456 962 1499 ferent
991 1470 1043 1498 ea
1072 1454 1192 1498 facta
1222 1454 1424 1496 minores.

143 1549 207 1594 At
245 1549 542 1594 infortunium
581 1548 808 1607 parricidii
840 1548 902 1591 sic
936 1561 1069 1590 uersu
1104 1545 1306 1603 sequenti
1338 1548 1520 1589 excusat
1560 1548 1613 1588 ut

147 1618 292 1662 inanis
311 1619 478 1676 gloriae
497 1621 659 1676 arguat
678 1618 938 1668 uanitatem,
959 1616 1130 1659 dicens:

85 1728 130 1754 ao
260 1710 420 1755 Vincet
448 1726 573 1755 amor
600 1710 772 1768 patriae
800 1709 1069 1765 laudumque
1098 1707 1312 1749 immensa
1341 1706 1511 1763 cupido.

144 1801 244 1854 Sed,
282 1817 339 1847 ne
378 1803 477 1861 quis
515 1802 673 1847 amodo
714 1802 904 1844 Brutum
952 1800 1164 1850 imitetur,
1203 1797 1415 1855 populum
1459 1797 1609 1841 liberis

143 1870 408 1929 praeferens,
437 1871 607 1915 frustra
635 1870 952 1920 sollicitaberis,
982 1883 1083 1913 cum
1115 1867 1188 1911 uel
1223 1867 1336 1910 uitia
1370 1867 1609 1910 liberorum

144 1940 279 1984 saluti
322 1941 387 1985 rei
427 1941 629 1999 publicae
673 1939 995 1998 praeferantur,
1035 1938 1138 1982 licet
1178 1939 1348 1980 certum
1394 1937 1454 1980 sit
1493 1937 1610 1994 quod

144 2010 331 2054 salutem
378 2010 530 2068 populi
572 2009 723 2052 liberis
769 2008 973 2052 omnibus
1012 2008 1215 2064 oporteat
1254 2005 1480 2050 anteferri.
1553 2006 1610 2049 In

85 2087 128 2124 ²5
143 2078 258 2123 libro
291 2080 543 2138 Regnorum
583 2079 789 2137 arguitur
828 2077 936 2122 Saul
969 2077 1085 2134 quod
1119 2090 1231 2127 cum,
1262 2079 1368 2118 uoto
1400 2075 1519 2120 facto
1553 2076 1609 2120 de

144 2148 304 2192 diurno
322 2149 487 2192 ieiunio
506 2148 590 2192 sub
615 2148 867 2192 discrimine
894 2147 1014 2190 illius
1034 2146 1110 2203 qui
1133 2149 1237 2188 ante
1262 2148 1434 2189 noctem
1454 2149 1610 2189 contra

143 2220 298 2260 uotum
319 2220 511 2262 sumeret
529 2218 688 2268 cibum,
704 2217 917 2260 Ionathas
936 2216 1054 2259 filius
1070 2215 1164 2258 eius
1184 2215 1270 2258 mel
1291 2215 1405 2271 quod
1424 2217 1607 2271 sceptro,
1624 2220 1708 2270 536
1728 2232 1758 2261 a

142 2286 190 2329 id
213 2290 290 2338 est,
310 2288 439 2331 hasta
464 2288 686 2345 tetigerat,
704 2288 1044 2344 praegustasset,
1062 2288 1248 2342 paterno
1274 2287 1422 2328 motus
1447 2284 1608 2328 affectu

143 2358 297 2399 contra
316 2356 541 2414 religionis
554 2359 710 2400 uotum
726 2355 923 2414 pepercit
939 2355 1054 2407 filio3
1083 2355 1209 2399 cuius
1229 2353 1608 2412 praeuaricatione

146 2499 187 2525 12
213 2489 398 2526 uindicari
417 2489 579 2528 CBASM
741 2502 783 2537 13
808 2490 986 2528 laudator
1002 2492 1117 2538 poeta
1132 2490 1166 2527 A
1326 2490 1369 2527 16
1395 2487 1530 2536 pulcra
1546 2487 1606 2524 AS

146 2537 190 2573 18
214 2535 282 2582 At]
299 2536 375 2573 Aut
394 2537 434 2572 M
576 2547 619 2586 25
646 2538 748 2576 facto
765 2540 856 2576 uoto
875 2539 915 2575 M

191 2662 213 2697 7
244 2655 382 2689 Valerii
397 2655 579 2709 Mea-imi:
604 2667 653 2693 sc.
664 2656 747 2692 Val.
761 2656 861 2693 Max.
874 2655 951 2692 viii.
966 2666 981 2693 1
1002 2657 1051 2692 ad
1065 2656 1127 2692 fin.
1258 2666 1281 2702 9
1305 2656 1489 2692 excesserit
1505 2656 1577 2692 etc.
1595 2665 1605 2690 :

146 2699 285 2755 Lucan.
303 2702 430 2737 Phara.
448 2713 488 2738 ιι.
506 2712 582 2747 142,
599 2713 666 2749 143
681 2705 842 2747 (excessit
858 2704 960 2747 etc.).
1060 2714 1103 2740 10
1118 2715 1267 2739 manum
1282 2714 1291 2738 ε
1318 2702 1372 2739 sic
1389 2714 1458 2748 pro
1476 2714 1609 2738 manus

145 2747 240 2794 legit
254 2760 295 2783 m
307 2748 378 2784 hoc
392 2747 474 2785 loco
488 2748 632 2786 Lucani
645 2750 743 2797 Aug.
755 2753 798 2787 de
814 2752 884 2787 Civ.
898 2752 977 2793 Dei,
991 2750 1044 2787 iii.
1058 2761 1115 2795 27.
1208 2760 1248 2786 12
1267 2752 1493 2795 infelicitatis
1509 2752 1582 2786 etc.
1597 2760 1607 2785 z

145 2808 178 2833 v.
196 2795 291 2842 Aug.
311 2797 353 2831 de
373 2797 448 2832 Civ.
467 2797 549 2839 Dei,
565 2808 596 2833 v.
618 2798 671 2834 18.
819 2807 860 2844 15
886 2800 959 2834 Nat
1019 2811 1062 2834 ue
1080 2800 1176 2834 etc.:
1202 2797 1315 2844 Verg.
1334 2798 1427 2834 Aen.
1447 2796 1494 2834 vi.
1514 2798 1609 2834 820—

146 2852 203 2888 23.
346 2852 403 2889 24,
422 2851 464 2890 25
490 2844 539 2879 In
555 2845 645 2881 libro
660 2845 890 2891 Reynorum:
915 2858 948 2882 v.
967 2856 985 2882 1
1037 2856 1096 2891 eg.
1112 2844 1186 2882 xiv.

200 2922 282 2940 vm
833 2914 860 2941 n
884 2914 913 2941 n
1433 2914 1496 2949 ²73
