1994 3190
165 225 264 261 oar.
279 215 372 271 vn]
684 212 1122 259 POLICRATICVS
1650 225 1726 266 557
1744 216 1774 256 b

164 334 287 379 fama
305 335 501 379 omnium
528 334 660 378 fidem
680 334 902 377 astrinxit.
963 334 1082 387 Quid
1107 334 1162 377 de
1189 333 1462 378 continentia
1487 333 1631 378 dicam

0 446 2 459 ἶ
163 419 398 462 rerumque
426 405 694 461 contemptu,
724 403 1079 460 quandoquidem
1116 403 1343 447 Plutarchi
1372 406 1631 462 strategem-

0 476 1 523 1
162 474 327 518 matica
354 473 567 516 nonnulla
593 472 805 530 promisi?
863 472 1063 515 Marcum
1091 471 1306 516 Catonem
1340 472 1492 515 eodem
1524 473 1631 516 uino

0 527 2 614 ξ
162 557 250 600 quo
269 543 456 600 remiges
475 544 732 586 contentum
754 541 891 584 fuisse
911 540 1117 584 traditur.
1181 541 1402 584 Atthilius
1422 542 1630 599 Regulus,

122 626 142 660 ⁵
161 625 262 656 cum
301 612 485 655 summis
523 611 654 655 rebus
693 610 971 668 praefuisset,
1007 610 1116 654 adeo
1155 624 1325 667 pauper
1363 609 1453 653 fuit
1491 614 1545 654 ut
1583 626 1630 654 se

159 681 391 740 coniugem
430 681 677 738 liberosque
723 681 934 724 toleraret
981 680 1123 738 agello
1162 679 1239 736 qui
1279 679 1506 722 colebatur
1551 695 1630 737 per

161 764 300 794 unum
346 750 567 803 uillicum;
606 750 732 793 cuius
766 750 921 793 audita
955 752 1109 800 morte,
1143 748 1320 806 scripsit
1358 748 1533 791 senatui
1574 749 1628 791 de
1647 764 1671 792 c

161 833 406 864 successore
444 820 529 863 sibi
567 819 756 863 creando
794 822 851 870 et,
890 819 1118 862 destitutis
1157 819 1288 862 rebus
1328 818 1454 861 obitu
1499 819 1629 868 serui,

160 889 450 933 necessariam
485 903 577 932 esse
608 888 903 946 praesentiam
934 903 1072 932 suam.
1144 887 1311 931 Gneius
1345 887 1494 944 Scipio
1528 892 1630 944 post

103 974 146 1001 ιο
164 973 234 1002 res
276 973 482 1016 prospere
521 959 569 1001 in
608 958 828 1015 Hispania
869 960 1017 1016 gestas
1055 957 1103 1001 in
1143 972 1317 1001 summa
1365 961 1628 1015 paupertate

161 1027 358 1079 decessit,
390 1043 445 1071 ne
476 1043 528 1071 ea
559 1027 737 1085 quidem
769 1027 922 1071 relicta
960 1028 1147 1084 pecunia
1179 1042 1293 1085 quae
1324 1027 1543 1071 sufficeret
1582 1027 1629 1068 in

159 1097 309 1140 dotem
362 1096 660 1150 feminarum3
719 1111 829 1154 quas
877 1097 934 1140 ob
986 1097 1181 1154 inopiam
1230 1097 1404 1154 publice
1452 1096 1629 1140 dotauit

161 1169 352 1210 senatus.
411 1166 537 1210 Idem
582 1166 902 1224 praestiterunt
941 1166 1235 1210 Athenienses
1273 1166 1378 1209 filiis
1416 1165 1628 1210 Aristidis

159 1239 262 1293 post
299 1236 669 1293 amplissimarum
713 1250 860 1278 rerum
901 1235 1330 1279 administrationem
1369 1236 1417 1278 in
1455 1250 1629 1278 summa

102 1320 143 1355 15
161 1308 423 1363 paupertate
457 1305 667 1350 defuncti.
742 1305 970 1348 Hannibal
1002 1305 1057 1348 de
1091 1309 1219 1350 nocte
1258 1320 1438 1364 surgere
1472 1305 1629 1349 solitus

160 1390 250 1418 non
290 1375 588 1432 requiescebat
622 1378 726 1418 ante
761 1378 946 1426 noctem,
978 1375 1233 1432 crepusculo
1272 1375 1450 1418 demum
1488 1375 1628 1418 socios

159 1444 218 1488 ad
257 1459 410 1488 cenam
449 1445 648 1496 uocabat,
687 1459 830 1501 neque
869 1444 1060 1502 amplius
1109 1459 1242 1502 quam
1281 1444 1454 1488 duobus
1503 1444 1628 1487 lectis

159 1513 518 1557 discumbebatur
555 1513 675 1571 apud
721 1528 833 1556 eum.
913 1513 1051 1566 Idem,
1083 1527 1183 1557 cum
1229 1513 1313 1556 sub
1363 1513 1628 1557 Hasdribale

160 1583 376 1627 militaret
422 1583 698 1640 imperatore,
737 1582 997 1640 plerumque
1046 1597 1179 1640 super
1226 1583 1392 1626 nudam
1442 1583 1627 1626 humum

101 1675 145 1701 20
160 1652 315 1711 sagulo
348 1655 491 1696 tectus
529 1667 734 1710 sompnos
773 1652 988 1710 capiebat.
1068 1652 1337 1695 Emilianum
1378 1652 1628 1710 Scipionem

0 1746 4 1788 f
160 1721 357 1766 traditur
385 1722 432 1764 in
461 1722 619 1765 itinere
649 1736 749 1765 cum
779 1722 932 1765 amicis
960 1722 1262 1765 ambulantem
1301 1724 1479 1779 accepto
1513 1737 1627 1779 pane

160 1791 279 1836 uesci
318 1791 511 1836 solitum.
586 1791 701 1835 Item
732 1794 778 1835 et
807 1791 861 1835 de
891 1791 1147 1835 Alexandro
1178 1792 1416 1835 Macedone
1450 1792 1624 1836 dicitur.
1642 1790 1671 1831 d

160 1861 392 1920 Augustus
421 1861 584 1906 Caesar
611 1861 784 1904 minimi
813 1861 900 1905 cibi
933 1864 1030 1904 erat
1062 1864 1196 1919 atque
1230 1861 1441 1919 uulgaris.
1516 1862 1627 1905 Fere

161 1931 468 1974 secundarium
520 1946 680 1988 panem
734 1934 780 1974 et
827 1931 1059 1988 pisciculos
1111 1931 1307 1974 minutos
1356 1934 1402 1974 et
1449 1945 1625 1975 caseum

85 2017 142 2060 ,²⁵
161 2000 363 2043 bibulum
401 2001 537 2044 manu
565 2015 764 2058 pressum
794 2003 840 2044 et
879 2001 989 2044 ficus
1028 1999 1192 2043 biferas
1227 1999 1393 2044 uirides
1432 2001 1626 2043 maxime

161 2069 410 2128 appetebat,
429 2070 775 2127 uescebaturque
804 2073 908 2113 ante
938 2084 1103 2119 cenam,
1123 2084 1398 2127 quocumque
1428 2073 1626 2127 tempore

160 2142 207 2183 et
254 2139 348 2183 loco
397 2142 616 2183 stomacus
661 2139 978 2191 desiderasset3
1027 2139 1146 2182 unde
1195 2139 1289 2196 ipse
1339 2139 1386 2182 in
1434 2139 1625 2196 quadam

158 2208 367 2267 epistola:
409 2208 478 2252 Ne
518 2208 683 2252 Iudeus
723 2209 913 2266 quidem,
951 2208 1014 2251 mi
1054 2208 1214 2258 Tiberi,
1253 2210 1347 2251 tam
1387 2208 1626 2266 diligenter

157 2278 392 2322 sabbatum
426 2281 576 2321 seruat
600 2292 733 2335 quam
770 2293 850 2335 ego
882 2277 1012 2320 hodie
1043 2277 1220 2320 seruaui
1260 2277 1338 2334 qui
1379 2277 1426 2319 in
1466 2277 1625 2321 balneo

22 2375 23 2378 =
97 2365 141 2400 30
157 2350 260 2405 post
307 2347 461 2390 horam
509 2347 699 2404 primam
750 2347 892 2390 noctis
941 2347 1052 2389 duas
1100 2346 1308 2389 buccatas
1356 2346 1623 2390 manducaui

155 2417 415 2475 priusquam
441 2416 550 2474 ungi
575 2416 824 2474 inciperem.
884 2416 1004 2459 Iram
1032 2430 1206 2472 quoque
1235 2415 1446 2459 citissime
1472 2416 1623 2460 remit—

159 2545 204 2580 14
228 2532 611 2571 amministrationem
628 2532 668 2570 M
831 2544 880 2571 20
903 2545 1053 2571 somnos
1070 2532 1095 2570 S
1192 2533 1371 2580 capiebat
1387 2544 1565 2580 sompnos
1582 2534 1623 2570 M

157 2591 202 2629 25
228 2581 382 2618 bifferas
398 2581 439 2616 M
580 2590 625 2626 27
651 2581 866 2618 stomachus
881 2581 921 2617 M
1065 2582 1112 2618 28
1130 2581 1306 2628 equidem
1320 2582 1355 2618 A
1447 2581 1573 2628 tyberi
1591 2582 1622 2617 B
1638 2614 1647 2622 .

205 2696 226 2731 3
251 2686 416 2720 Marcum
438 2684 606 2720 Catonem
622 2685 718 2721 etc.:
745 2683 917 2721 antin.
933 2686 1047 2721 strae.
1059 2684 1106 2721 iv.
1122 2695 1142 2730 3
1161 2684 1179 2731 ξ
1202 2695 1232 2722 ι.
1397 2695 1420 2729 4
1446 2686 1548 2721 Aah·
1543 2686 1580 2720 Ἰ·
1566 2698 1625 2721 us

155 2734 317 2778 Regulus
341 2733 412 2767 etc.
438 2741 555 2776 usque
579 2731 627 2767 ad
650 2733 813 2777 defuncti
834 2735 919 2786 (557
931 2734 992 2779 c):
1018 2731 1191 2769 Frontin.
1217 2733 1327 2768 strat.
1349 2730 1396 2768 iv.
1423 2742 1444 2778 3
1471 2731 1513 2778 §§
1541 2742 1584 2777 3·
1590 2742 1622 2778 5.

158 2781 180 2817 8
204 2781 274 2816 sibi
290 2780 463 2815 creando:
488 2778 624 2815 desunt
639 2790 688 2824 ap
690 2778 845 2815 .Fr0nti
812 2780 883 2816 t1.n
1058 2789 1098 2826 15
1117 2781 1246 2815 Hann
1242 2781 1309 2815 'bal
1324 2781 1420 2817 etc.:
1449 2779 1620 2815 Frontin.

156 2829 270 2864 Seme.
284 2826 331 2862 iv.
350 2836 371 2872 3
391 2824 431 2872 ἐξ
451 2834 497 2869 7-
502 2835 553 2862 10.
663 2790 728 2862 p16
750 2828 880 2862 socios:
908 2826 1015 2864 deest
1031 2837 1091 2873 ap.
1109 2826 1281 2864 Frontin.
1409 2836 1453 2872 23
1479 2828 1623 2862 minimi

136 2875 228 2911 ‚cibi
245 2875 340 2910 etc.
332 2885 340 2894 ·
367 2885 401 2908 v.
419 2871 518 2908 Suet.
536 2873 630 2918 Any.
648 2873 704 2917 76.
831 2882 875 2920 25
902 2875 1083 2910 bibulum:
1109 2875 1283 2910 bubulum
1299 2872 1452 2910 Sueton.
1577 2883 1621 2919 31

156 2923 261 2958 Iram
277 2923 368 2958 etc.:
395 2919 498 2956 Haec
511 2919 682 2956 clausula
695 2930 757 2966 ap.
771 2918 926 2957 Sueten.
945 2932 1024 2958 ιιοιι
1040 2922 1175 2959 exstat.

235 2993 316 3012 wus
862 2989 884 3017 Β
910 2990 932 3018 8
1449 2991 1514 3025 ³¹3
