1994 3190
185 193 286 227 off.
300 158 365 242 xj
686 178 1126 224 PomcRATIovs
1662 179 1750 228 με
1767 189 1801 229 a

241 335 345 393 Cap.
368 350 404 391 9.
436 333 761 378 Testimonium
789 332 908 389 quod
931 330 1131 388 perhibet
1161 331 1373 388 Iosephus
1403 332 1588 376 Christo.

240 427 300 470 Et
338 426 514 484 quidem
553 425 660 468 haec
699 423 848 467 omnia
887 423 1128 466 rectissime
1174 424 1292 480 passi
1339 427 1444 467 sunt
1483 424 1559 480 qui
1599 424 1647 466 in

181 496 322 539 filium
362 495 445 538 Dei
484 509 642 537 manus
683 492 918 550 sacrilegas
967 492 1205 534 extendere
1246 495 1648 550 praesumpserunt,

179 580 279 609 cum
293 563 558 607 testimoniis
578 562 897 619 scripturarum
918 563 964 604 et
983 561 1152 603 uirtute
1173 561 1443 603 mirabilium
1464 577 1647 618 operum

141 649 161 684 5
179 635 324 692 ipsum
359 633 586 676 Christum
618 631 797 674 Domini
829 645 923 673 esse
952 632 1187 673 constaret.
1250 630 1376 673 Vnde
1407 631 1646 688 Iosephus:

180 704 286 747 Fuit
304 706 453 746 autem
474 701 644 745 hisdem
670 700 943 757 temporibus
971 699 1096 742 Iesus
1123 699 1298 756 sapiens
1327 700 1409 749 uir,
1430 700 1466 742 si
1495 703 1647 743 tamen

178 773 326 816 uirum
341 787 441 816 eum
455 770 677 828 appellare
698 769 767 812 fas
787 771 864 812 est.
916 769 1025 811 Erat
1045 768 1162 811 enim
1179 768 1448 810 mirabilium
1464 783 1646 825 operum

179 843 356 886 effector
379 841 615 897 doctorque
641 838 870 882 hominum
901 852 1051 881 eorum
1078 838 1155 894 qui
1183 837 1372 880 libenter
1401 852 1513 894 quae
1539 853 1647 881 uera

179 914 284 954 sunt
313 911 512 960 audiunt,
542 911 587 952 et
617 908 781 951 multos
811 907 989 964 quidem
1025 907 1276 957 Iudeorum,
1311 907 1475 949 multos
1510 907 1644 950 etiam

122 998 164 1023 10
179 995 236 1024 ex
267 980 475 1038 gentibus
508 978 592 1022 sibi
627 977 846 1020 adiunxit.
906 975 1112 1020 Christus
1142 976 1213 1019 hic
1244 979 1349 1020 erat.
1412 976 1544 1019 Hunc
1575 991 1645 1019 ac-

178 1050 402 1094 cusatione
430 1048 673 1106 primorum
708 1049 885 1090 nostrae
915 1046 1061 1103 gentis
1096 1046 1306 1095 uirorum,
1339 1060 1437 1088 cum
1476 1046 1645 1088 Pilatus
1662 1048 1692 1086 b

178 1119 226 1162 in
255 1133 425 1162 crucem
451 1117 672 1175 agendum
700 1131 792 1159 esse
822 1116 1097 1166 decreuisset,
1117 1130 1207 1158 non
1234 1115 1524 1158 deseruerunt
1544 1130 1645 1157 eum

178 1189 242 1232 hii
283 1188 359 1246 qui
397 1188 455 1231 ab
494 1187 623 1230 initio
669 1200 770 1229 eum
815 1185 1076 1228 dilexerant.
1156 1184 1380 1242 Apparuit
1419 1185 1537 1228 enim
1582 1185 1645 1227 eis

178 1258 312 1302 tertia
335 1257 405 1301 die
425 1258 587 1301 iterum
611 1256 755 1306 uiuus,
775 1254 1015 1299 secundum
1047 1254 1164 1311 quod
1194 1255 1412 1297 diuinitus
1439 1254 1645 1311 inspirati

115 1339 162 1374 15
178 1328 417 1385 prophetae
455 1326 527 1370 uel
566 1326 673 1369 haec
712 1324 785 1368 uel
823 1324 912 1368 alia
958 1324 1013 1367 de
1060 1339 1111 1367 eo
1161 1324 1394 1367 innumera
1433 1324 1646 1367 miracula

178 1396 332 1441 futura
372 1410 464 1441 esse
513 1395 840 1454 praedixerant.
918 1394 1007 1438 Sed
1048 1396 1093 1438 et
1133 1394 1180 1436 in
1224 1394 1486 1437 hodiernum
1527 1394 1645 1436 diem

178 1465 542 1516 Christianorum,
573 1465 650 1523 qui
689 1465 747 1508 ab
777 1479 828 1508 eo
858 1464 1102 1521 nuncupati
1133 1466 1250 1514 sunt,
1281 1466 1327 1507 et
1356 1478 1516 1506 nomen
1547 1478 1645 1520 per·

176 1538 350 1580 seuerat
379 1538 424 1580 et
451 1550 605 1594 genus.

179 1684 284 1744 Cap.
319 1699 384 1729 10.
425 1685 489 1730 De
531 1683 814 1742 Vespasiano,
845 1683 928 1741 qai
962 1683 1183 1727 claudum
1222 1686 1259 1726 ct
1290 1697 1438 1726 cecum
1467 1697 1645 1726 curasse

120 1768 163 1792 20
824 1753 1004 1810 leyitur.

233 1847 552 1905 Vespasianum
607 1860 781 1903 quoque
838 1845 1001 1888 Iudeae
1055 1847 1326 1888 uastatorem
1383 1846 1642 1901 patremque

174 1916 276 1967 Titi,
297 1916 650 1960 Ierosolimorum
678 1915 864 1973 piissimi
886 1914 1113 1964 euersoris,
1134 1918 1187 1957 ut
1214 1914 1479 1971 quibusdam
1506 1914 1641 1970 scrip·

173 1986 344 2030 toribus
362 1985 539 2044 placuit,
558 1985 870 2028 miraculorum
890 1984 1029 2042 signis
1049 1984 1106 2026 ad
1128 1983 1375 2027 faciendam
1396 1983 1641 2026 uindictam

176 2055 224 2098 in
252 2055 505 2099 nationibus
534 2054 618 2098 Dei
652 2054 821 2112 digitus
851 2054 1077 2097 excitauit.
1137 2053 1291 2110 Ipsum
1321 2068 1512 2110 namque
1542 2068 1640 2096 nec-

117 2139 159 2174 ²5
177 2124 283 2168 dum
330 2125 639 2182 imperatorem
689 2124 869 2181 quidam
919 2138 943 2167 e
990 2123 1116 2180 plebe
1166 2123 1409 2166 luminibus
1458 2122 1641 2165 orbatus
1660 2136 1686 2165 c

175 2193 368 2252 itemque
387 2194 501 2238 alius
525 2193 707 2237 claudus
726 2208 852 2236 crure
879 2193 1037 2236 debilis
1063 2193 1288 2236 sedentem
1315 2207 1396 2249 pro
1425 2192 1641 2234 tribunali

175 2263 342 2320 pariter
379 2263 596 2314 adierunt,
630 2265 808 2306 orantes
847 2277 974 2320 opem
1013 2262 1266 2312 ualitudini,
1306 2276 1357 2304 eo
1398 2261 1515 2318 quod
1555 2261 1639 2303 sibi

174 2331 291 2375 foret
318 2333 366 2375 in
395 2333 542 2389 quiete
567 2335 862 2376 monstratum
895 2332 1042 2376 oculos
1071 2331 1367 2375 restituendos
1396 2331 1433 2373 si
1464 2345 1536 2373 eos
1567 2331 1642 2373 ille

174 2401 418 2458 inspiceret,
453 2404 499 2445 et
532 2415 632 2445 crus
667 2400 801 2444 debili
831 2400 1128 2444 roborandum
1159 2401 1197 2443 si
1233 2400 1344 2443 illud
1379 2400 1641 2457 dignaretur

114 2485 160 2518 30
175 2470 289 2514 calce
309 2471 574 2528 contingere.
632 2470 876 2514 Orantibus
896 2470 1049 2514 amicis
1074 2470 1245 2513 inuitus
1270 2470 1374 2513 licet
1399 2472 1639 2525 utrumque

1408 2582 1456 2623 (ue
1441 2582 1519 2607 eldo
1502 2582 1582 2608 oinm

179 2625 195 2652 1
210 2621 293 2661 post
306 2615 485 2664 Iosephus
498 2618 580 2653 add.
594 2616 641 2653 de
655 2615 710 2653 S
694 2629 736 2653 m
748 2618 849 2654 rubr.
863 2628 942 2663 cap.
952 2619 1124 2663 praefixa
1227 2625 1245 2663 5
1266 2615 1437 2662 Domini]
1456 2616 1569 2652 deum
1581 2582 1639 2652 A·

176 2662 288 2699 deum
304 2663 344 2699 M
459 2673 480 2709 7
506 2663 673 2711 apellare
691 2663 716 2700 S
831 2674 872 2710 13
898 2663 940 2700 hi
955 2664 1030 2700 AM
1143 2663 1260 2711 enim]
1277 2666 1406 2700 autem
1423 2663 1464 2698 M

222 2756 246 2792 6
269 2755 385 2791 Fuit.
433 2767 568 2801 ‚yenus
584 2756 670 2802 (426
680 2755 743 2802 b)·
768 2755 902 2793 Euseb.
922 2767 1012 2794 vers.
1031 2755 1166 2792 Ruffin.
1189 2754 1215 2792 i.
1236 2765 1291 2800 14.
1404 2765 1445 2791 21
1472 2755 1639 2801 Vespasi-

177 2813 288 2838 anum
305 2803 399 2842 etc.:
423 2814 456 2839 v.
473 2801 576 2840 Suet.
598 2805 701 2850 Vesp.
719 2805 751 2840 8.

1486 2873 1529 2914 83
