1994 3190
165 194 266 229 off.
283 180 355 241 ιχ]
684 178 1124 226 PomcRA'movs
1388 152 1392 156 ⁴
1653 187 1739 228 492
1760 186 1786 218 c
1838 201 1842 204 -

164 302 294 346 Alius
313 315 512 358 quoque:

279 393 467 436 Nullum
497 406 661 434 numen
692 390 828 433 habes
857 389 895 432 si
925 389 985 432 sit
1045 388 1278 440 rudentia3
1317 389 1394 431 sed
1423 403 1503 432 nos

278 454 324 494 te
354 450 554 500 facimus,
585 449 778 499 fortuna,
810 447 937 490 deam
967 461 1015 490 ce
1033 461 1146 502 oque
1176 446 1381 489 locamus.

164 541 278 586 Cato
297 555 481 598 quoque,
501 540 605 584 licet
623 553 780 582 uerum
801 552 890 580 non
910 537 1165 594 agnouisset
1181 536 1325 579 Deum
1345 538 1634 594 gentiumque

125 634 145 668 5
164 609 553 668 superstitionibus
600 608 839 657 aberraret,
879 606 926 648 in
971 605 1098 648 Libia
1138 608 1289 648 tamen
1330 606 1462 656 Iouis,
1502 621 1634 662 quem

163 679 346 730 colebat,
377 678 643 735 contempsit
682 676 870 726 oracula,
903 689 949 718 se
989 674 1046 717 ad
1080 689 1143 724 ea,
1175 689 1288 730 quae
1323 674 1407 716 sibi
1440 675 1634 731 gerenda

162 751 302 799 erant,
336 747 532 791 sufficere
567 747 823 790 arbitratus.
883 744 942 787 Et
973 743 1152 800 quidem
1184 743 1318 786 etiam
1354 743 1450 799 ipsa
1485 743 1633 800 imago

158 811 346 862 'uirtutis
374 832 500 861 suam
531 816 753 874 quandam
783 815 919 858 habet
950 813 1200 857 uenustatis
1229 812 1482 868 decorisque
1503 813 1631 855 clari·
1648 817 1678 858 d

162 890 314 939 tatem,
348 890 401 930 ut
433 886 642 944 quicquid
676 886 724 928 in
759 899 811 928 ea
842 884 1041 927 cernitur
1075 883 1169 926 eius
1201 882 1360 924 merito
1392 886 1632 924 uenustum

100 970 146 997 10
162 956 370 1000 credatur
400 960 446 999 et
476 956 695 999 decorum.
755 953 859 996 Non
894 956 1044 996 tamen
1079 966 1395 1008 usquequaque
1427 951 1634 994 decorum

163 1029 231 1070 est
265 1025 383 1083 quod
421 1025 469 1068 in
504 1023 699 1068 tenebris
732 1022 1011 1082 ignorantiae
1047 1021 1332 1073 obscuratur;
1374 1035 1453 1064 nec
1488 1024 1636 1078 potest

161 1095 396 1152 quisquam
420 1094 656 1138 clarescere
679 1092 765 1136 nisi
793 1091 841 1134 in
870 1091 956 1134 fide
987 1091 1106 1133 illius
1136 1090 1213 1147 qui
1244 1090 1324 1132 lux
1354 1104 1462 1132 uera
1493 1094 1560 1132 est
1590 1097 1637 1132 et

162 1164 387 1207 illuminat
420 1178 595 1207 omnem
628 1162 852 1206 hominem
884 1161 1137 1204 uenientem
1173 1159 1220 1202 in
1253 1160 1371 1203 hunc
1406 1159 1636 1203 mundum.

164 1233 234 1277 Ex
264 1247 352 1290 quo
380 1236 506 1290 patet
534 1232 652 1290 quod
684 1231 771 1275 nisi
795 1231 843 1274 in
866 1230 962 1274 ueri
993 1229 1077 1272 Dei
1104 1229 1268 1272 notitia
1298 1232 1344 1272 et
1373 1229 1498 1272 cultu
1528 1243 1637 1271 uera

104 1317 145 1353 15
163 1304 308 1348 uirtus
328 1317 421 1347 esse
441 1317 530 1346 non
549 1300 701 1360 possit·
761 1300 890 1354 Quod
911 1303 956 1343 et
975 1300 1090 1343 uisio
1111 1299 1352 1342 Ezechielis
1372 1314 1461 1342 non
1482 1299 1636 1349 tacuit,

163 1373 240 1431 qui
261 1387 412 1416 eorum
437 1372 514 1430 qui
540 1370 866 1429 praecedebant
895 1373 941 1413 et
970 1370 1047 1427 qui
1074 1369 1374 1426 sequebantur
1403 1367 1635 1412 Christum

163 1442 346 1486 eandem
382 1441 702 1486 confessionem
742 1455 836 1484 esse
878 1439 1080 1482 asseruit.
1161 1438 1427 1482 Sanctorum
1471 1437 1636 1495 quippe

162 1512 325 1556 ueteris
345 1514 391 1554 et
409 1511 516 1554 noui
535 1509 793 1554 testamenti
815 1509 862 1551 in
889 1524 941 1552 eo
965 1508 1260 1566 distinguitur
1278 1508 1400 1558 fides,
1420 1506 1538 1564 quod
1559 1506 1635 1549 isti

163 1581 253 1625 iam
273 1581 358 1624 sibi
377 1580 576 1638 gaudent
593 1579 782 1638 impleta
802 1593 914 1638 quae
935 1578 1000 1620 illi
1021 1578 1317 1635 expectabant
1343 1580 1389 1620 et
1415 1575 1634 1619 desidera-

103 1661 148 1687 20
164 1651 275 1694 bant
304 1650 540 1708 implenda.
601 1650 672 1693 Sit
700 1664 804 1707 ergo
833 1648 1100 1691 uenerabilis
1130 1648 1277 1704 imago
1303 1643 1502 1696 uirtutis,
1527 1645 1634 1687 dum
1651 1663 1738 1704 493
1758 1664 1790 1694 a

163 1719 258 1764 sine
285 1719 372 1762 fide
402 1722 448 1762 et
475 1718 709 1762 dilectione
739 1717 992 1761 substantia
1021 1717 1206 1760 uirtutis
1236 1731 1330 1760 esse
1359 1730 1449 1758 non
1484 1714 1637 1772 possit,

164 1787 224 1832 Et
247 1788 420 1831 utinam
450 1787 709 1830 inueniatur
739 1787 786 1829 in
815 1786 943 1830 nobis
974 1786 1051 1843 qui
1082 1786 1154 1829 uel
1184 1785 1369 1829 uirtutis
1393 1784 1635 1842 imaginem

162 1860 324 1902 teneat.

378 1926 489 1981 Quis
518 1926 637 1970 enim
667 1926 882 1970 uirtutem
912 1925 1198 1983 amplectitur
1226 1925 1397 1982 ipsam}

107 2033 148 2067 ²5
167 2019 277 2074 Quis
325 2019 460 2063 etiam
509 2019 690 2062 umbras
738 2019 961 2062 uirtutum
1011 2018 1171 2068 induit,
1220 2018 1382 2075 quibus
1430 2017 1634 2060 uidemus

165 2089 364 2133 floruisse
389 2089 590 2147 gentiles,
610 2089 714 2132 licet
741 2089 804 2132 eis
832 2088 1060 2131 subtracto
1081 2087 1261 2132 Christo
1286 2102 1418 2130 uerae
1443 2087 1635 2130 beatitu-

165 2158 282 2202 dinis
306 2173 396 2202 non
421 2158 794 2216 apprehenderint
815 2157 1043 2202 fructum?
1102 2157 1213 2211 Quis
1240 2156 1516 2200 Temistoclis
1536 2156 1635 2199 dili-

166 2228 374 2287 gentiam,
423 2228 660 2271 Frontonis
708 2227 991 2286 graffitatem,
1047 2226 1368 2271 continentiam
1429 2226 1637 2277 Socratis,

168 2361 192 2398 6
215 2345 417 2397 contemsit
433 2358 459 2395 S
590 2367 610 2404 7
634 2348 773 2406 ymago
790 2357 866 2394 AM
998 2359 1043 2395 16
1062 2364 1145 2405 post
1161 2361 1200 2395 et
1217 2370 1284 2395 om.
1304 2358 1370 2404 qui
1387 2357 1455 2394 SM
1591 2368 1636 2394 22

167 2406 457 2461 ymaginem-B:
481 2405 702 2454 ymaginem
719 2405 873 2442 uirtutis
889 2405 929 2442 M
1027 2415 1072 2453 25
1097 2406 1272 2442 umbram
1287 2405 1445 2442 uirtutis
1460 2405 1495 2440 A
1591 2414 1635 2450 27

168 2453 416 2492 themistoclis
430 2454 465 2489 A

173 2626 182 2634 ·
218 2589 240 2615 2
264 2579 416 2614 Nullum
431 2579 530 2620 etc-2
558 2578 637 2616 IuV.
652 2579 727 2615 Sat.
743 2590 779 2615 x.
797 2578 879 2625 365,
897 2579 978 2624 366.
1069 2626 1078 2634 ι
1122 2589 1145 2624 4
1172 2581 1259 2617 Cato
1277 2580 1374 2616 etc.:
1400 2578 1487 2615 Luc.
1505 2580 1637 2616 Phars.

170 2637 221 2663 ix.
242 2634 308 2672 543
320 2636 421 2671 seqq.
543 2635 584 2662 12
609 2627 676 2662 lum
689 2638 778 2683 uer-a
795 2629 866 2662 etc.
882 2638 890 2661 :
917 2626 1048 2680 Ioann.
1067 2638 1091 2663 1.
1110 2636 1144 2672 9.
1199 2674 1207 2681 ,
1260 2636 1299 2673 15
1327 2628 1422 2662 uisio
1437 2628 1638 2680 Ezechiel&

172 2675 265 2711 etc.:
289 2685 324 2710 v.
343 2671 455 2719 Greg.
474 2671 604 2718 Magn.
619 2674 725 2709 Hom.
743 2685 784 2708 m
801 2674 927 2709 Ezech.
951 2685 991 2709 n.
1009 2684 1031 2718 4
1056 2672 1076 2722 ξ
1099 2683 1119 2718 7
1139 2673 1285 2720 (Migne
1301 2675 1342 2709 P.
1359 2675 1404 2709 L.
1423 2673 1535 2709 lxxvi.
1554 2683 1636 2719 977,

171 2720 270 2767 978).
436 2729 482 2763 24
508 2721 596 2763 Quis
614 2722 711 2755 enim
727 2721 822 2757 eta:
848 2719 927 2756 Iuv.
944 2722 1020 2757 Sat.
1039 2732 1075 2756 1.
1097 2731 1175 2766 ¹41·
1345 2730 1388 2765 27
1419 2722 1638 2758 Temistoclis

172 2768 419 2813 diligentiam:
442 2777 474 2802 v.
490 2765 572 2803 Val.
588 2766 688 2803 Max.
701 2766 778 2803 viii.
793 2776 824 2811 7.
838 2769 914 2804 ext.
929 2776 982 2813 15.
1114 2770 1159 2805 28
1183 2769 1382 2806 Frontonis
1393 2771 1635 2814 grauitatem:

173 2815 328 2852 Hieron.
344 2814 417 2860 Ep.
434 2824 538 2851 cxxv.
556 2812 575 2860 ἕ
597 2823 639 2851 12
657 2813 803 2861 (Migne
818 2815 860 2852 P.
876 2816 922 2852 L.
938 2813 1029 2851 xxii.
1052 2815 1171 2862 1079).

1462 2895 1526 2931 197
