1994 3190
249 241 325 282 574
344 233 374 272 b
718 229 919 274 IOANN
921 229 979 273 IS
1020 229 1533 274 SARESBERIENSIS
1699 228 1810 290 [ΜΒ.
1825 242 1857 275 v

390 343 598 388 ciuilibus
630 345 842 394 taceatur,
875 343 924 385 in
962 343 1123 400 quibus
1161 345 1311 386 tamen
1345 346 1413 386 est
1452 343 1604 387 eadem
1642 343 1856 396 inuenire,

391 414 696 457 accusatorum
735 412 963 456 temeritas
1000 412 1144 456 tribus
1183 412 1324 455 modis
1363 413 1588 470 detegitur
1626 413 1857 469 tribusque

393 482 610 526 subicitur
629 482 766 539 penis.
818 481 914 525 Aut
933 482 1051 524 enim
1071 482 1430 539 calumpniantur
1449 485 1529 526 aut
1547 482 1855 540 praeuarican-

351 566 376 595 c
394 555 470 595 tur
484 554 563 594 aut
578 551 942 609 tergiuersantur.
973 551 1054 594 Est
1068 554 1217 594 autem
1232 551 1523 609 calumpniari
1542 552 1728 595 crimina
1743 550 1859 594 falsa

392 622 646 675 intendere;
676 621 972 679 praeuaricari
999 636 1107 664 uera
1133 621 1421 674 abscondere3
1451 625 1500 665 at
1523 621 1572 664 in
1598 621 1856 664 uniuersum
1876 637 1895 671 5

392 692 451 734 ab
477 691 754 735 accusatione
780 691 991 734 desistere
1018 691 1303 749 tergiuersari
1331 694 1432 735 est.‘
1470 691 1558 734 Sed
1581 691 1678 749 lege
1703 689 1859 733 Remia

392 761 745 818 calumpniantes
771 761 828 803 ad
854 761 1099 804 uindictam
1126 761 1267 818 poscit
1294 761 1538 804 similitudo
1557 759 1774 818 supplicii,
1793 759 1860 802 ita

393 834 543 873 tamen
559 833 611 873 ut
622 833 857 887 postquam
873 845 974 873 reus
989 830 1218 873 absolutus
1238 829 1388 881 fuerit,
1402 845 1502 874 cum
1523 830 1578 872 de‘
1593 828 1860 872 accusatoris

393 899 576 942 consilio
615 902 662 942 et
698 902 847 942 mente
882 899 1143 949 constiterit,
1177 899 1215 942 si
1247 899 1366 942 iusto
1405 913 1551 942 errore
1590 899 1740 955 lapsus
1779 899 1858 947 est,

394 969 663 1012 absoluatur.
715 968 764 1011 Si
779 983 887 1011 uero
906 969 954 1010 in
975 967 1170 1011 euidenti
1191 968 1443 1025 calumpnia
1463 968 1760 1025 deprehensus
1780 969 1858 1022 est,
1879 981 1921 1005 10

395 1052 510 1095 pena
530 1037 729 1094 legitima
751 1037 1113 1094 condempnatur.
1175 1037 1304 1090 Quod
1324 1037 1464 1094 ipsius
1483 1034 1860 1094 pronuntiationis

394 1106 710 1150 manifestatur
719 1107 856 1150 uerbo
866 1121 876 1159 ;
891 1122 1006 1157 nam,
1019 1107 1056 1150 si
1070 1107 1407 1163 pronuntiatum
1425 1110 1492 1150 est
1505 1106 1625 1150 ‘Non
1637 1104 1860 1163 probasti,’

393 1176 591 1233 pepercit
618 1176 783 1227 actori3
822 1175 860 1218 si
885 1190 1003 1225 uero,
1031 1182 1040 1198 ‘
1055 1174 1397 1232 Calumpniatus
1429 1176 1498 1227 es‚’
1519 1173 1862 1232 condempnauit

396 1259 516 1298 eum;
531 1247 576 1287 et
582 1244 684 1288 licet
692 1244 746 1287 de
759 1259 873 1301 pena
884 1243 1095 1287 infamiae
1108 1244 1244 1287 nichil
1256 1244 1502 1295 subiecerit‚
1509 1247 1659 1287 tamen
1665 1244 1861 1301 potestas

397 1314 508 1372 legis
528 1314 741 1357 aduersus
762 1328 863 1356 eum
883 1313 1174 1367 exercebitur,
1189 1313 1299 1357 adeo
1314 1317 1366 1357 ut
1385 1313 1596 1371 importet
1615 1312 1859 1356 infamiam.
1880 1329 1920 1364 15

354 1437 383 1477 d
643 1439 751 1497 Cap.
776 1452 840 1491 14.
890 1440 953 1482 De
981 1439 1158 1483 ‘ratione
1186 1439 1614 1483 imtmmntorum.

456 1522 519 1565 At
549 1522 597 1564 in
626 1521 723 1578 ipsa
751 1521 1059 1578 disquisitione
1088 1520 1259 1564 consilii
1293 1523 1387 1564 tam
1417 1521 1465 1563 in
1494 1520 1700 1564 ciuilibus
1729 1534 1864 1577 quam

398 1591 445 1633 in
465 1590 767 1634 criminalibus
793 1590 937 1634 causis
963 1590 1020 1632 ad
1047 1590 1364 1633 examinandas
1389 1590 1671 1647 probationes
1698 1589 1865 1633 instru-

398 1666 648 1704 mentorum
690 1660 805 1703 ratio
850 1659 1054 1702 habenda
1095 1662 1174 1702 est.
1236 1650 1303 1702 'Et
1346 1659 1524 1716 quidem
1566 1659 1864 1702 instrumenta

398 1730 609 1774 dicuntur
651 1729 800 1772 omnia
839 1728 1001 1786 quibus
1045 1742 1178 1772 causa
1219 1728 1381 1772 instrui
1430 1731 1588 1786 potest,
1628 1728 1723 1771 siue
1771 1727 1864 1771 sint
1883 1740 1926 1764 20

398 1799 654 1843 testimonia
692 1799 786 1842 siue
826 1801 993 1850 testes;
1043 1798 1150 1841 haec
1200 1800 1350 1840 tamen
1396 1797 1486 1840 illis
1535 1797 1710 1855 potiora
1747 1800 1869 1850 sunt,-

398 1884 451 1912 eo
478 1868 596 1925 quod
621 1871 756 1911 testes
783 1867 1050 1911 testimoniis
1074 1866 1399 1924 praeferuntur.
1459 1866 1589 1917 Nam,
1609 1881 1710 1910 cum
1729 1869 1866 1910 testes

399 1937 644 1981 examinari
665 1937 847 1994 possint,
867 1937 1122 1980 testimonia
1141 1951 1314 1994 semper
1332 1939 1378 1986 et
1397 1936 1516 1994 apud
1542 1951 1693 1980 omnes
1713 1936 1866 1980 eadem

398 2010 516 2051 sunt.
578 2007 632 2049 In
671 2007 768 2063 ipsa
801 2021 907 2049 uero
937 2006 1118 2049 testium
1151 2006 1477 2049 examinatione
1508 2021 1598 2049 non
1632 2008 1780 2063 potest
1808 2020 1864 2050 ex

400 2076 554 2134 regula
580 2076 730 2132 aliqua
762 2075 943 2118 diffiniri
974 2075 1082 2132 quid
1112 2076 1254 2133 magis
1282 2076 1471 2119 iudicem
1498 2075 1622 2132 sequi
1649 2078 1864 2133 oporteat.
1884 2085 1925 2120 ²⁵

399 2146 449 2189 Si
481 2146 599 2189 enim
634 2148 771 2188 testes
805 2159 956 2188 omnes
991 2145 1187 2188 eiusdem
1217 2145 1462 2188 honestatis
1498 2147 1543 2188 et
1573 2144 1866 2189 estimationis

399 2216 492 2259 sint
531 2219 576 2258 et
615 2214 782 2271 negotii
822 2214 1014 2271 qualitas
1053 2229 1103 2257 ac
1142 2214 1300 2258 iudicis
1340 2217 1487 2257 motus
1526 2228 1626 2257 cum
1661 2214 1731 2257 his
1765 2228 1865 2258 con-

257 2301 334 2342 575
353 2302 383 2331 a
400 2284 600 2336 currerit,
631 2283 854 2340 sequenda
883 2286 988 2326 sunt
1018 2283 1166 2326 omnia
1196 2283 1462 2327 testimonia.
1524 2283 1605 2326 Sin
1635 2297 1740 2326 uero
1770 2282 1866 2340 qui·

399 2354 502 2396 dam
524 2367 672 2396 eorum
696 2352 817 2395 aliud
845 2352 1054 2405 dixerint,
1075 2352 1178 2396 licet
1198 2352 1357 2410 impari
1386 2366 1580 2405 numero,
1601 2352 1867 2396 credendum

400 2461 422 2497 3
447 2425 808 2487 calumnianturbB
927 2450 950 2485 6
976 2448 1175 2486 accusione
1194 2448 1218 2485 S
1293 2460 1414 2486 renue.
1429 2448 1524 2485 CBA
1644 2458 1664 2494 7
1690 2449 1869 2487 calumni-

401 2501 508 2536 antes
525 2497 586 2534 CB
684 2500 705 2534 8
730 2496 937 2534 aeneatoris
954 2496 978 2532 S
1103 2506 1139 2533 11
1162 2495 1351 2543 legittima
1370 2496 1441 2532 ΒΜ
1514 2496 1671 2534 condem
1701 2499 1813 2534 netur
1828 2497 1868 2534 M

407 2548 448 2584 18
474 2545 514 2581 in
533 2558 599 2581 om.
621 2543 645 2581 S
789 2554 833 2581 22
853 2543 1118 2591 praeferantur
1135 2543 1164 2579 Β
1307 2553 1352 2591 25
1379 2543 1508 2590 aliqua
1523 2544 1654 2591 regula
1705 2543 1762 2581 AS

450 2643 470 2668 2
497 2637 745 2668 accusatorum
762 2633 859 2667 etc:
885 2643 917 2666 v.
937 2631 1017 2676 1259.
1035 2629 1151 2666 xlviii.
1174 2631 1226 2667 16.
1251 2640 1263 2667 1
1287 2629 1328 2677 §§
1352 2640 1428 2675 1-4.
1603 2641 1644 2676 14
1671 2632 1868 2677 infamiae:

404 2679 614 2720 infamiam,
644 2678 748 2714 cuiun
777 2677 815 2714 in
849 2677 916 2715 loc.
946 2677 1008 2713 cit.
1037 2677 1143 2714 nulla
1173 2680 1230 2714 eat
1259 2676 1414 2723 mentio,
1442 2677 1656 2715 calumniae
1682 2679 1869 2733 praevari-

404 2726 612 2764 cationiuve
645 2726 683 2761 in
717 2725 855 2762 iudicio
889 2724 1040 2769 publico
1076 2737 1237 2772 poenam
1276 2724 1387 2762 fuisse
1422 2725 1533 2762 docet
1563 2727 1646 2772 Dr‘y.
1678 2725 1732 2762 ui.
1767 2736 1799 2763 2.
1838 2739 1868 2764 ι.

409 2785 461 2820 19.
482 2785 529 2810 20
554 2775 793 2809 {nummorum
820 2775 909 2810 ctc.:
943 2772 990 2809 cf.
1010 2774 1091 2819 Dia.
1113 2771 1135 2808 l.
1158 2774 1209 2809 16.
1228 2783 1274 2818 99
1301 2772 1341 2819 §§
1370 2783 1402 2815 2.
1422 2783 1453 2819 3.
1551 2783 1607 2817 20,
1626 2783 1665 2809 2¹
1695 2775 1773 2809 ciue
1795 2775 1870 2811 nint

405 2823 607 2858 testimonia
624 2823 701 2856 niue
726 2826 843 2857 emen:
871 2819 1064 2864 Quomodo
1077 2819 1256 2857 differant
1273 2820 1376 2857 inter
1392 2832 1431 2858 se
1448 2821 1546 2857 testis
1562 2822 1600 2858 ct
1616 2822 1869 2867 testimonium,

405 2871 568 2916 apparet
585 2880 630 2905 cx
650 2870 731 2915 Diffi
750 2867 839 2905 xxii.
860 2877 891 2916 5.
912 2877 932 2914 3
951 2866 968 2915 ξ
990 2878 1021 2914 3.

517 2945 581 2978 ³⁴²
