1994 3236
877 205 1332 251 PROLEGOMENA

426 319 655 363 FLAVIANI
703 320 868 363 librum
919 319 974 364 de
1024 320 1228 377 uestiyz'is
1275 320 1648 377 philosophorum
1700 320 1831 364 hodie

366 387 647 445 deperditum
679 389 791 433 citat
819 389 1008 433 Ioannes
1039 389 1088 433 in
1116 389 1283 433 Polior.
1315 390 1360 433 ii.
1391 392 1458 442 26,
1484 391 1579 433 viii.
1613 403 1690 443 123
1727 390 1832 433 uide

366 458 731 502 commentarium
757 461 958 502 nostrum
985 459 1042 502 ad
1068 459 1213 503 locum
1233 459 1424 517 priorem
1447 474 1548 503 cum
1568 460 1631 503 eis
1651 474 1764 516 quae
1784 459 1832 501 in

366 526 670 570 addendorum
685 528 886 586 catalogo
896 528 1094 572 adhibui.
1144 528 1200 571 In
1212 529 1294 572 hoc
1308 528 1423 572 libro
1438 529 1646 572 historias
1657 528 1833 572 inuenit

367 594 422 638 de
438 595 620 640 Socrate
634 597 683 640 in
703 600 927 642 senectute
947 601 1089 641 artem
1109 598 1322 641 musicam
1346 598 1552 648 discente,
1573 598 1627 641 de
1648 597 1833 640 Platone

367 665 594 721 speculum
627 669 843 724 gestante,
872 667 927 711 de
956 670 1099 711 morte
1130 667 1338 719 Platonis,
1368 667 1423 710 de
1452 667 1590 710 uidua
1617 666 1833 724 Ephesia3

368 733 511 778 eidem
527 735 662 778 etiam
675 736 799 779 tituli
814 739 987 794 partem
1001 736 1200 788 alteram,
1215 736 1382 780 scilicet
1396 736 1450 779 de
1469 735 1675 792 uestigiis
1684 735 1831 792 philo-

366 803 622 860 sophorum,
637 805 840 849 debuisse
855 805 1035 849 uidetur
1053 804 1352 849 Policraticus
1370 805 1474 863 ipse.
1531 804 1586 847 In
1600 803 1834 848 Enthetico

366 873 420 916 de
450 874 736 930 d09matilm
757 875 1129 931 philosophorum
1157 874 1385 918 cuiusdam
1416 874 1557 917 Furui
1584 875 1638 917 fit
1667 873 1834 916 mentio

366 942 452 995 cui,
476 946 530 986 ut
551 943 773 987 Martiano
800 943 1007 1002 Capellae
1033 958 1191 988 rerum
1211 958 1383 994 causae,
1403 944 1465 987 sic
1489 944 1631 1001 magis
1657 943 1834 1000 placent

368 1026 510 1056 ‘mores
539 1016 586 1055 et
614 1013 854 1066 historiam
900 1028 1031 1070 quem
1062 1013 1250 1056 eundem
1280 1027 1374 1056 esse
1403 1015 1537 1070 atque
1568 1013 1834 1055 Flauianum

370 1095 459 1123 non
500 1081 690 1126 absurde
729 1083 1013 1140 suspicantur
1051 1081 1330 1125 Petersenius
1367 1081 1416 1138 (I
1413 1082 1581 1125 οῙιαππ.
1613 1080 1832 1125 Saresber.

369 1149 591 1194 Enthetio.
623 1151 872 1209 Hamburg‚
907 1151 1030 1208 1843,
1061 1165 1160 1208 pag.
1191 1150 1288 1206 ult.)
1324 1154 1369 1194 et
1403 1150 1835 1194 Schaarschmidtius

368 1218 580 1273 (ΙοΙιαηη.
611 1219 843 1269 Saresber„
874 1235 918 1278 p.
956 1219 1068 1278 105).
1129 1219 1197 1263 De
1225 1219 1356 1263 dictis
1385 1220 1746 1277 philosophorum
1775 1233 1835 1261 an

369 1292 546 1344 praeter
584 1289 851 1332 Flauianum
897 1290 986 1333 alio
1024 1292 1203 1333 auctore
1248 1289 1375 1332 nobis
1426 1289 1579 1346 ignoto
1618 1302 1724 1331 usus
1763 1288 1835 1338 sit,

369 1357 588 1401 incertum
630 1361 721 1411 est3
765 1358 915 1416 aliquo
959 1361 1109 1402 tamen
1154 1361 1332 1401 auctore
1374 1358 1502 1401 nobis
1541 1358 1695 1415 ignoto
1734 1371 1835 1400 eum

370 1441 500 1469 usum
519 1442 612 1470 esse
628 1430 814 1485 apparet
834 1442 891 1470 ex
910 1427 1076 1471 Polior.
1091 1427 1154 1470 iii.
1174 1440 1239 1480 14,
1250 1427 1328 1469 ubi
1348 1427 1451 1470 uide
1471 1426 1835 1470 commentarium

371 1500 574 1539 nostrum
594 1495 671 1554 (ad
690 1500 795 1540 tom.
815 1497 845 1539 i.
867 1511 938 1554 pp.
959 1509 1054 1541 222.
1079 1510 1115 1547 1,
1137 1508 1233 1552 223.
1258 1509 1314 1552 23
1334 1499 1511 1539 nostrae
1531 1495 1767 1554 editionis).

428 1565 497 1607 De
513 1565 739 1610 CAECILIO
761 1566 932 1618 BALBO,
952 1579 1082 1622 quem
1102 1564 1157 1608 de
1177 1564 1430 1608 adulatione
1450 1564 1560 1608 citat
1579 1564 1769 1608 Ioannes
1788 1564 1836 1607 in

371 1633 523 1677 eodem
550 1635 758 1692 capitulo,
784 1635 898 1678 nihil
925 1635 1066 1678 habeo
1095 1634 1214 1691 quod
1242 1634 1306 1677 eis
1337 1633 1497 1677 addam
1527 1648 1639 1691 quae
1669 1633 1758 1676 iam
1788 1633 1836 1676 in

371 1704 688 1747 commentario
737 1704 846 1747 dixi.
917 1704 1067 1747 Etiam
1116 1717 1247 1760 quem
1296 1702 1440 1747 dicere
1488 1703 1680 1746 uoluerit
1729 1702 1836 1745 dum

371 1772 417 1815 in
462 1773 628 1816 Polior.
670 1788 711 1816 v.
757 1784 807 1828 17
853 1773 1064 1816 PVBLIVM
1116 1771 1310 1816 CARPVM
1360 1771 1523 1815 diuites
1568 1771 1837 1830 pauperibus

371 1842 618 1885 miseriores
642 1857 735 1885 esse
761 1845 1030 1886 asserentem
1054 1841 1177 1893 citat,
1203 1841 1347 1885 adhuc
1374 1841 1551 1899 ignoro;
1581 1841 1690 1884 mihi
1719 1841 1837 1884 enim

372 1910 554 1954 minime
575 1911 671 1954 ueri
691 1911 849 1955 similis
870 1926 963 1954 esse
983 1911 1236 1954 coniectura
1256 1910 1437 1954 uidetur
1456 1925 1588 1967 quam
1609 1910 1664 1953 de
1688 1909 1769 1954 hac
1789 1924 1837 1953 re

371 1980 512 2023 edidit
533 1980 746 2024 Barthius
766 1980 814 2023 in
835 1980 1147 2031 Aduersariia
1168 1980 1243 2022 lib.
1266 1979 1340 2030 vii,
1360 1994 1453 2037 cap.
1475 1989 1515 2034 5,
1535 1994 1608 2037 pp.
1627 1993 1724 2037 319,
1741 1992 1837 2035 320.

429 2049 484 2092 In
523 2049 718 2107 quinque
754 2049 861 2093 locis
895 2049 1167 2093 Polio-ratini
1201 2048 1423 2094 CATVLVM
1456 2049 1551 2092 siue
1585 2047 1838 2093 CATVLLVM

373 2118 659 2161 PARMENSEM
690 2122 915 2162 auctorem
945 2118 1089 2162 citant
1117 2118 1297 2162 notulae
1323 2118 1370 2161 in
1396 2118 1595 2176 margine
1626 2117 1839 2163 Codicum

372 2191 418 2232 et
438 2188 766 2231 Suessionensis
787 2191 833 2231 et
853 2188 1101 2232 Pontiniaci
1123 2188 1346 2239 inuentae,
1365 2187 1555 2232 scilicet:

430 2257 497 2315 (a)
536 2257 702 2300 Policr.
752 2257 779 2301 i.
828 2271 858 2310 4
899 2257 942 2314 (i.
992 2271 1033 2315 p.
1088 2258 1155 2302 26.
1200 2258 1241 2315 1)
1292 2257 1358 2301 Eo
1406 2256 1600 2314 denique
1647 2260 1841 2314 tempore

365 2327 593 2385 primum,
613 2328 685 2371 διο.

431 2396 491 2455 (b)
520 2395 688 2440 Polior.
728 2395 755 2439 i.
798 2407 824 2452 5
866 2395 911 2453 (i.
952 2410 993 2453 p.
1031 2406 1101 2453 35.
1148 2394 1221 2454 18)
1260 2394 1476 2439 Atthalus
1517 2393 1762 2447 Asiaticus,
1800 2395 1841 2440 si

371 2465 620 2523 yentsilium
638 2465 842 2509 historiis
859 2465 1075 2516 creditur,
1094 2464 1165 2508 Sec.

430 2534 487 2592 (c)
518 2533 685 2578 Polior.
707 2534 733 2577 i.
757 2546 783 2589 5
805 2534 852 2592 (i.
871 2549 912 2592 p.
937 2546 1004 2592 37.
1028 2534 1100 2593 25)
1122 2532 1282 2577 Chilcm
1301 2531 1665 2583 Laeedemonius,
1685 2533 1758 2578 810.

433 2604 500 2663 (d)
531 2603 697 2649 Polior.
719 2603 747 2647 i.
774 2616 824 2661 13
849 2603 891 2659 (i.
913 2617 952 2660 p.
975 2605 1044 2647 62.
1069 2602 1139 2661 14)
1160 2602 1287 2646 Dum
1310 2601 1456 2646 Gaius
1477 2602 1620 2653 Cesar,
1640 2602 1714 2646 διο.

433 2673 488 2731 (e)
521 2671 687 2716 Polior.
713 2672 740 2716 i.
768 2687 818 2730 13
835 2672 877 2727 (i.
899 2686 941 2729 p.
962 2673 1030 2729 63.
1054 2672 1127 2729 20)
1148 2671 1407 2715 Ascanium
1418 2670 1587 2728 fatalis
1606 2671 1749 2723 emilii,
1768 2671 1840 2717 &a
1882 2724 1884 2727 v

375 2741 445 2787 Cf.
467 2741 679 2786 Classical
699 2740 884 2791 Review,
905 2741 966 2784 xi.
987 2754 1028 2798 p.
1052 2742 1134 2784 282
1155 2755 1243 2797 seq.

435 2810 501 2855 De
516 2810 741 2855 Emsrom
755 2810 958 2854 Dmmm
973 2821 1036 2853 An
1049 2809 1389 2863 Ariminnum,
1402 2822 1535 2866 quam
1552 2809 1598 2852 in
1606 2808 1771 2854 Polior.
1781 2810 1841 2855 iv.
1878 2859 1882 2869 Ι

493 2880 587 2927 xlvi
