1994 3190
207 212 308 247 cAr.
325 199 394 262 1x]
723 202 1125 249 POLIORATIOV
1127 202 1160 248 S
1496 252 1499 255 ,
1689 205 1766 256 561
1782 203 1814 246 <1

207 323 254 365 et
278 322 475 366 nondum
501 322 699 366 innotuit
724 322 832 380 quid
859 322 920 366 sit
944 323 1091 366 timor.
1151 322 1240 366 Sed
1266 323 1439 366 utinam
1460 323 1675 367 consistat

206 391 255 434 in
280 391 420 443 corde,
440 391 566 435 euius
591 391 830 448 appellatio
856 391 1021 434 totiens
1041 395 1247 435 uersatur
1266 393 1313 435 in
1333 407 1418 436 ore.
1479 392 1528 436 Si
1556 392 1675 435 enim

206 463 400 503 mentem
439 460 514 503 ille
552 460 763 518 tetigerit,
795 459 950 517 lingua
989 460 1204 503 efficacius
1245 464 1290 504 et
1328 462 1413 504 sibi
1453 461 1675 504 salubrius

205 529 464 587 disputabit.
537 528 655 572 Nam
684 529 732 572 in
761 543 836 572 ore
867 528 1036 571 frustra
1066 529 1311 572 uoluuntur
1339 531 1487 580 uerba,
1517 531 1555 574 si
1584 530 1674 573 uir-
1739 558 1745 561 -

169 614 188 649 5
206 599 318 642 tutis
347 598 558 642 deficiunt
587 611 731 654 opera.
791 597 873 641 Est
901 600 1052 641 autem
1082 598 1217 641 timor
1247 598 1341 649 Dei,
1369 599 1484 642 sicut
1513 600 1675 642 beatis-

206 667 344 711 simus
377 682 494 725 papa
528 667 768 725 Gregorius
803 667 972 718 asserit,
1002 667 1139 710 nichil
1175 682 1325 710 eorum
1361 682 1474 724 quae
1504 669 1676 726 agenda

205 740 312 781 sunt
350 737 714 795 praetermittere.
794 736 891 780 Hoc
930 737 1086 794 utique
1131 737 1507 793 praetermittitur
1557 738 1675 794 quod

205 821 287 851 nec
315 821 446 864 opere
475 821 555 850 nec
584 807 816 850 uoluntate
848 806 1070 863 impletur.
1131 806 1352 863 Quicquid
1382 807 1499 849 enim
1530 807 1600 849 uis
1630 810 1676 850 et

206 891 296 920 non
330 878 466 933 potes,
490 875 659 920 factum
695 875 816 919 Deus
847 878 1037 932 reputat,
1065 890 1124 919 eof
1151 875 1269 933 quod
1302 876 1510 919 uoluntas
1544 876 1675 933 plena
1690 884 1772 933 562
1791 894 1822 923 a

149 967 190 991 10
207 945 346 990 totius
385 946 530 1003 operis
563 945 806 989 mercedem
840 945 1134 1002 consequitur.
1207 944 1391 989 Certum
1426 948 1494 989 est
1525 948 1674 988 autem

208 1014 314 1072 quia
345 1015 422 1072 qui
452 1014 596 1058 Deum
628 1015 769 1066 timet,
798 1014 934 1058 nichil
964 1014 1153 1072 negligit
1182 1017 1229 1058 et
1258 1015 1375 1058 bona
1406 1014 1526 1058 facit.
1587 1014 1675 1068 Qui

207 1098 315 1128 uero
349 1084 587 1142 diligenter
626 1084 775 1127 omnia
815 1084 1060 1142 inuestigat
1089 1086 1135 1127 et
1171 1084 1361 1141 cognitis
1396 1084 1528 1127 rebus
1562 1099 1676 1141 quae

207 1156 314 1197 sunt
347 1153 520 1211 agenda
554 1153 800 1210 exequitur,
831 1153 1119 1210 proculdubio
1148 1153 1323 1210 sapiens
1353 1157 1421 1196 est
1458 1157 1504 1196 et
1538 1154 1675 1210 aptis-

207 1223 345 1266 simus
383 1223 576 1267 consiliis
621 1223 883 1280 principum.
961 1223 1048 1265 Vbi
1094 1226 1223 1266 tanta
1262 1238 1435 1266 morum
1474 1223 1676 1281 grauitas

148 1310 189 1344 15
207 1292 464 1343 innotuerit,
491 1294 653 1335 etatem
680 1292 874 1349 corporis
901 1290 1070 1335 frustra
1096 1292 1282 1349 quisque
1307 1296 1527 1335 causatur.
1588 1293 1676 1337 Hic

208 1364 276 1406 est
307 1362 424 1405 enim
455 1376 600 1412 senex,
632 1376 763 1419 quem
802 1361 1160 1419 praeeligendum
1199 1362 1393 1405 consiliis
1433 1362 1677 1419 sapientiae

207 1431 378 1475 monita
410 1431 581 1475 docent.
639 1431 720 1474 Ait
753 1431 897 1474 enim:
939 1431 1152 1474 Senectus
1183 1431 1450 1474 uenerabilis
1484 1435 1551 1475 est
1586 1447 1676 1475 11011

208 1501 422 1545 diuturna
440 1515 582 1558 neque
599 1492 784 1544 numero
803 1515 1021 1544 annorum
1041 1504 1309 1558 computata.
1349 1501 1501 1545 Gloria
1520 1517 1676 1545 senum

208 1571 406 1615 canities.
486 1570 599 1615 Cani
638 1573 744 1614 sunt
782 1585 936 1614 sensus
976 1571 1179 1621 hominis,
1218 1574 1264 1614 et
1302 1574 1398 1614 etas
1436 1572 1677 1615 senectutis

144 1656 190 1681 20
210 1639 308 1683 uita
355 1639 649 1684 immaculata.
725 1640 891 1683 Beatus
930 1640 1060 1697 plane
1101 1640 1176 1697 qui
1224 1640 1338 1684 hanc
1381 1641 1677 1698 apprehendit

209 1710 385 1760 etatem,
403 1711 457 1752 ut
482 1708 537 1752 de
556 1709 808 1752 innocentia
828 1709 950 1752 uitae
970 1709 1262 1752 conscientiae
1288 1723 1393 1752 suae
1421 1710 1675 1753 testimonio
1692 1712 1722 1751 b

208 1778 413 1837 gaudeat.
477 1777 565 1822 Sed
604 1778 714 1822 dicis
754 1778 896 1822 forte:
941 1778 1052 1831 Quis
1091 1782 1159 1822 est
1198 1779 1280 1830 hic,
1310 1782 1356 1822 et
1396 1779 1677 1823 laudabimus

209 1848 341 1892 cum?
417 1847 582 1906 Vtique
620 1863 711 1891 non
750 1863 851 1892 eum
902 1849 1096 1892 arbitror
1145 1849 1469 1906 expectandum
1518 1849 1678 1893 dandis

207 1916 412 1967 consiliis,
432 1917 508 1975 qui
537 1921 764 1975 peccatum
794 1933 883 1961 non
914 1918 1081 1970 fecerit,
1112 1918 1188 1962 sed
1219 1934 1349 1976 quem
1379 1934 1558 1976 peccare
1588 1934 1678 1963 non

149 2008 192 2044 ²5
209 1986 348 2037 iuuat,
368 1987 445 2044 qui
470 1991 698 2045 peccatum
724 1988 868 2031 oderit
895 1988 1066 2031 uirtute
1092 1988 1285 2046 gaudeat
1315 1991 1362 2032 et
1391 2004 1487 2032 eam
1516 2003 1679 2047 magno

209 2055 426 2100 desiderio
455 2057 746 2115 concupiscat,
773 2057 996 2100 hominem
1031 2058 1199 2101 scilicet
1237 2058 1378 2101 bonae
1419 2058 1678 2102 uoluntatis.

210 2123 299 2168 Sed
319 2139 398 2168 nec
418 2125 538 2168 istud
559 2126 615 2168 ad
635 2141 830 2184 unguem
846 2126 1132 2170 resecandum
1153 2130 1243 2179 est;
1265 2127 1514 2184 benigniori
1529 2128 1679 2184 potius

209 2194 280 2248 (ut
311 2194 491 2250 dicitur)
512 2195 728 2248 Minerua,
749 2196 826 2253 qui
857 2211 947 2239 non
974 2196 1237 2253 simpliciter
1256 2195 1332 2239 sed
1365 2197 1554 2240 aliorum
1593 2198 1679 2241 001-

209 2301 230 2328 2
255 2291 436 2338 apellatio
455 2291 480 2328 S
621 2295 642 2330 8
668 2285 846 2340 Quicquit
862 2293 895 2328 A
1039 2303 1082 2339 23
1109 2292 1273 2330 arbitror
1289 2304 1377 2330 eum
1393 2293 1427 2330 A

260 2382 278 2420 ς
304 2375 371 2409 Est
386 2379 506 2410 autem
527 2377 637 2411 timor
651 2376 745 2412 etc.:
771 2387 804 2411 v.
824 2374 935 2421 Greg.
955 2374 1005 2411 M.
1024 2376 1117 2411 Mor.
1134 2373 1158 2411 i.
1178 2385 1198 2420 3
1218 2374 1236 2422 ξ
1256 2386 1277 2421 3
1295 2374 1337 2410 in
1360 2375 1428 2412 Iob
1444 2375 1468 2413 i.
1491 2386 1504 2411 1
1527 2374 1676 2422 (Migne

209 2422 250 2457 P.
262 2422 303 2457 L.
330 2420 428 2456 lxxv.
456 2422 552 2468 530).
697 2432 737 2458 11
764 2424 828 2469 qui
853 2424 970 2458 Deum
992 2424 1090 2458 timet
1115 2424 1210 2459 etc.:
1239 2422 1381 2459 Eccles.
1406 2422 1467 2459 vii.
1499 2433 1551 2469 19.
1646 2428 1679 2459 et

211 2469 305 2505 bona
321 2470 437 2514 facit:
462 2480 495 2505 v.
511 2467 616 2505 Eccli
640 2481 698 2506 xv.
719 2480 748 2506 1.
895 2479 935 2514 17
961 2471 1129 2506 Senectus
1153 2472 1248 2507 etc.:
1275 2469 1361 2517 Sap.
1380 2469 1426 2506 iv.
1445 2472 1477 2507 8.
1624 2472 1678 2515 18,

212 2525 257 2562 19
284 2517 411 2570 Gloria
426 2527 551 2571 semma
567 2518 734 2552 canities:
767 2516 874 2553 Prov.
891 2527 951 2553 xx.
970 2528 1036 2563 29;
1059 2519 1178 2562 ,qlom'a
1194 2529 1262 2572 pro
1279 2517 1391 2565 Vulg.
1402 2520 1563 2572 diynitqe
1579 2517 1679 2555 citat

211 2562 384 2599 Sabatier
411 2574 458 2599 ex
490 2563 641 2600 Hieron.
673 2565 805 2601 Comm.
833 2567 874 2600 in
909 2566 984 2601 Isa.
1016 2566 1072 2602 iii.
1103 2576 1124 2601 2
1153 2565 1299 2611 (Migne
1331 2567 1372 2601 P.
1399 2567 1443 2601 L.
1473 2577 1569 2601 xxiv.
1602 2566 1675 2612 59).

214 2620 258 2655 19
285 2611 379 2646 Cani
400 2614 486 2646 eunt
509 2612 608 2647 etc.:
636 2609 721 2658 Sap.
746 2611 794 2647 iv.
821 2612 853 2655 8,
881 2622 913 2657 9.
1093 2622 1138 2648 22
1165 2614 1254 2656 Quis
1278 2618 1328 2649 est
1351 2614 1410 2649 hic
1434 2615 1528 2650 etc.:
1569 2612 1676 2649 Eccli

209 2656 311 2694 xxxi.
330 2667 363 2702 9.
505 2658 551 2694 26
574 2659 751 2694 hominem
770 2660 879 2695 bonae
896 2660 1117 2695 uoluntatis:
1142 2672 1174 2696 v,
1192 2659 1278 2697 Luc.
1298 2659 1337 2698 11.
1359 2670 1412 2705 14.
1555 2670 1600 2705 27
1627 2662 1676 2696 ad

209 2711 366 2750 unquem
380 2706 631 2741 resecandum:
657 2717 688 2740 v.
708 2705 782 2742 Cic.
799 2708 842 2742 de
858 2708 1034 2743 Amicitia
1052 2715 1069 2753 5
1088 2706 1108 2761 ᾗ
1133 2708 1184 2743 18.
1320 2717 1383 2750 27,
1402 2708 1449 2744 28
1474 2708 1679 2753 bemyniori

210 2754 404 2788 Minerua:
430 2762 516 2798 opp.
541 2754 662 2788 inuita
686 2754 860 2790 Minerua
886 2753 962 2791 Cic.
990 2756 1056 2799 Off.
1084 2766 1109 2790 1.
1136 2765 1176 2800 31
1205 2754 1223 2801 ξ
1254 2765 1332 2797 110,
1358 2755 1447 2791 Hor.
1471 2756 1570 2791 ΑΡ.
1597 2756 1677 2801 385.

212 2801 256 2836 28
279 2802 439 2882 qugcnon
463 2800 561 2836 etc.:
587 2804 644 2836 sc.
661 2812 742 2836 eum
767 2802 928 2838 arbitror
956 2803 1233 2851 exspectandum
1258 2804 1391 2838 dandis
1423 2804 1592 2845 consiliis,
1618 2804 1682 2850 qui

212 2858 285 2883 non
302 2858 322 2884 e
363 2873 372 2883 .

268 2918 349 2937 πω
910 2917 935 2944 'r
954 2906 972 2945 t
1503 2922 1564 2954 3²1
