1994 3190
201 222 301 257 cAP.
315 209 417 272 XVI]
722 209 1161 254 POLICRATICVS
1678 211 1750 261 581
1768 210 1798 251 d

201 332 442 390 proiciatur
470 331 591 375 foras
620 333 666 374 et
694 329 974 374 conculcetur
1002 330 1060 372 ab
1090 329 1354 380 hominibus,
1375 332 1530 387 utpote
1559 329 1665 373 uilis

201 402 388 445 abiectio
427 415 539 458 quae
582 414 661 444 nec
710 399 767 442 ad
816 398 1176 442 stercorationem
1216 413 1424 456 agrorum
1473 399 1667 456 prodest.

201 471 278 514 Sol
308 485 480 528 quoque
509 469 659 513 orbem
688 468 884 511 illustrat
913 467 1097 524 plenius,
1126 467 1231 524 quia
1262 468 1310 510 in
1341 468 1553 511 eminenti
1586 470 1666 511 est.

143 567 147 571 ·
202 539 320 594 Quid
358 539 529 583 multa?
602 537 748 595 Opera
787 536 1062 594 singulorum
1095 537 1398 580 testimonium
1431 538 1666 595 perhibent

164 623 183 656 5
201 609 256 652 de
294 609 367 652 eis.
439 607 512 652 Sic
552 606 731 650 Samuel
769 620 952 664 operum
991 605 1245 648 testimonio
1285 606 1551 650 iustificatus
1586 611 1664 650 est.

201 677 300 729 Sed,
320 693 376 721 ne
406 677 634 720 uideretur
663 675 853 734 populus
885 676 925 718 ei
958 674 1150 718 blandiri
1182 678 1229 718 et
1259 676 1385 732 quasi
1418 691 1474 719 ex
1505 677 1663 719 timore
1680 677 1758 727 582
1777 687 1807 715 a

200 747 273 790 uel
288 746 464 790 fallacia
478 746 616 790 falsae
628 745 908 789 innocentiae
923 747 970 788 et
983 744 1128 787 inanis
1148 744 1346 788 iustitiae
1362 746 1665 788 testimonium

200 816 441 874 perhibere,
474 815 686 874 populum
725 815 936 872 religione
975 814 1212 857 iuramenti
1253 813 1310 856 ad
1349 814 1666 871 professionem

201 885 297 928 ueri
317 884 554 928 artandum
573 884 745 927 censuit
759 883 908 927 dicens
925 899 934 926 τ
964 882 1108 926 Testis
1128 886 1196 925 est
1216 882 1434 926 Dominus
1454 883 1667 926 aduersus

144 969 184 993 10
202 969 282 998 uos
309 957 354 998 et
379 954 507 998 testis
527 952 732 998 Christus
759 953 853 996 eius
879 952 927 994 in
951 952 1023 996 die
1050 952 1132 995 hac
1161 952 1266 1009 quia
1291 966 1381 995 non
1406 952 1667 996 inueneritis

202 1023 250 1066 in
280 1037 416 1067 manu
453 1038 552 1066 mea
583 1022 821 1080 quippiam.
901 1022 959 1065 Et
997 1021 1116 1064 dixit
1149 1021 1364 1078 populus:
1407 1021 1575 1074 Testis3
1615 1037 1666 1065 ac

201 1092 239 1136 si
278 1093 410 1136 fidem
445 1092 540 1136 Deo
569 1095 614 1135 et
643 1091 736 1148 regi
766 1105 846 1134 suo
875 1090 1070 1134 debitam
1101 1091 1331 1148 religiosae
1361 1091 1668 1134 affirmationis

201 1162 397 1206 obsidem
426 1161 605 1205 faciant.
665 1161 794 1215 Quod
823 1164 973 1204 autem
1004 1160 1277 1204 esculentum
1307 1163 1354 1203 et
1382 1160 1667 1218 poculentum

163 1252 170 1258 ·
202 1230 429 1288 acceperit,
467 1230 522 1274 de
570 1229 789 1288 scriptura
837 1232 1005 1273 cettum
1055 1244 1144 1272 non
1193 1228 1347 1273 habeo.
1425 1228 1499 1272 Sic
1548 1229 1666 1272 enim

145 1314 184 1348 15
201 1300 414 1357 scriptum
453 1301 550 1343 est:
598 1298 833 1343 Iudicabat
871 1313 1045 1356 quoque
1094 1298 1272 1342 Samuel
1318 1297 1458 1341 Israel
1497 1298 1667 1342 cunctis

202 1369 357 1412 diebus
386 1369 507 1412 uitae
538 1382 654 1419 suae,
684 1371 730 1412 et
764 1368 859 1411 ibat
890 1383 969 1425 per
1002 1368 1200 1425 singulos
1234 1382 1373 1411 annos
1406 1367 1667 1411 circumiens

202 1438 359 1482 Bethel
391 1441 436 1482 et
471 1437 656 1496 Galgala
690 1440 736 1481 et
775 1437 996 1495 Masphat,
1026 1440 1073 1481 et
1103 1437 1329 1480 iudicabat
1369 1437 1578 1480 Israelem
1619 1437 1667 1479 in

202 1507 466 1566 supradictis
499 1507 615 1558 locis,
646 1508 1039 1564 reuertebaturque
1074 1507 1121 1549 in
1154 1507 1386 1550 Ramatha.
1446 1506 1516 1549 Ibi
1548 1507 1665 1549 enim

203 1580 299 1621 erat
317 1577 472 1621 domus
493 1577 586 1620 eius
606 1580 652 1620 et
670 1577 733 1620 ibi
754 1577 979 1620 iudicabat
1000 1575 1149 1619 Israel.
1202 1576 1320 1629 Quid
1344 1575 1466 1618 aliud
1486 1575 1666 1618 uidetur
1684 1579 1713 1618 b

143 1657 187 1683 ²0
203 1661 358 1690 sonare
392 1646 554 1698 littera,
584 1646 670 1689 nisi
706 1646 823 1704 quod
862 1646 1136 1704 prouinciam
1175 1660 1232 1688 ex
1273 1645 1414 1689 officio
1452 1645 1667 1688 circuibat

203 1715 261 1759 ad
300 1715 594 1774 expletionem
637 1716 788 1759 iudicii
839 1719 885 1759 et
933 1715 1242 1758 reuertebatur
1287 1714 1466 1758 domum
1511 1719 1563 1757 ut
1613 1714 1667 1756 de

201 1785 379 1843 proprio
398 1785 673 1829 satisfaceret
691 1785 973 1829 necessitati'ss
1032 1784 1269 1827 Edificauit
1289 1784 1423 1827 etiam
1444 1784 1506 1826 ibi
1528 1784 1668 1826 altare

202 1853 404 1899 Domino.
475 1854 610 1898 Recte
649 1855 839 1912 quidem,
879 1869 930 1897 eo
970 1853 1087 1911 quod
1130 1854 1233 1910 iuge
1273 1854 1535 1896 sacrificium
1575 1867 1668 1896 esse

201 1925 403 1980 oporteat
436 1923 483 1967 in
514 1923 644 1967 domo
675 1924 833 1967 iudicis
868 1938 980 1981 quae
1014 1923 1138 1966 cultu
1173 1922 1371 1966 iustitiae
1411 1926 1457 1966 et
1495 1937 1668 1965 morum

143 2002 185 2037 ²5
203 1992 432 2036 honestate
468 1995 513 2036 et
544 1992 640 2037 luce
671 1993 886 2036 bonorum
916 2007 1097 2050 operum
1129 1992 1317 2050 seipsam
1347 1992 1529 2035 exhibet
1558 1995 1668 2035 tem-

202 2061 325 2119 plum
356 2061 463 2114 Dei3
502 2062 579 2105 ubi
608 2062 766 2106 amodo
795 2077 885 2106 non
928 2062 1185 2105 immolatur
1223 2062 1404 2120 sanguis
1446 2062 1668 2104 hircorum

202 2134 249 2175 et
286 2131 529 2175 uitulorum
568 2147 648 2176 nec
679 2133 790 2176 cinis
824 2132 994 2175 uitulae
1034 2132 1289 2189 inquinatos
1323 2132 1571 2176 sanctificat
1611 2133 1668 2174 ad
1716 2138 1719 2141 ’

202 2200 558 2244 emundationem
603 2202 759 2252 carnis,
803 2201 880 2245 sed
923 2216 1003 2259 per
1043 2202 1296 2259 pontificem
1337 2217 1549 2260 magnum
1590 2202 1667 2258 qui

202 2304 226 2349 9
243 2298 326 2340 poet
342 2293 423 2330 ueri
440 2296 525 2330 add.
541 2296 671 2331 tamen
690 2294 730 2330 M
908 2295 952 2331 16
977 2293 1163 2331 circuiens
1179 2293 1280 2330 ASM
1454 2303 1496 2339 17
1522 2293 1625 2331 betel
1642 2293 1668 2330 S

202 2340 378 2378 israelem
394 2340 450 2377 A.
476 2340 678 2379 israhelem
696 2341 721 2378 S
862 2343 911 2379 26
934 2341 1135 2388 hyrcorum
1153 2341 1226 2377 ΒΜ

203 2422 250 2460 cf.
275 2422 446 2460 Sabatier
469 2424 565 2459 Bibl.
587 2425 688 2460 Sacr.
713 2425 795 2460 Lat.
825 2424 920 2460 Vm.
944 2424 1069 2470 Antiq.
1094 2422 1149 2458 iii.
1164 2433 1233 2467 22,
1259 2432 1327 2468 233
1352 2421 1610 2459 Wordsworth
1633 2423 1667 2458 &

202 2470 334 2524 W'hite
350 2472 435 2507 Nov.
457 2472 546 2507 Test.
562 2472 645 2507 Lat.
662 2470 687 2507 i.
708 2480 764 2518 55.
938 2483 955 2506 2
981 2472 1152 2506 abiectio:
1179 2482 1249 2517 pro
1266 2482 1305 2506 re
1320 2470 1457 2506 abiecta
1478 2471 1522 2506 ut
1545 2470 1585 2505 in
1609 2469 1667 2506 ΡΒ.

202 2517 278 2554 xxi.
301 2527 322 2562 7
347 2529 408 2564 eqo
430 2530 511 2554 eum
529 2520 761 2564 opprobrium
783 2519 972 2555 hominum
987 2523 1020 2553 et
1035 2519 1182 2554 abiectio
1199 2519 1327 2564 plebis.
1501 2528 1524 2562 4
1551 2519 1669 2563 Opera

201 2567 427 2649 singulorum
450 2567 690 2602 testimonium
710 2567 902 2612 perhibent
924 2568 966 2601 de
991 2567 1062 2602 eis:
1090 2564 1190 2602 sicut
1207 2565 1254 2602 de
1274 2563 1424 2601 Christo
1441 2576 1558 2611 opera
1574 2577 1667 2607 sua;

203 2625 245 2696 {1
259 2623 453 2715 εὲξὲῗᾲέ
459 2614 648 2696 AEssmham¹
633 2622 720 2697 Ἧι
745 2659 888 2697 nahah.
901 2622 919 2658 ⁵
946 2615 1256 2706 ’Μξωῇεῖῖἒ
1272 2614 1332 2694 ³¹³¹?
1353 2611 1667 2696 &53323235

205 2707 343 2754 lReg.
369 2706 434 2743 xii.
461 2715 494 2754 5.
748 2716 862 2754 15-19
886 2709 1077 2744 Iudicabat
1100 2708 1247 2743 Samuel
1270 2718 1387 2753 usque
1412 2707 1460 2743 ad
1487 2708 1670 2742 iudicabat

202 2755 342 2790 Israel.
377 2765 390 2790 1
410 2754 500 2801 Reg.
518 2753 580 2790 vii.
601 2763 654 2802 15,
676 2763 718 2799 17
827 2764 872 2808 ².²
897 2756 1099 2800 Edzficauit
1116 2756 1208 2792 etc.:
1239 2765 1254 2791 1
1276 2754 1369 2800 Reg.
1387 2753 1450 2789 vii
1472 2763 1524 2798 17.
1620 2755 1667 2790 26

201 2802 558 2887 εἷπρῖιιιὲλένοονιιηι
565 2803 659 2839 etc.:
685 2814 718 2838 v.
734 2801 831 2838 Heb.
844 2801 894 2838 ix.
916 2812 1039 2847 12-14.
1200 2803 1244 2838 28
1266 2803 1474 2847 pontificem
1495 2812 1668 2846 maynum

203 2860 224 2886 e
243 2860 264 2886 c
361 2859 382 2886 e
435 2860 473 2884 iv
503 2859 546 2894 14

1492 2921 1556 2956 35?
