1994 3190
219 205 320 241 0A1’.
335 191 408 254 xx]
729 192 1170 239 POLIORA'I'ICVS
1694 197 1782 247 560
1802 205 1827 236 c

218 313 440 359 exercitiis
472 313 666 371 corporis
698 314 846 357 minus
874 316 1073 375 possunt.
1148 313 1312 358 Eorum
1342 314 1498 372 utique
1526 316 1683 359 tantus

218 383 360 426 honor
387 382 541 426 extitit
566 382 685 440 apud
714 382 876 426 Grecos
901 385 954 425 ut
980 382 1112 426 duces
1138 384 1202 426 rei
1233 384 1435 440 publicae
1462 397 1682 440 nusquam

218 452 515 511 procederent,
534 452 671 495 nichil
701 452 927 510 egregium
955 454 1164 509 ageretur
1193 453 1310 509 quod
1339 468 1465 496 senes
1484 452 1683 496 instituti

218 535 307 566 non
342 520 603 564 inducerent
636 524 717 564 aut
750 521 1060 578 approbarent,
1091 523 1148 571 et,
1183 522 1301 577 quod
1335 522 1477 579 magis
1512 526 1590 573 est,
1625 523 1682 565 ab
1698 522 1727 563 d

180 607 200 643 5
218 589 349 633 initio
378 590 502 633 urbis
530 589 733 633 conditae
762 590 943 633 nomina
972 603 1132 646 eorum*
1153 590 1299 632 aureis
1327 590 1489 634 litteris
1518 592 1685 649 scripta

217 662 336 710 sunt,
365 658 538 716 ipsique
573 661 723 716 patres
757 658 994 716 conscripti
1029 658 1087 701 ab
1120 658 1326 702 omnibus
1359 660 1571 716 appellati
1606 660 1683 717 qui

217 728 328 772 alios
347 728 565 786 sapientia
584 731 702 772 etate
723 731 768 772 et
787 729 947 772 affectu
966 730 1152 785 paterno
1170 728 1502 785 praecedebant.
1547 729 1685 772 Penes

218 797 328 841 istos
346 797 628 841 consiliorum
649 800 745 841 erat
763 797 1005 841 auctoritas
1032 799 1078 840 et
1103 797 1301 840 omnium
1330 797 1503 854 publice
1529 813 1683 854 geren-

218 867 389 911 dorum.
469 866 677 912 Ceterum
716 867 819 910 licet
861 866 919 910 ab
958 869 1077 910 etate
1116 866 1307 910 nominis
1345 866 1554 910 uideatur
1591 882 1684 910 esse

161 953 203 979 10
219 937 355 995 origo,
384 938 499 981 hanc
528 952 610 994 ego
638 936 832 980 arbitror
866 939 958 979 tam
988 936 1182 993 corporis
1211 950 1304 979 esse
1335 950 1468 992 quam
1508 937 1683 980 mentis.

219 1007 328 1051 Etas
347 1021 537 1063 namque
556 1006 718 1050 mentis
732 1005 950 1062 sapientia
969 1008 1037 1048 est
1055 1005 1103 1047 in
1123 1019 1211 1062 qua
1230 1005 1426 1048 omnium
1443 1005 1684 1049 officiorum

217 1075 421 1121 consistit
441 1075 697 1119 distributio
717 1078 762 1118 et
781 1074 1018 1118 artificium
1038 1074 1177 1118 totius
1197 1074 1329 1117 uitae.
1388 1074 1475 1118 Ars
1494 1089 1685 1132 namque

219 1148 337 1189 recte
366 1145 548 1188 uiuendi
578 1144 649 1203 (ut
677 1143 838 1187 Stoicis
872 1142 1035 1200 placet)
1064 1158 1137 1186 ars
1166 1143 1331 1186 artium
1362 1147 1439 1187 est.
1501 1143 1685 1187 Nullam

219 1229 326 1258 uero
346 1229 439 1258 esse
458 1217 599 1258 artem
619 1213 914 1256 maximarum
934 1227 1094 1263 rerum,
1109 1226 1210 1256 cum
1230 1212 1278 1255 in
1297 1212 1492 1256 minimis
1512 1228 1685 1270 quoque

161 1296 202 1331 15
220 1286 363 1327 artem
402 1298 495 1327 esse
534 1283 683 1326 nullus
730 1282 916 1340 ignoret,
955 1281 1104 1339 opinio
1144 1285 1212 1325 est
1257 1282 1487 1325 hominum
1527 1297 1685 1340 pamm

219 1353 493 1397 considerate
527 1351 803 1409 loquentium
842 1353 888 1394 et
927 1350 974 1393 in
1017 1351 1225 1394 maximis
1263 1352 1395 1395 rebus
1430 1352 1687 1402 errantium,

219 1421 369 1466 omnia
399 1422 541 1479 magis
572 1435 652 1479 pro
687 1420 815 1463 libito
853 1420 1148 1463 statuentium
1188 1435 1322 1478 quam
1361 1436 1443 1478 pro
1481 1422 1686 1465 ueritate.

221 1491 303 1535 Est
328 1494 490 1542 autem,
509 1493 563 1534 ut
588 1490 784 1547 antiquis
810 1489 1084 1547 philosophis
1110 1489 1266 1547 placet,
1293 1491 1513 1548 sapientia
1539 1506 1687 1534 rerum
1703 1492 1779 1541 561
1799 1501 1829 1530 a

222 1561 476 1606 diuinarum
496 1563 542 1604 et
562 1561 857 1603 humanarum
877 1559 1081 1617 princeps
1101 1562 1147 1602 et
1165 1560 1460 1617 gerendorum
1480 1561 1687 1604 omitten-

161 1644 205 1671 20
222 1630 465 1687 dorumque
493 1629 690 1674 scientia.
764 1628 883 1671 Huic
912 1642 1019 1671 uero
1049 1628 1252 1672 insistere
1281 1630 1583 1687 philosophari
1610 1633 1690 1680 est,

222 1713 274 1743 eo
317 1699 434 1757 quod
473 1698 751 1756 philosophia
793 1697 854 1740 sit
901 1697 1100 1740 studium
1149 1699 1405 1755 sapientiae.
1483 1699 1546 1742 Vt
1584 1714 1690 1757 ergo

222 1768 419 1826 antiquis
447 1768 626 1826 placuit,
658 1767 716 1811 ad
755 1767 919 1811 ostium
949 1767 1193 1824 sapientiae
1227 1768 1507 1826 philosophia
1540 1768 1691 1826 pulsat

222 1839 280 1888 et,
317 1851 418 1881 cum
457 1837 497 1881 ei
536 1839 740 1894 apertum
791 1836 940 1886 fuerit,
979 1836 1129 1880 anima
1168 1852 1316 1880 rerum
1356 1837 1453 1881 luce
1502 1837 1692 1881 dulciter

222 1906 458 1958 illustrata,
486 1921 647 1950 nomen
677 1905 981 1964 philosophiae
1011 1907 1236 1951 euanescit
1257 1921 1267 1959 ;
1316 1910 1407 1958 aut,
1437 1907 1554 1950 sicut
1591 1922 1690 1964 per-

163 1991 204 2026 ²5
223 1975 533 2033 spicacioribus
551 1975 699 2019 uisum
727 1978 805 2026 est,
826 1975 1072 2019 uoluntatis
1094 1976 1320 2034 appetitus
1347 1977 1570 2034 impletur,
1589 1991 1690 2020 cum

222 2045 304 2088 flos
342 2045 479 2088 studii
519 2044 668 2103 uergit
714 2045 762 2087 in
803 2044 1031 2098 fructum;
1091 2060 1195 2088 nam
1244 2046 1548 2103 philosophiae
1587 2046 1690 2089 finis

221 2114 441 2171 sapientia
474 2118 554 2158 est.
623 2114 711 2158 Sed
745 2114 892 2158 nescio
927 2128 1119 2171 quonam
1159 2119 1291 2172 pacto
1330 2116 1419 2158 iam
1459 2130 1691 2159 uersamur

222 2183 270 2226 in
299 2184 387 2227 fine
415 2184 536 2227 illius
563 2183 689 2228 cuius
723 2183 904 2226 initium
943 2184 1142 2227 nondum
1177 2185 1455 2243 agnouimus,
1486 2185 1604 2242 quod
1633 2185 1685 2228 in

220 2254 654 2319 m
669 2273 807 2320 stoyeis
823 2273 856 2309 A
988 2274 1030 2310 18
1056 2273 1215 2320 piu-10³0
1243 2274 1304 2311 his
1320 2274 1360 2310 M
1490 2284 1532 2311 αι
1560 2274 1691 2321 phy1<>

221 2331 290 2367 sop
317 2319 356 2357 ia
372 2320 412 2356 Μ
553 2331 598 2357 22
622 2320 876 2368 phylosophia
893 2321 933 2357 Μ
1075 2333 1121 2367 24
1146 2322 1223 2369 phy
1241 2321 1419 2369 osophiae
1438 2321 1478 2358 Μ

273 2408 311 2436 11
341 2401 503 2435 omnium
526 2401 725 2445 officiorum
749 2401 844 2436 etc.:
869 2400 916 2436 cf.
943 2387 1025 2436 val.
1053 2399 1155 2436 Max.
1181 2411 1213 2437 2.
1244 2401 1268 2437 6
1297 2399 1316 2447 ξ
1343 2411 1378 2445 4,
1397 2402 1436 2437 et
1462 2412 1587 2446 supra,
1615 2399 1639 2436 i.
1669 2411 1690 2446 3

222 2445 417 2530 890113ζέεο
443 2448 734 2540 Di⁸1i²iAr⁸ffa
859 2449 930 2530 etii.
946 2448 1102 2531 :CI-{sige
1111 2448 1327 2530 ξᾳτωιιὶωὶιί
1338 2447 1613 2531 nonbregpterij
1638 2448 1686 2484 cf.

223 2505 315 2588 §1⁰42
417 2520 473 2576 ἰε
498 2521 565 2576 Eat
580 2503 873 2595 &amttqfffa
893 2541 968 2578 Cio.
981 2507 1030 2596 221:
1049 2508 1117 2588 0273
1135 2506 1266 2589 {23¹5
1286 2507 1416 2589 1⁵3?¹⁰
1444 2522 1452 2531 ·
1473 2553 1513 2579 21
1537 2505 1692 2588 izi-{2305

213 2589 310 2634 phia
325 2589 487 2623 studium
500 2589 722 2633 sapientiae:
748 2587 822 2624 Cic.
840 2591 883 2625 de
901 2591 968 2634 Off.
986 2601 1026 2625 ιι.
1047 2600 1068 2625 2
1087 2589 1105 2636 ξ
1126 2598 1159 2636 5.
1259 2591 1303 2625 Vt
1318 2601 1400 2636 erqo
1416 2592 1578 2636 antiquis
1594 2593 1690 2627 etc.:

222 2634 302 2679 Quo
321 2637 471 2671 auctore
488 2634 591 2671 dicat
609 2646 704 2681 quae
719 2638 941 2682 sequuntur,
952 2636 1101 2680 nescim
1126 2637 1173 2674 de
1191 2636 1433 2684 philosophia
1446 2639 1486 2674 et
1501 2637 1690 2684 sapientia

222 2682 269 2720 cf.
285 2682 453 2727 Sen.Ep.
468 2683 514 2727 89
532 2681 574 2728 ἐξ
593 2692 674 2728 4-7.
816 2693 860 2719 22
878 2686 927 2720 ad
942 2686 1095 2720 ostium:
1121 2684 1325 2721 Markland
1343 2686 1352 2703 ‘
1365 2684 1418 2721 sic
1436 2697 1472 2731 p.
1489 2687 1581 2731 245,’
1600 2684 1640 2731 [i.
1654 2697 1686 2721 e.

222 2741 256 2766 c.
273 2740 317 2765 10
337 2730 404 2782 563·
415 2728 460 2782 A]
476 2730 485 2748 ‘
495 2727 749 2775 Anglicismus
764 2732 785 2748 ‘⁴
796 2729 939 2767 knocks
954 2733 995 2767 at
1012 2732 1078 2768 the
1095 2732 1187 2768 door
1199 2732 1243 2767 ’'.'
1284 2732 1381 2768 Nam
1395 2731 1530 2768 Latine
1541 2734 1690 2778 pulsare

221 2778 352 2814 ostium
368 2776 529 2818 dicitur;
552 2776 764 2812 notandum
785 2779 917 2814 tamen
940 2781 996 2815 est
1019 2778 1189 2815 Ambros.
1207 2781 1248 2814 in
1264 2781 1324 2816 Ps.
1348 2781 1460 2815 cxviii
1483 2781 1596 2816 Ser-m.
1622 2779 1687 2814 xii.

223 2823 242 2872 ξ
266 2834 308 2868 14
341 2835 388 2860 ex
411 2823 580 2860 versione
602 2823 761 2870 antiqua
793 2824 892 2861 Itala
923 2824 1034 2861 Cant.
1062 2838 1093 2861 v.
1121 2836 1142 2862 2
1171 2826 1317 2863 citare:
1346 2828 1424 2862 Vox
1445 2828 1588 2871 fratris
1619 2828 1691 2862 mei

219 2872 345 2918 pulsat
360 2873 409 2906 ad
424 2872 586 2906 ianuam.
744 2872 790 2907 28
814 2873 962 2908 initium
980 2875 1075 2910 etc.:
1100 2885 1132 2909 v.
1152 2875 1235 2920 Diy.
1251 2873 1276 2909 i.
1295 2884 1315 2910 2
1335 2872 1353 2920 ξ
1376 2884 1391 2911 1
1412 2879 1505 2910 certe
1520 2876 1691 2920 cuiusque

221 2920 276 2955 rei
287 2920 479 2965 potissima
488 2929 584 2964 pars
597 2919 824 2964 principium
841 2924 901 2956 eet.

1517 2984 1582 3020 319
