1994 3190
153 184 253 217 cAr.
266 172 420 229 xxvn]
665 169 1104 215 POLICRATIOVS
1639 174 1729 224 466
1751 185 1781 214 a

151 294 200 337 in
231 292 392 336 Endor.
451 291 671 348 Indignus
701 290 819 334 enim
854 292 951 333 erat
979 292 1302 336 consultatione
1333 293 1466 344 uirili,
1491 307 1622 350 quem

150 363 199 406 in
229 364 406 405 tantum
435 360 684 418 desperatio
715 359 912 417 fregerat
940 363 993 402 ut
1022 361 1158 403 etiam
1188 362 1246 404 ab
1275 363 1441 406 infimis
1476 366 1522 406 et
1555 364 1622 406 in-

150 430 414 475 firmissimis
471 429 687 472 creaturis
745 429 803 471 ad
852 429 1070 472 tuendum
1123 430 1208 472 sibi
1262 446 1462 488 regnum,
1505 432 1623 489 quod

151 499 368 544 Dominus
394 497 638 550 auferebat,
657 497 871 540 aduersus
897 498 1265 555 omnipotentiam
1290 501 1384 543 eius
1404 502 1622 543 auxilium

113 587 133 620 5
151 568 421 626 imploraret.
489 567 687 610 Mutauit
716 581 821 624 ergo
851 567 1055 610 habitum
1086 582 1217 610 suum
1248 570 1524 626 uestitusque
1555 574 1623 613 est

145 635 251 682 'aliis
271 636 559 686 uestimentis,
579 639 625 679 et
645 636 757 679 abiit
783 636 876 693 ipse
897 639 942 679 et
962 636 1051 679 duo
1070 637 1158 679 uiri
1179 652 1279 680 cum
1301 652 1362 688 eo,
1382 642 1621 682 uenerunt-

153 721 238 764 que
264 706 321 749 ad
348 705 576 748 mulierem
603 707 742 748 nocte.
803 705 937 748 Recte
965 705 1143 762 quidem
1167 706 1328 758 omnia,
1349 707 1454 762 quia
1478 711 1623 750 rectus
1642 708 1671 748 b

153 778 221 820 est
247 775 381 819 etiam
411 774 530 832 apud
555 788 784 831 peruersos
804 774 1002 831 Spiritus
1021 778 1213 818 sanctus.
1275 775 1414 832 Regio
1434 791 1625 833 namque

153 845 311 889 habitu
342 844 497 887 debuit
527 843 720 900 spoliari,
752 843 828 900 qui
862 843 919 886 ad
957 844 1240 887 seruiendum
1280 844 1541 888 demonibus
1581 849 1627 888 et

97 930 138 956 10
153 929 243 958 non
263 914 358 957 Deo
383 913 631 956 infaustum
655 913 907 970 arripuerat
932 913 1031 957 iter.
1093 914 1180 967 Qui
1209 918 1380 957 uestem
1406 915 1628 958 abiecerat

153 983 441 1034 innocentiae,
466 983 543 1040 qui
573 983 771 1025 iustitiae
798 985 1054 1026 mutauerat
1083 983 1407 1035 indumentum,
1427 984 1627 1027 uestibus

153 1053 333 1096 honoris
367 1055 413 1095 et
438 1052 605 1110 gloriae
635 1067 724 1095 non
755 1052 910 1095 debuit
940 1052 1159 1110 insigniri.
1219 1053 1277 1095 Et
1307 1053 1441 1105 abiit3
1471 1053 1627 1110 utique

147 1125 256 1181 -post
284 1137 397 1172 eum,
421 1121 498 1178 qui
527 1136 616 1164 non
646 1122 774 1164 stetit
803 1122 851 1164 in
881 1122 1100 1174 ueritate3
1130 1125 1175 1165 et
1202 1122 1291 1165 duo
1318 1122 1405 1165 uiri
1433 1137 1532 1166 cum
1564 1137 1628 1172 eo,

155 1191 357 1249 equidem
391 1191 673 1248 ignominiati
708 1194 754 1234 et
788 1191 1156 1248 ignominiabiles‚
1185 1192 1261 1249 qui
1289 1192 1361 1235 uel
1387 1207 1534 1249 regem
1571 1192 1628 1235 ad

98 1277 136 1314 ¹⁵
155 1264 328 1306 tantam
357 1261 587 1318 perfidiam
617 1275 707 1304 non
734 1261 981 1304 reluctante
1008 1261 1095 1304 fide
1125 1262 1330 1319 prosequi
1359 1265 1628 1318 potuerunt;

155 1331 431 1387 duorumque
458 1345 538 1374 rex
564 1330 773 1374 decenter
796 1331 993 1388 stipatur
1019 1331 1246 1383 comitatu,
1267 1331 1374 1374 dum
1401 1346 1429 1374 a
1455 1346 1630 1374 summa

156 1404 203 1446 et
221 1415 329 1444 uera
348 1400 522 1443 unitate
543 1400 777 1444 recederet.
822 1400 1138 1457 Veneruntque
1159 1401 1216 1443 ad
1237 1401 1467 1443 mulierem
1487 1405 1628 1451 nocte,

156 1473 263 1528 apto
291 1469 446 1526 utique
470 1472 669 1526 tempore
699 1470 754 1512 de
780 1474 923 1513 morte
954 1485 1108 1527 regum
1136 1470 1190 1513 de
1219 1474 1369 1527 strage
1393 1470 1545 1527 populi
1573 1470 1628 1513 de

157 1539 282 1584 luctu
308 1539 486 1597 publico
511 1554 611 1582 cum
636 1539 921 1582 tenebrarum
949 1540 1147 1597 principe
1171 1540 1422 1584 tractaturi.
1482 1539 1556 1583 Sic
1583 1542 1629 1583 et
1647 1554 1673 1585 c

100 1622 144 1648 πο
161 1609 368 1653 Salomon
406 1612 535 1652 nocte
581 1609 747 1652 dicitur
791 1610 1056 1666 sapientiam
1096 1610 1323 1667 accepisse,
1363 1610 1440 1666 qui
1481 1606 1657 1653 amore¹

158 1679 394 1723 mulierum
420 1679 604 1722 allectus
631 1682 677 1722 et
705 1682 939 1736 corruptus
970 1694 998 1722 a
1025 1679 1216 1722 Domino
1243 1682 1340 1722 erat
1369 1694 1630 1723 recessurus.

158 1749 315 1792 Petrus
345 1763 518 1805 quoque
548 1749 654 1791 dum
685 1749 829 1792 calore
858 1749 961 1791 fidei
1001 1749 1244 1792 destitutus
1283 1748 1544 1792 calefaceret
1583 1763 1630 1792 se

157 1818 216 1862 ad
235 1832 400 1876 prunas
421 1818 475 1861 de
494 1821 635 1870 nocte,
655 1819 806 1876 lapsus
826 1822 893 1862 est
913 1819 960 1861 in
987 1819 1219 1876 perfidiam
1250 1821 1295 1862 et
1322 1834 1418 1861 eam
1446 1819 1629 1862 crimine

158 1887 342 1946 periurii
362 1886 469 1931 fecit
483 1887 713 1946 insignem.
763 1889 854 1931 Alii
869 1888 1003 1931 etiam
1019 1888 1223 1945 discipuli
1245 1888 1404 1931 timore
1416 1888 1629 1945 prostrati

101 1971 144 2007 ²5
162 1961 357 2014 tempore
396 1960 613 2000 nocturno
653 1957 878 2015 fugerunt.
951 1958 1010 2001 Et
1049 1958 1114 2001 ait
1155 1958 1263 2001 Saul
1302 1958 1359 2001 ad
1399 1958 1630 2000 mulierem

161 2026 382 2084 (mulieres
430 2027 547 2070 enim
597 2027 876 2084 frequentius
915 2028 1100 2085 spiritus
1139 2028 1393 2085 phitonicus
1432 2027 1630 2084 implet):

159 2096 327 2140 Diuina
355 2096 464 2138 mihi
495 2096 543 2138 in
572 2097 767 2154 phitone,
788 2101 834 2140 et
863 2098 1027 2140 suscita
1056 2097 1166 2139 mihi
1194 2112 1324 2154 quem
1352 2096 1507 2139 dixero
1534 2097 1630 2139 tibi.

161 2165 278 2222 Lege
323 2165 469 2216 libros,
508 2166 687 2209 reuolue
736 2167 956 2218 historias,
996 2170 1194 2210 scrutare
1243 2181 1395 2209 omnes
1443 2166 1631 2222 angulos

162 2235 492 2292 scripturarum,
511 2249 730 2292 nusquam
761 2235 855 2279 fere
885 2236 932 2278 in
962 2236 1079 2279 bona
1102 2236 1426 2293 significatione
1456 2235 1630 2277 diuina-

103 2315 148 2350 30
164 2303 329 2347 tionem
367 2304 577 2348 inuenies.
652 2305 779 2348 Vnde
828 2306 1068 2363 prophetas
1108 2305 1316 2362 reprobos
1356 2305 1631 2347 diuinatores

163 2387 253 2416 non
281 2373 519 2430 prophetas
548 2389 641 2418 esse
669 2375 890 2432 scriptura
919 2378 1244 2426 commemorat,
1264 2374 1416 2432 quales
1446 2374 1633 2417 fuerunt

166 2490 188 2517 2
211 2479 269 2526 in]
287 2480 328 2516 ui
346 2480 374 2517 C
598 2491 642 2528 14
665 2481 960 2530 ignominabiles
976 2482 1064 2520 A2M
1292 2492 1336 2528 19
1360 2484 1551 2519 tractatur
1567 2481 1607 2518 M
1623 2494 1633 2519 ε

164 2527 386 2564 tractaturis
403 2526 428 2563 S

217 2622 235 2660 5
254 2615 417 2650 Mutauit
433 2616 527 2652 etc.:
550 2625 565 2652 1
580 2615 630 2652 Re
686 2614 813 2652 xxviii.
832 2617 864 2652 8.
962 2626 1005 2662 13
1023 2629 1096 2654 mm
1113 2618 1209 2653 stetit
1225 2618 1318 2654 etc.:
1339 2616 1471 2654 Ioann.
1482 2615 1560 2652 viii.
1573 2626 1634 2660 44.

169 2662 213 2698 16
229 2663 548 2708 duorumqueete..
568 2663 618 2699 cf.
631 2628 813 2700 ἕειᾞατᾶ.
823 2666 866 2699 de
880 2665 1022 2702 Consid.
1037 2664 1078 2700 ii.
1091 2667 1111 2701 8
1127 2664 1145 2711 ξ
1160 2665 1407 2718 15(MigneP.
1421 2666 1463 2699 L.
1478 2662 1631 2700 clxxxii.

167 2712 267 2754 752).
362 2718 408 2744 20
419 2710 585 2746 Salomon
598 2712 685 2747 etc:
705 2723 738 2747 v.
751 2722 771 2756 3
786 2711 880 2757 Reg.
893 2711 948 2747 iii.
963 2721 1093 2758 §seqq
1104 2712 1157 2747 ix.
1167 2711 1253 2747 init.
1337 2722 1382 2748 22
1399 2713 1529 2747 Petrus
1542 2714 1632 2746 eta:

167 2767 203 2791 v.
221 2755 330 2791 Matt.
355 2755 454 2791 xxvi.
469 2756 621 2799 ;Marc.
638 2757 712 2793 xiv.
723 2770 734 2811 ἱ
760 2757 852 2794 Luc.
868 2759 960 2796 xxii.
979 2759 1148 2802 ;.Ioann
1166 2758 1269 2794 xviii.
1364 2769 1409 2803 24
1435 2761 1515 2794 Alii
1533 2761 1631 2794 etc.:

165 2814 202 2839 v.
219 2802 332 2839 Matt.
350 2802 451 2838 xxvi.
471 2805 539 2850 56;
563 2804 681 2841 Marc.
695 2817 768 2842 xiv.
788 2815 846 2852 5ο
947 2816 990 2852 ²7
1019 2809 1160 2844 Diuina
1179 2808 1273 2844 etc.·
1302 2816 1317 2844 1
1339 2805 1433 2853 Reg.
1451 2805 1582 2841 xxviii.
1601 2807 1635 2842 8.

1462 2885 1522 2918 151
