1994 3190
211 198 309 232 cAP.
323 185 426 248 mv]
501 187 505 192 ’
715 185 1153 233 POLICRATICVS
1692 193 1776 244 508
1797 204 1828 234 a

208 308 326 359 tulit,
355 308 459 351 licet
489 307 748 366 plerumque
782 308 1195 365 impatientissimus
1234 309 1383 361 fuerit,
1417 313 1463 354 et
1501 313 1674 368 patrem

206 377 322 420 sicut
346 377 516 420 uirtute
534 377 600 420 ita
619 377 743 420 uitiis
767 380 1008 434 superaret.
1070 378 1226 420 Eidem
1250 394 1423 436 quoque
1451 380 1677 438 eleganter

205 448 251 488 et
284 459 388 489 uere
421 445 760 502 comprehensus
794 446 941 503 pirata
971 446 1181 489 scribitur
1214 449 1500 504 respondisse.
1560 448 1674 492 Cum
1692 448 1722 487 b

205 514 322 558 enim
349 514 603 558 Alexander
629 515 924 572 interrogaret
950 515 1058 572 quid
1085 515 1125 558 ei
1153 515 1382 559 uideretur
1411 518 1529 574 quod
1554 533 1675 562 mare

166 596 186 632 5
203 583 386 626 haberet
410 583 636 634 infestum,
656 583 731 626 ille
758 582 898 626 libera
921 584 1220 627 contumacia:
1251 585 1380 637 Quod
1401 587 1496 637 tibi,
1516 587 1676 644 inquit,

203 654 256 696 ut
276 655 327 696 tu
347 653 497 696 orbem
514 655 764 696 terrarum?
809 652 911 703 Sed,
931 653 1036 709 quia
1056 653 1102 696 id
1123 667 1204 710 ego
1231 658 1321 697 uno
1345 655 1527 711 nauigio
1548 655 1675 708 facio,

202 720 317 764 latro
346 736 502 775 uocor3
541 722 646 779 quia
672 725 724 765 tu
751 736 914 779 magna
942 721 1090 772 classe,
1120 722 1279 765 diceris
1310 722 1563 780 imperator.
1624 725 1674 769 Si

202 790 322 834 solus
361 794 407 834 et
439 794 596 849 captus
630 791 690 835 sit
724 790 989 841 Alexander,
1021 790 1137 834 latro
1176 792 1288 844 erit;
1337 792 1375 834 si
1415 793 1471 835 ad
1512 797 1673 836 nutum

202 858 384 903 Dionidi
409 861 560 918 populi
585 860 871 912 famulentur,
893 860 978 904 erit
1005 860 1218 904 Dionides
1243 861 1494 918 imperator.
1555 863 1674 906 Nam

144 942 186 967 10
203 929 320 986 quod
354 930 411 973 ad
445 945 621 974 causam
650 945 739 973 non
769 930 993 982 differunt,
1023 930 1110 973 nisi
1141 930 1245 987 quia
1275 931 1468 974 deterior
1498 935 1565 974 est
1596 934 1672 988 qui

201 999 320 1056 rapit
349 999 602 1057 improbius,
629 999 705 1056 qui
733 999 951 1042 iustitiam
982 999 1196 1043 abiectius
1223 999 1398 1050 deserit,
1426 1002 1502 1057 qui
1530 1003 1671 1044 mani-

201 1066 358 1111 festius
373 1068 607 1126 impugnat
621 1068 751 1126 leges.
791 1067 913 1121 Quas
928 1068 1044 1111 enim
1059 1083 1140 1126 ego
1156 1068 1292 1126 fugio,
1306 1072 1357 1112 tu
1372 1070 1647 1127 persequeris
1661 1086 1671 1123 3

200 1151 286 1195 ego
314 1140 552 1194 utcumque
586 1152 783 1189 ueneror,
815 1140 867 1181 tu
898 1138 1185 1196 contempnis.
1244 1139 1316 1182 Me
1347 1138 1554 1182 fortunae
1586 1140 1668 1182 ini-

201 1207 349 1264 quitas
377 1210 422 1250 et
451 1207 515 1250 rei
542 1206 776 1250 familiaris
803 1208 1024 1265 angustia,
1053 1211 1098 1251 te
1125 1207 1270 1251 fastus
1300 1208 1593 1252 intolerabilis
1623 1214 1668 1253 et

107 1312 109 1314 .
141 1287 182 1323 15
199 1276 477 1334 inexplebilis
500 1277 693 1320 auaritia
712 1276 857 1320 furem
879 1276 998 1321 facit.
1058 1277 1107 1321 Si
1130 1277 1312 1321 fortuna
1331 1283 1667 1330 mansuesceret,

197 1346 347 1389 fierem
379 1345 495 1389 forte
526 1346 704 1399 melior;
743 1349 792 1390 at
823 1349 875 1390 tu
911 1362 998 1404 quo
1039 1346 1322 1398 fortunatior,
1351 1349 1538 1405 nequior
1567 1349 1665 1392 eris.

197 1414 386 1467 Miratus
400 1416 654 1459 Alexander
668 1416 964 1460 constantiam
980 1417 1171 1460 hominis
1183 1432 1287 1460 eum
1303 1418 1462 1461 merito
1477 1433 1664 1476 arguen-
1683 1435 1706 1464 c

195 1484 278 1528 tis:
313 1485 540 1543 Experiar,
570 1486 727 1543 inquit,
757 1501 815 1528 an
846 1486 1028 1529 futurus
1062 1486 1122 1529 sis
1153 1487 1319 1537 melior,
1350 1486 1664 1545 fortunamque

196 1555 388 1606 mutabo,
407 1558 460 1598 ut
479 1571 567 1600 non
588 1556 628 1599 ei
649 1571 676 1599 a
703 1556 832 1599 modo
859 1556 977 1613 quod
1002 1556 1239 1613 deliqueris
1259 1557 1336 1599 sed
1357 1558 1447 1600 tuis
1468 1559 1665 1603 moribus

137 1640 178 1664 πο
196 1624 482 1668 adscribatur.
561 1625 675 1668 Eum
719 1626 870 1683 itaque
920 1626 1051 1669 iussit
1102 1627 1318 1670 conscribi
1366 1627 1565 1680 militiae,
1612 1633 1664 1672 ut

194 1697 342 1751 posset
368 1695 526 1738 exinde
546 1695 682 1739 saluis
702 1695 873 1753 legibus
893 1696 1096 1739 militare.
1157 1695 1244 1739 Sed
1265 1711 1320 1739 ne
1341 1711 1368 1740 a
1388 1697 1492 1740 solis
1512 1697 1663 1742 Grecis

193 1766 447 1808 mutuemur
475 1765 771 1808 instrumenta
800 1765 1035 1808 uirtutum.
1096 1765 1244 1823 Scipio
1270 1766 1533 1817 Affrieanus,
1560 1782 1661 1811 cum

193 1846 294 1876 eum
325 1847 482 1891 parum
515 1849 759 1892 pugnacem
800 1835 981 1892 quidam
1021 1838 1281 1892 arguerent:
1327 1836 1660 1893 Imperatorem,

193 1901 350 1960 inquit,
374 1918 444 1947 me
469 1906 613 1947 mater
637 1904 822 1961 peperit,
846 1919 935 1947 non
959 1904 1229 1948 bellatorem.
1290 1904 1460 1948 Marius
1487 1921 1660 1963 quoque

134 1981 175 2018 ²5
193 1986 292 2016 cum
305 1987 404 2016 eum
420 1971 676 2016 Theutonus
691 1973 870 2030 quidam
887 1973 943 2016 ad
958 1989 1134 2031 pugnae
1149 1977 1372 2018 certamen
1387 1980 1660 2032 prouocaoet,

191 2042 427 2099 respondit,
458 2043 496 2086 si
527 2043 713 2100 cupidus
744 2043 901 2086 mortis
933 2046 1058 2093 esset,
1092 2058 1138 2086 se
1172 2044 1314 2086 uitam
1347 2044 1504 2101 laqueo
1534 2060 1659 2102 posse

189 2111 348 2163 finisse,
388 2114 433 2155 et
471 2112 714 2169 sapientem
754 2127 843 2155 non
883 2115 975 2156 tam
1015 2128 1211 2170 pugnam
1252 2128 1384 2171 quam
1424 2115 1658 2158 uictoriam

191 2194 409 2238 quaerere.
479 2181 653 2224 Primus
692 2182 991 2225 Romanorum
1045 2183 1287 2240 imperator
1331 2184 1474 2227 Iulius
1521 2184 1658 2228 Cesar

190 2264 322 2307 quam
345 2250 664 2308 patientissime
689 2251 832 2294 multa
858 2252 1084 2296 sustinuit.
1144 2251 1258 2296 Cum
1282 2253 1399 2296 enim
1424 2254 1654 2297 caluitium
1671 2256 1701 2296 d

190 2383 232 2411 21
260 2374 376 2421 possit
391 2375 425 2411 A

238 2499 258 2525 2
283 2490 413 2525 Eidem
430 2490 521 2526 etc.:
546 2502 578 2526 v.
596 2490 691 2538 Aug.
707 2493 750 2527 de
769 2493 807 2529 0.
827 2494 873 2528 D.
893 2491 940 2528 iv.
960 2503 1003 2537 43
1029 2491 1075 2529 ef.
1093 2491 1168 2528 Cic.
1188 2494 1231 2528 de
1247 2494 1334 2539 Rep.
1354 2492 1410 2530 iii.
1428 2504 1469 2540 13
1489 2494 1506 2540 ξ
1528 2506 1595 2540 24;
1621 2509 1653 2533 v.

189 2534 389 2573 Woelfflin.
411 2538 508 2573 Caec.
526 2538 630 2573 Balb.
655 2550 691 2585 p.
711 2541 743 2575 6.
935 2549 956 2584 7
982 2542 1201 2586 imperator:
1227 2540 1330 2584 Quae
1348 2545 1558 2587 sequuntur
1575 2556 1652 2580 non

189 2583 292 2629 apud
309 2583 559 2629 Augustinum
583 2583 768 2631 invenies3
796 2586 922 2623 forsan
947 2599 1031 2622 cum
1058 2588 1204 2633 piratae
1234 2587 1399 2631 nomine,
1422 2590 1521 2635 quod
1547 2592 1652 2628 tacet

188 2630 431 2676 Augustinus,
448 2641 494 2667 ex
510 2630 700 2668 Ciceronis
717 2635 760 2668 de
775 2635 970 2680 Republica
988 2634 1096 2676 libro,
1115 2635 1179 2670 ubi
1194 2634 1316 2672 Nonio
1334 2638 1488 2672 auctore
1506 2638 1651 2674 factum

189 2675 304 2713 fuisse
321 2678 513 2713 narratum
531 2677 707 2725 novimus,
724 2680 911 2727 excerpsit
928 2681 1088 2717 Ioannes
1100 2684 1238 2718 noster.
1347 2694 1390 2718 22
1416 2685 1537 2730 Scipio
1556 2688 1626 2722 etc.
1642 2699 1650 2722 :

189 2736 221 2760 v.
238 2723 408 2760 Frontin.
425 2726 534 2760 Strat.
553 2725 600 2762 iv.
619 2735 639 2770 7
659 2726 676 2773 ξ
695 2737 729 2772 4.
842 2738 887 2772 24
912 2730 1058 2764 Marius
1074 2731 1145 2765 etc.
1163 2742 1171 2764 ε
1196 2742 1228 2765 v.
1243 2729 1415 2766 Frontin.
1435 2733 1545 2767 Strat.
1565 2733 1611 2769 iv.
1629 2743 1650 2778 7

191 2770 210 2817 ξ
231 2780 262 2818 5.
407 2781 450 2816 27
477 2777 509 2807 et
524 2774 718 2818 sapientem
735 2775 829 2811 etc.:
854 2775 956 2811 haud
974 2787 1020 2812 ex
1037 2775 1230 2813 Frontino.
1375 2788 1420 2824 29
1448 2779 1538 2814 Cum
1555 2783 1650 2816 enim

190 2821 284 2857 etc.:
308 2830 342 2856 v.
360 2817 464 2855 Suet.
480 2820 554 2855 Iul.
572 2829 628 2866 45.

256 2889 337 2909 wass
864 2888 892 2916 G
919 2890 947 2927 g
1472 2895 1513 2918 22
1520 2896 1538 2929 5
