1994 3190
222 169 312 219 496
330 167 360 208 d
707 165 969 210 IOANNIS
998 164 1512 210 SARESBERIENSIS
1655 165 1766 222 [ΗΒ.
1780 174 1842 208 111
1876 154 1914 188 ¹-
1961 149 1971 159 ’“

375 287 541 345 cipitur
569 282 751 330 simulat
778 286 982 338 uoluisse,
1012 285 1219 343 facitque,
1242 286 1378 330 immo
1405 286 1586 329 uidetur
1614 285 1759 329 facere
1788 283 1844 327 de

376 356 637 400 necessitate
666 356 893 407 uirtutem,
917 356 1024 411 dum
1053 355 1306 399 necessitati
1325 356 1474 413 iungit
1502 369 1774 404 consensum,
1798 355 1846 397 et

378 425 496 483 quod
529 426 747 469 incumbit
778 428 1010 483 gratanter
1047 425 1340 482 amplectitur.
1401 425 1488 468 Hic
1526 439 1658 482 porro
1695 423 1846 466 nullae

377 498 484 538 sunt
512 498 662 552 partes
691 509 824 538 uerae
853 498 932 538 aut
961 495 1180 553 ingenuae
1209 494 1441 545 libertatis,
1470 494 1547 536 ubi
1582 496 1728 536 totum
1759 492 1845 535 sibi

378 564 578 607 adulatio
608 564 827 615 uendicat,
855 565 1034 606 uanitas
1062 567 1219 614 totum,
1248 563 1472 619 nichilque
1500 562 1683 605 ueritati
1712 561 1845 604 relin-
1863 579 1883 614 ⁵

379 633 534 690 quitur
562 636 643 676 aut
670 633 842 676 uirtuti.
901 633 1215 675 Adulationem
1245 647 1352 675 uero
1381 632 1476 675 sine
1506 632 1607 674 dolo
1637 646 1730 674 esse
1755 645 1847 674 non

379 702 569 755 dubites,
607 717 708 746 cum
754 702 802 744 in
845 702 1127 745 adulatorum
1169 715 1356 758 persona
1398 701 1453 744 de
1499 715 1546 743 se
1583 700 1848 743 confiteatur

230 785 317 827 497
335 787 365 816 a
383 772 534 815 Gnato
562 771 691 829 quia:
723 770 836 815 Cum
864 771 1057 814 maxime
1086 771 1267 827 decipio,
1287 774 1394 813 tunc
1421 770 1659 826 triumpho.
1720 768 1847 812 Sicut

379 842 498 885 enim
527 841 629 885 finis
651 840 839 884 oratoris
869 843 936 883 est
961 840 1227 897 persuasisse
1258 839 1461 890 dictione,
1483 838 1642 882 medici
1671 851 1847 882 curasse
1969 883 1972 894 ζ

371 911 608 965 medicina,
647 910 710 954 sic
752 909 995 953 adulatoris
1040 909 1142 952 finis
1188 911 1256 952 est
1297 908 1576 965 suauiloquio
1615 907 1846 964 decepisse.
1865 923 1908 950 ιο

380 980 499 1024 Nam
531 983 578 1024 et
1955 972 1959 978 ’

477 1069 629 1113 fistula
657 1068 784 1111 dulce
813 1067 946 1119 canit,
975 1063 1199 1110 uolucrem
1229 1067 1335 1110 dum
1366 1066 1531 1124 decipit
1559 1078 1746 1123 auceps3

381 1161 427 1202 et
447 1172 619 1201 uenena
638 1156 934 1215 propinantur
951 1156 1080 1199 melle
1100 1155 1359 1206 circumlita,
1380 1169 1467 1212 quo
1494 1154 1626 1199 citius
1645 1156 1846 1198 noceant.

380 1227 546 1271 Verum

544 1316 634 1345 non
663 1304 732 1345 est
760 1301 808 1343 in
836 1300 1005 1344 medico
1034 1315 1206 1358 semper
1234 1299 1457 1343 releuetur
1486 1302 1539 1342 ut
1568 1314 1682 1356 eger,
1866 1316 1908 1352 15
1947 1288 1969 1354 ’ἢ

363 1390 428 1432 ‚et
453 1387 587 1430 finem
616 1401 759 1439 suum,
784 1386 860 1443 qui
891 1386 938 1428 in
967 1385 1107 1428 altero
1136 1387 1214 1435 est,
1234 1388 1384 1428 orator
1413 1399 1503 1428 non
1532 1399 1704 1442 semper
1733 1398 1848 1428 asse-

382 1457 547 1514 quitur.
606 1455 681 1499 Sic
709 1455 915 1498 adulator
943 1454 1121 1511 quidem
1155 1469 1244 1497 non
1275 1468 1447 1511 semper
1480 1453 1655 1511 decipit,
1685 1457 1765 1497 aut
1794 1453 1850 1498 de

382 1527 522 1570 amico
551 1525 813 1582 triumphat.
874 1524 983 1567 Fine
1013 1527 1163 1567 tamen
1188 1538 1274 1567 -suo
1303 1538 1392 1566 non
1422 1523 1694 1576 destituitur,
1724 1523 1762 1567 si
1792 1538 1850 1567 ex

381 1594 741 1652 contingentibus
767 1593 904 1637 nichil
930 1593 1138 1636 omiserit.
1198 1592 1292 1636 Nec
1319 1592 1437 1635 enim
1463 1592 1617 1635 Vlixes
1641 1592 1848 1636 Sirenum
1943 1639 1945 1644 ,

381 1678 511 1708 uoces
530 1662 685 1715 euasit,
705 1662 822 1719 quod
849 1662 889 1706 ei
912 1661 1082 1719 aliquid
1105 1661 1342 1704 suauitatis
1368 1661 1538 1704 deesset
1561 1661 1622 1704 ad>
1643 1662 1848 1719 gratiam,
1867 1678 1914 1704 πο
1928 1654 1961 1711 ἴ,

336 1745 366 1784 b
384 1733 461 1777 sed
495 1732 600 1790 quia
634 1731 827 1775 stimulis
859 1730 1105 1788 uoluptatis
1136 1733 1182 1773 et
1215 1730 1599 1774 meretricantibus
1633 1731 1851 1775 illecebris
1960 1728 1962 1730 ’

384 1802 600 1846 uanitatis
638 1800 803 1844 solidae
843 1800 1027 1843 uirtutis
1065 1803 1330 1857 opposuerat
1371 1800 1517 1844 robur.
1593 1800 1852 1857 Temptator

383 1885 556 1929 quoque
588 1869 850 1913 Pharisaeus
878 1871 924 1912 et
962 1869 1243 1912 Herodianus
1280 1868 1513 1912 insidiator
1539 1883 1649 1926 quas
1679 1869 1852 1925 fraudis

383 1955 489 1984 suae
509 1954 597 1983 non
618 1939 823 1982 adhibuit
849 1942 978 1990 artes,
999 1941 1051 1981 ut
1080 1952 1180 1981 eum
1205 1941 1382 1995 caperet
1407 1938 1454 1980 in
1478 1953 1677 1982 sermone
1697 1939 1852 1997 lingua
1946 1978 1960 1983 ,

384 2009 546 2059 dolosa,
581 2009 628 2051 in
662 2008 788 2052 cuius
827 2022 901 2052 ore
937 2022 1026 2051 non
1058 2011 1126 2050 est
1159 2007 1369 2050 inuentus
1408 2007 1564 2052 dolus?
1624 2008 1850 2067 Magister,
1869 2003 1910 2066 η
1942 1996 1957 2050 3.-

384 2079 542 2136 inquit,
562 2078 723 2122 scimus
743 2077 848 2135 quia
867 2092 1005 2120 uerax
1032 2092 1089 2127 es,
1110 2080 1155 2120 et
1178 2077 1297 2119 uiam
1319 2077 1402 2120 Dei
1428 2077 1475 2120 in
1502 2078 1692 2122 ueritate
1712 2078 1852 2130 doces,
1938 2076 1939 2079 ’
1958 2079 1961 2082 ’

384 2151 430 2192 et
451 2163 538 2191 non
557 2150 624 2190 est
644 2146 725 2190 tibi
755 2161 861 2191 cura
889 2146 943 2189 de
970 2146 1130 2203 aliquo,
1151 2160 1292 2203 neque
1319 2146 1435 2189 enim
1463 2147 1624 2204 accipis
1642 2161 1853 2205 personas

384 2217 625 2261 hominum.
685 2215 803 2270 Quid
824 2229 986 2273 quaeso
1006 2215 1243 2259 blandius?
1302 2215 1390 2258 Sed
1417 2215 1544 2259 dolus
1572 2231 1658 2274 quo
1685 2217 1853 2270 tendat,

389 2317 432 2354 18
455 2314 503 2362 si]
521 2314 586 2353 sed
603 2314 642 2351 M
788 2323 835 2350 20
858 2311 1059 2350 suauitatis
1076 2311 1220 2359 aliquid
1238 2312 1270 2349 A

438 2406 466 2440 1.
483 2406 504 2433 2
523 2398 648 2443 sacen
673 2396 716 2432 de
744 2396 947 2432 manunt·
975 2395 1168 2430 uir-eutem:
1204 2393 1359 2431 Hieron.
1388 2396 1493 2441 Apol.
1522 2397 1602 2432 adv.
1631 2397 1719 2442 Rus.
1747 2394 1802 2434 iii.
1830 2406 1852 2435 2
1925 2406 1952 2434 ·-.,

388 2443 535 2528 (Μᾶςοο
560 2445 601 2480 Ρ.
626 2444 669 2480 L.
695 2441 802 2480 xxiii.
830 2444 927 2491 458).
1080 2443 1102 2478 8
1130 2442 1221 2477 Cum
1248 2444 1403 2477 maxime
1428 2445 1523 2479 etc.:
1549 2442 1642 2480 haec
1667 2455 1852 2490 nusquam
1932 2438 1948 2490 η’

386 2503 410 2529 a
471 2491 639 2528 nathone
666 2490 705 2526 in
730 2488 900 2526 Terentii
926 2489 1103 2525 Eunucho
1128 2488 1234 2525 dieta
1261 2488 1444 2535 reperies;
1477 2489 1524 2526 cf.
1547 2492 1677 2528 tamen
1703 2492 1854 2529 Haueon
1938 2487 1951 2502 ”

390 2540 481 2576 Tim.
501 2538 548 2575 iv,
566 2548 598 2576 2.
669 2538 852 2583 triumpho
875 2538 908 2571 εἰ
932 2538 1011 2572 licet
1030 2548 1083 2571 me
1105 2537 1213 2572 latere
1238 2541 1322 2572 tecto
1348 2538 1540 2574 abscedere.
1662 2548 1702 2575 1²
1718 2540 1853 2585 fistula
1935 2554 1939 2579 ς

387 2589 483 2625 etc:
510 2586 605 2623 Cato
623 2546 716 2622 zise.
732 2584 756 2622 i.
769 2593 812 2639 27
828 2582 1035 2629 (Baebi-cn·
1053 2584 1147 2638 ζζοοι.
1166 2585 1246 2637 Lqe.
1265 2585 1357 2620 Min.
1377 2583 1429 2620 iii.
1450 2586 1546 2639 230).
1647 2596 1688 2632 13
1713 2598 1855 2623 uenena
1935 2622 1938 2639 ,

387 2635 489 2671 meua
505 2634 724 2669 civ-cumeum
752 2631 906 2668 Hieron.
925 2632 994 2677 Ep.
1013 2642 1095 2667 cvn.
1114 2632 1137 2667 6
1156 2630 1300 2674 ‹Mngno
1319 2633 1359 2667 1².
1377 2634 1417 2668 1).
1432 2632 1522 2669 xxii.
1539 2631 1625 2679 873)
1642 2646 1650 2676 ;
1676 2632 1724 2670 cf.
1741 2644 1855 2681 supra
1938 2639 1942 2646 '

386 2693 418 2719 ο.
435 2682 459 2718 6
478 2681 563 2726 (486
573 2681 622 2725 c).
768 2689 779 2715 ι
834 2690 908 2715 non
927 2683 977 2714 ut
995 2681 1085 2715 etc:
1110 2678 1175 2715 Ον.
1195 2679 1297 2715 I'ont.
1316 2679 1340 2714 i.
1357 2689 1389 2724 3.
1406 2688 1456 2724 ¹7·
1604 2690 1616 2716 1
1669 2681 1742 2717 Nec
1758 2683 1855 2719 enim
1931 2707 1937 2725 ι

393 2729 514 2765 ruva
537 2732 630 2765 etc:
656 2726 704 2765 cf.
721 2725 792 2763 Am
822 2737 889 2763 ron.
906 2727 1041 2773 Expon.
1058 2726 1195 2772 Bruma.
1217 2738 1280 2762 uec.
1302 2727 1387 2762 Luc.
1410 2726 1457 2762 iv.
1475 2737 1506 2770 2,
1534 2737 1554 2774 3
1582 2729 1593 2773 (
1640 2727 1727 2774 igne
1752 2730 1792 2766 P.
1809 2730 1854 2767 L.
1940 2737 1952 2757 ¹

387 2777 561 2819 xv.1612,
581 2775 667 2821 1613
686 2801 696 2811 .
833 2782 878 2810 η
907 2774 1114 2819 Temptator
1125 2775 1221 2810 etc:
1248 2785 1279 2810 v.
1298 2773 1405 2811 Matt.
1424 2773 1513 2813 xxii.
1534 2776 1577 2813 16
1587 2786 1687 2823 seqq.
1806 2784 1850 2824 25
1932 2771 1949 2787 ”

387 2824 661 2861 incusamus
705 2819 1062 2860 ammonitu.
1935 2821 1937 2828 ⁴

500 2886 564 2922 ²0⁴
