1994 3190
238 147 317 188 523
336 138 366 177 b
713 135 973 180 IOANNIS
1014 135 1528 180 SARESBERIENSIS
1671 124 1788 198 [ΗΒ.
1803 149 1854 183 1v

385 256 553 300 ueritas
571 256 799 314 patefacta
818 260 886 300 est
905 259 951 300 et
969 257 1144 300 iustitia
1163 256 1218 300 de
1232 256 1324 300 celo
1343 257 1583 315 prospexit,
1604 273 1713 315 quos
1732 257 1854 301 uitae

385 326 666 369 commendat
704 326 913 369 meritum
953 329 999 369 et
1036 326 1178 369 bonae
1217 326 1437 383 opinionis
1477 327 1586 370 odor
1619 331 1665 370 et
1702 327 1854 370 unitas

387 395 584 439 fidelium
622 399 703 439 aut
747 397 1046 453 praelatorum
1086 396 1275 453 diligens
1320 396 1603 453 prouidentia
1649 397 1697 439 in
1742 410 1854 454 opus

385 465 622 508 ministerii
640 465 903 523 segreganit,
917 465 1111 522 Spiritus
1129 465 1325 522 applicat
1344 465 1400 508 ad
1421 466 1665 509 Leuiticam
1685 466 1854 509 tribum

387 536 433 578 et
471 534 690 592 legitimos
729 534 928 578 instituit
967 534 1225 579 sacerdotes.
1296 534 1523 578 Adicitur:
1574 535 1633 578 Et
1672 535 1855 578 habebit
1873 550 1892 585 5

386 618 545 654 secum,
566 603 768 660 legetque
792 603 903 646 illud
930 603 1134 646 omnibus
1157 603 1312 646 diebus
1339 604 1460 647 uitae
1484 619 1600 647 suae.
1658 604 1855 647 Attende

386 676 555 729 quanta
596 673 755 716 debeat
794 687 887 715 esse
927 672 1160 729 diligentia
1198 672 1411 730 principis
1451 673 1499 715 in
1538 673 1634 730 lege
1674 673 1855 716 Domini

387 742 686 792 custodienda,
714 741 790 799 qui
821 756 917 784 eam
947 755 1119 798 semper
1147 741 1310 784 habere
1339 742 1484 799 legere
1510 742 1782 799 praecipitur
1811 745 1857 786 et

387 811 627 862 reuoluere‚
653 811 769 854 sicut
799 811 895 853 Rex
923 825 1090 867 regum,
1116 809 1263 853 factus
1293 825 1349 853 ex
1378 811 1573 862 muliere,
1600 811 1746 854 factus
1773 811 1856 854 sub

388 881 496 938 lege,
517 895 691 924 omnem
712 880 916 937 impleuit
935 879 1154 921 iustitiam
1182 879 1305 937 legis,
1326 880 1366 922 ei
1387 895 1477 923 non
1497 881 1758 924 necessitate
1779 881 1856 924 sed
1876 895 1919 920 10
1938 898 1945 903 ·

347 957 374 988 c
393 950 624 993 uoluntate
645 949 868 993 subiectus
881 963 891 1002 3
928 949 1033 1005 quia
1057 948 1104 990 in
1129 948 1225 1006 lege
1245 949 1456 992 uoluntas
1481 950 1587 1001 eius,
1607 953 1653 993 et
1681 951 1730 994 in
1759 950 1856 1008 lege

390 1019 570 1062 Domini
606 1019 848 1062 meditatus
883 1021 950 1061 est
985 1017 1056 1060 die
1085 1032 1136 1062 ac
1166 1020 1306 1062 nocte.
1366 1018 1495 1072 Quod
1525 1020 1563 1062 si
1594 1020 1668 1063 ille
1698 1021 1746 1063 in
1775 1020 1858 1064 hac

389 1091 516 1146 parte
543 1103 633 1131 non
660 1088 857 1131 creditur
883 1086 1128 1129 imitandus
1156 1087 1232 1144 qui
1261 1102 1350 1131 non
1382 1103 1538 1146 regum
1565 1089 1753 1146 gloriam
1781 1089 1859 1132 sed

389 1159 589 1202 fidelium
609 1157 840 1215 amplexus
862 1159 930 1199 est
949 1159 1258 1214 paupertatem
1276 1160 1322 1201 et
1340 1157 1526 1202 indutus
1541 1158 1685 1202 forma
1705 1158 1858 1202 seruili

391 1228 721 1272 reclinatorium
742 1226 877 1284 capiti
902 1240 991 1268 non
1013 1226 1235 1282 quaesiuit
1258 1227 1306 1269 in
1332 1228 1464 1271 terris
1490 1231 1536 1272 et
1555 1228 1857 1287 interrogatus
1877 1243 1918 1278 15

390 1313 418 1341 a
449 1298 592 1341 iudice
622 1311 808 1355 regnum
839 1310 969 1339 suum
999 1295 1054 1338 de
1083 1296 1165 1339 hoc
1194 1297 1361 1340 mundo
1390 1312 1480 1341 non
1510 1313 1603 1342 esse
1632 1299 1859 1342 confessus

396 1371 475 1418 est,
524 1367 758 1424 proficiant
806 1366 879 1408 uel
926 1365 1129 1422 exempla
1173 1381 1328 1424 regum
1375 1367 1618 1411 illustrium
1669 1383 1859 1425 quorum

391 1437 604 1480 memoria
635 1437 682 1478 in
698 1451 702 1455 ·
719 1435 1021 1479 benedictione
1057 1438 1134 1479 est.
1195 1435 1440 1480 Procedant
1474 1452 1579 1495 ergo
1613 1438 1668 1482 de
1702 1437 1860 1482 castris

391 1506 529 1550 Israel
551 1506 712 1556 Dauid,
726 1505 935 1548 Ezechias
956 1508 1001 1548 et
1016 1504 1157 1549 Iosias
1177 1509 1223 1549 et
1242 1507 1376 1550 ceteri
1392 1507 1468 1564 qui
1489 1507 1536 1549 in
1557 1522 1608 1550 eo
1627 1507 1711 1550 sibi
1732 1507 1859 1565 regni

390 1577 577 1635 gloriam
609 1577 810 1619 constare
839 1575 1088 1626 credebant,
1117 1575 1155 1618 si
1190 1575 1274 1619 Dei
1305 1579 1565 1634 quaerentes
1594 1577 1781 1635 gloriam
1811 1591 1858 1621 se
1878 1593 1921 1618 πο

391 1650 437 1691 61
452 1646 653 1690 subditos
668 1645 847 1688 diuinae
862 1645 972 1702 legis
988 1645 1176 1688 nexibus
1191 1646 1469 1692 innodarent.
1527 1646 1586 1690 Et
1605 1662 1661 1690 ne
1680 1647 1859 1691 illorum

346 1720 374 1760 d
394 1719 563 1759 remota
586 1715 827 1757 uideantur
850 1714 1064 1771 exempla,
1085 1717 1130 1758 et
1157 1730 1213 1758 ex
1239 1730 1291 1758 6ο
1317 1715 1541 1773 sequenda
1563 1716 1722 1767 minus,
1742 1715 1861 1774 quod

393 1801 421 1829 a
455 1786 551 1843 lege
588 1799 738 1828 eorum
770 1788 816 1827 61
852 1784 943 1826 ritu
973 1799 1156 1841 operum
1191 1787 1237 1828 et
1272 1785 1499 1843 religionis
1528 1786 1652 1830 cultu
1683 1789 1729 1829 et
1756 1785 1861 1830 fidei

394 1854 666 1914 professione
687 1853 1008 1910 aliquantisper
1032 1854 1237 1897 uidemur
1263 1855 1495 1899 abscedere
1526 1855 1647 1912 (licet
1666 1855 1794 1899 nobis
1815 1857 1862 1898 et

394 1925 482 1968 illis
512 1923 664 1967 eadem
695 1922 804 1965 fides
835 1923 906 1974 sit,
937 1923 1002 1965 ita
1031 1926 1181 1967 tamen
1212 1927 1274 1974 ut,
1306 1924 1423 1981 quod
1453 1924 1520 1967 illi
1550 1924 1755 1968 futurum
1786 1939 1860 1967 ex·
1881 1939 1922 1974 ²⁵

393 1993 644 2052 pectebant,
674 2007 753 2035 nos
783 2007 839 2035 ex
871 1995 997 2049 parte
1029 2007 1192 2050 magna
1226 1994 1497 2051 gaudeamus
1527 1996 1572 2037 et
1601 2009 1864 2037 ueneremur

394 2063 640 2121 impletum,
660 2061 843 2104 abiectis
863 2064 1041 2104 tantum
1062 2062 1232 2105 umbris
1247 2063 1490 2120 figurarum
1512 2077 1567 2106 ex
1589 2078 1675 2120 quo
1695 2063 1863 2107 ueritas

393 2133 449 2176 de
479 2135 599 2175 terra
628 2134 728 2174 orta
758 2134 826 2173 est
856 2133 901 2173 61
934 2131 979 2172 111
1013 2133 1250 2188 conspectu
1278 2131 1481 2189 gentium
1514 2132 1752 2188 reuelata);
1795 2146 1862 2184 ne,

395 2203 590 2259 inquam,
611 2201 787 2244 illorum
809 2201 934 2257 quasi
959 2201 1105 2244 aliena
1131 2204 1212 2244 aut
1238 2201 1468 2258 prophana
1491 2204 1864 2259 contempnantur

396 2271 609 2328 exempla,
637 2269 958 2316 Constantinus
994 2272 1157 2322 noster,
1187 2270 1470 2321 Theodosius,
1506 2270 1782 2314 Iustinianus
1817 2274 1864 2315 et
1881 2288 1924 2323 3ο

397 2342 485 2386 Leo
524 2344 569 2384 et
609 2340 684 2382 alii
726 2338 1094 2383 christianissimi
1136 2339 1355 2397 principes
1395 2339 1637 2398 principem
1678 2344 1864 2398 possunt

396 2416 415 2477 3
445 2427 658 2482 legittimus
677 2426 776 2462 BSM
920 2426 966 2462 26
990 2425 1222 2472 gaudeamus
1239 2437 1379 2474 magna
1395 2426 1428 2461 A

446 2507 464 2545 5
492 2499 540 2534 Ee
558 2499 695 2533 habebit
712 2499 783 2533 etc.
801 2509 808 2532 z
836 2495 947 2532 Dent.
967 2494 1052 2532 xvii.
1075 2506 1127 2542 19.
1304 2506 1327 2542 9
1342 2499 1470 2542 sactus
1485 2498 1557 2534 etc.
1576 2509 1584 2533 ε
1611 2509 1642 2534 v.
1662 2495 1743 2535 Gal.
1762 2496 1808 2534 iv.
1826 2509 1862 2544 4.

400 2556 444 2583 ιο
468 2557 606 2582 omnem
624 2547 718 2580 cta:
745 2556 777 2579 v.
798 2543 908 2581 matt.
926 2542 979 2579 iii.
1004 2553 1054 2590 15.
1193 2553 1230 2580 11
1260 2546 1301 2579 in
1319 2545 1390 2589 leyoe·
1407 2546 1503 2581 etc.:
1532 2544 1590 2581 Pa.
1609 2543 1632 2581 i.
1651 2555 1685 2582 2.
1821 2555 1862 2582 12

398 2595 482 2629 ille:
518 2605 566 2628 nc.
592 2591 774 2627 christus.
938 2601 978 2635 ¹4
1005 2593 1156 2626 indueus
1179 2593 1274 2628 eta:
1309 2604 1339 2629 v.
1365 2591 1531 2639 Philipp.
1558 2591 1597 2629 ii.
1625 2601 1656 2637 7.
1821 2602 1860 2640 15

396 2641 667 2695 rufinam-ium
685 2641 780 2675 etc:
807 2649 838 2674 v.
857 2637 967 2675 Mati.
985 2637 1060 2695 Yffi·
1088 2649 1144 2675 20.
1235 2684 1246 2698 ,
1298 2640 1539 2693 {pter-reynette
1552 2642 1647 2676 eta:
1680 2651 1710 2676 v.
1732 2638 1862 2698 Ioann.

398 2699 500 2773 zain.
517 2688 770 2770 {il‘zffixxxiw
790 2687 843 2770 ig.
857 2687 1139 2778 mrnoylaleetoc.:.
1151 2698 1199 2771 eg:
1217 2684 1517 2781 111)ιὲἑέἐέὶέἒο
1535 2733 1586 2771 VI
1604 2693 1866 2781 Phisssbissiiasff

399 2781 647 2821 Builieorum
666 2793 762 2828 quac
782 2782 964 2818 vocantur
980 2783 1123 2818 auctor.

511 2863 571 2898 ²5²
